1972 3356
352 235 424 278 254
582 236 621 270 C.
651 234 778 269 JULII
807 232 1028 268 CAESARIS
1059 232 1321 270 COMMENT.
1351 237 1496 273 LIBER

350 337 450 364 cum
488 334 646 379 magno
678 317 875 378 equitatu
907 315 1078 378 levique
1106 328 1327 363 armatura
1357 320 1639 366 insidiaturus
1668 323 1729 368 lo-

351 401 410 443 cis
436 397 601 443 idoneis
625 397 834 442 consedit.

412 481 571 525 LXVI.
599 481 744 524 Caesar
771 480 944 524 interim
972 478 1027 524 de
1055 479 1222 524 insidiis
1247 481 1431 525 Labieni
1456 498 1508 526 ex
1536 483 1730 546 perfugis

348 563 508 606 certior
535 560 675 605 factus
691 594 702 616 ,
725 576 887 620 paucos
903 559 993 604 dies
1017 560 1076 604 ibi
1102 571 1417 617 commoratus,
1457 561 1561 607 dum
1587 563 1730 609 hostes

350 642 610 705 quotidiano
635 642 861 697 instituto,
890 657 1000 702 saepe
1029 640 1142 685 idem
1167 641 1395 699 faciendo,
1430 644 1473 687 in
1508 642 1731 706 negligen-

351 725 456 768 tiam
477 722 829 780 adducerentur,
868 722 1012 767 subito
1049 739 1178 767 mane
1208 723 1417 785 imperat,
1453 734 1576 786 porta
1602 724 1731 770 decu-

351 822 477 849 mana
501 804 695 867 legiones
720 820 763 848 se
786 820 869 848 v¹11
899 814 1125 848 veteranas
1148 820 1247 848 cum
1280 814 1402 866 parte
1428 806 1645 866 equitatus
1670 823 1729 851 se-

348 887 446 947 qui,
479 896 610 947 atque
648 885 868 946 equitibus
894 885 1148 946 praemissis,
1183 901 1325 946 neque
1362 888 1594 948 opinantes
1632 887 1730 931 insi-

347 967 536 1012 diatores
571 967 744 1023 subito,
779 967 823 1009 in
859 964 1132 1010 convallibus
1164 964 1365 1021 latentes,
1394 966 1477 1011 levi
1506 977 1728 1013 armatura

346 1048 539 1093 concidit
561 1048 734 1092 circiter
763 1063 820 1104 D;
844 1046 1035 1108 reliquos
1059 1047 1102 1091 in
1125 1047 1272 1108 fugam
1300 1048 1597 1110 turpissimam
1625 1066 1728 1094 con-

342 1130 458 1190 jecit.
488 1129 672 1173 Interim
697 1129 920 1173 Labienus
948 1145 1047 1172 cum
1064 1130 1268 1173 universo
1296 1129 1493 1190 equitatu
1521 1129 1728 1192 fugienti-

343 1211 424 1254 bus
469 1210 557 1255 suis
601 1211 823 1272 suppetias
868 1211 1073 1255 occurrit.
1123 1211 1258 1272 Cujus
1298 1210 1384 1254 vim
1434 1209 1728 1255 multitudinis

343 1308 480 1352 quum
519 1293 686 1353 equites
712 1291 841 1353 pauci
878 1291 1113 1336 Caesariani
1145 1292 1236 1353 jam
1269 1292 1483 1336 sustinere
1518 1308 1605 1336 non
1636 1307 1729 1353 pos·

343 1382 464 1428 sent,
489 1373 634 1416 Caesar
661 1373 896 1417 instructas
924 1371 1117 1434 legiones
1139 1372 1330 1416 hostium
1358 1372 1495 1433 copiis
1522 1371 1725 1416 ostendit.

342 1453 444 1510 Quo
469 1452 584 1498 facto
608 1453 842 1514 perterrito
871 1453 1072 1498 Labieno
1097 1469 1146 1496 ac
1170 1452 1416 1509 retardato,
1442 1469 1542 1497 suos
1562 1453 1728 1514 equites

342 1534 507 1594 recepit
533 1533 788 1578 incolumes.
815 1536 998 1579 Postero
1026 1532 1095 1578 die
1112 1534 1224 1578 Juba
1254 1532 1471 1579 Numidas
1503 1550 1596 1587 eos,
1624 1534 1727 1594 qui,

343 1613 440 1658 loco
462 1615 642 1671 amisso,
671 1614 775 1676 fuga
802 1631 847 1659 se
877 1624 1132 1675 receperant
1155 1614 1198 1658 in
1224 1624 1367 1658 castra
1384 1648 1394 1670 ,
1414 1615 1457 1658 in
1478 1630 1605 1658 cruce
1630 1630 1722 1658 om-

343 1710 420 1738 nes
441 1694 621 1739 suffixit.

406 1776 588 1818 LXVII.
610 1777 752 1819 Caesar
774 1775 967 1829 interim,
986 1777 1194 1835 quoniam
1222 1775 1430 1819 frumenti
1454 1775 1603 1835 iuopia
1629 1790 1726 1835 pre·

343 1853 558 1908 mebatur,
585 1855 732 1916 copias
757 1871 907 1899 omnes
937 1856 980 1899 in
1009 1868 1151 1900 castra
1178 1855 1405 1911 conducit;
1429 1866 1560 1916 atque
1584 1855 1727 1916 praesi-

343 1934 416 1978 dio
442 1936 591 1997 Lepti,
618 1936 849 1997 Ruspinae,
876 1935 1054 1982 Achillae
1080 1936 1251 1990 relicto,
1285 1937 1433 1998 Cispio
1468 1935 1727 1997 Aquilaeque

341 2015 475 2060 classe
515 2015 751 2074 transdita,
780 2027 829 2062 ut
863 2016 973 2062 alter
1002 2017 1315 2074 Adrumetum,
1357 2017 1468 2062 alter
1502 2018 1727 2078 Thapsum

343 2097 451 2140 mari
479 2096 753 2154 obsiderent,
782 2098 874 2159 ipse
901 2099 1051 2143 castris
1080 2099 1289 2153 incensis,
1319 2114 1366 2143 1v
1392 2098 1531 2142 noctis
1558 2095 1726 2158 vigilia,

341 2177 432 2221 acie
455 2178 694 2235 instructa,
723 2178 1046 2241 impedimentis
1071 2180 1116 2224 in
1139 2180 1312 2224 sinistra
1336 2188 1460 2241 parte
1481 2177 1725 2234 collocatis,

343 2275 394 2302 ex
421 2275 473 2302 eo
502 2258 598 2304 loco
624 2258 939 2321 proficiscitur,
967 2270 1010 2304 et
1034 2261 1232 2321 pervenit
1256 2259 1311 2304 ad
1335 2259 1548 2321 oppidum
1586 2262 1726 2321 Agar3

344 2339 462 2400 quod
482 2356 505 2384 a
531 2339 716 2385 Gaetulis
746 2357 858 2402 saepe
885 2351 1012 2385 antea
1041 2351 1346 2403 oppugnatum
1363 2374 1374 2395 ,
1401 2355 1656 2400 summaque
1685 2339 1725 2382 vi

345 2437 422 2481 per
442 2422 559 2482 ipsos
578 2421 821 2483 oppidanos
844 2431 938 2466 erat
959 2421 1198 2466 defensum.
1232 2422 1296 2466 Ibi
1321 2422 1365 2464 in
1391 2436 1546 2482 campo
1571 2419 1724 2463 castris

345 2502 441 2545 unis
470 2502 643 2562 positis,
673 2503 764 2564 ipse
793 2502 1107 2548 frumentatum
1131 2504 1294 2547 circum
1325 2500 1445 2546 villas
1474 2517 1572 2545 cum
1600 2508 1724 2560 parte

345 2583 558 2627 exercitus
583 2582 830 2645 profectus,
858 2600 1017 2645 magno
1047 2584 1225 2627 invento
1264 2582 1441 2638 hordei,
1468 2581 1578 2637 olei,
1613 2579 1722 2634 vini,

346 2661 416 2706 fici
443 2679 650 2720 numero,
680 2681 821 2726 pauco
850 2665 1009 2720 tritici,
1035 2675 1164 2725 atque
1192 2673 1384 2708 recreato
1411 2663 1626 2716 exercitu,
1654 2676 1723 2703 re-
