1972 3356
511 225 576 259 DE
609 223 767 259 BELLO
797 224 951 259 CIVILI
983 225 1075 260 LIB.
1106 226 1172 260 111.
1466 230 1536 263 133

143 307 242 352 dam
271 308 475 352 omnibus
505 325 707 370 operam,
737 318 786 353 ut
819 318 1048 370 acceptum
1082 309 1414 354 incommodum
1445 313 1536 357 vir-

142 399 236 433 tute
264 390 501 434 sarciretur
532 406 539 433 :
573 389 691 450 quod
721 391 754 433 si
783 400 894 434 esset
923 389 1118 446 factum,
1150 390 1464 437 detrimentum
1494 396 1537 438 in

142 471 307 514 honum
335 481 540 525 verteret,
570 472 630 514 uti
661 471 716 514 ad
745 471 1012 531 Gergoviam
1042 471 1294 529 accidisset3
1322 484 1456 535 atque
1485 477 1538 532 ii,

142 552 216 613 qui
237 562 338 596 ante
361 551 570 595 dimicare
591 552 858 604 timuissent,
883 549 999 594 ultro
1021 567 1065 595 se
1086 551 1241 612 proelio
1266 553 1492 600 offerrent.
1518 576 1537 597 n

204 635 409 678 LXXIV.
459 633 552 676 Hac
586 632 736 675 habita
768 632 1002 688 concione,
1031 631 1270 677 nonnullos
1299 635 1537 696 signiferos

143 715 382 776 ignominia
417 713 612 767 notavit,
647 729 697 757 ae
742 711 839 756 loco
886 714 1038 756 movit.
1088 715 1313 758 Exercitui
1360 716 1536 776 quidem

139 795 258 838 omni
299 803 445 837 tantus
485 794 661 837 incessit
693 809 743 837 ex
775 792 1057 837 incommodo
1089 792 1240 850 dolor,
1276 804 1538 857 tantumque

139 874 331 919 studium
373 874 562 917 infamiae
591 874 849 929 sarciendae,
885 884 933 918 ut
972 891 1098 918 nemo
1139 886 1215 918 aut
1253 876 1421 920 tribuni
1462 888 1537 922 aut

137 955 404 999 centurionis
432 955 665 1016 imperium
692 954 981 1007 desideraret,
1008 965 1048 999 et
1079 956 1159 999 sibi
1189 958 1376 1018 quisque
1406 959 1535 1002 etiam

136 1050 272 1097 poenae
300 1034 398 1080 loco
428 1037 650 1097 graviores
686 1037 930 1097 imponeret
967 1036 1158 1094 labores,
1194 1037 1412 1099 simulque
1440 1056 1535 1084 om-

136 1135 211 1162 nes
225 1116 432 1161 arderent
447 1117 689 1178 cupiditate
715 1118 961 1179 pugnandi,
987 1135 1124 1179 quum
1141 1120 1379 1180 superioris
1404 1121 1534 1165 etiam

134 1199 301 1242 ordinis
328 1198 554 1256 nonnulli,
582 1200 783 1243 oratione
810 1200 1021 1260 permoti,
1047 1200 1316 1244 manendum
1339 1217 1390 1245 eo
1415 1201 1536 1258 loco,

133 1292 175 1324 ct
214 1297 304 1325 rem
341 1279 496 1342 proelio
528 1280 891 1324 committendam
923 1282 1237 1326 existimarent.
1286 1284 1456 1327 Contra
1485 1300 1534 1328 ea

133 1364 278 1406 (sslaesar
306 1378 446 1422 neque
473 1363 576 1405 satis
606 1360 818 1405 militibus
846 1364 1088 1422 perterritis
1129 1363 1407 1417 confidebat,
1436 1382 1535 1426 spa-

133 1444 329 1503 tiumque
354 1442 726 1503 interponendum
753 1442 804 1485 ad
832 1443 1097 1488 recreandos
1131 1445 1301 1488 animos
1327 1446 1534 1505 putabat,

132 1523 291 1567 relictis
342 1524 683 1577 munitionibus,
732 1533 773 1566 et
814 1541 1081 1585 magnopere
1128 1526 1189 1568 rei
1232 1525 1532 1570 frumentariae¹

131 1606 323 1650 timebat.
378 1609 551 1666 Itaque,
605 1605 723 1650 nulla
776 1607 1032 1667 interposita
1084 1623 1228 1663 mora,
1280 1609 1530 1652 sauciorum

131 1687 261 1732 modo
290 1698 334 1732 et
367 1705 584 1750 aegrorum
620 1689 766 1732 habita
808 1689 1001 1743 ratione,
1037 1689 1350 1749 impedimenta
1383 1691 1532 1734 omnia

129 1768 302 1813 ¹silentio
329 1770 470 1831 prima
497 1780 624 1813 nocte
649 1786 701 1813 ex
730 1770 885 1813 castris
911 1768 1192 1830 Apolloniam
1223 1772 1453 1830 praemisit,
1479 1789 1529 1815 ac

128 1852 435 1911 conquiescere
462 1860 565 1895 ante
594 1851 673 1895 iter
702 1849 949 1894 consectum
983 1852 1132 1893 vetuit.
1191 1852 1268 1894 His
1296 1868 1382 1895 una
1415 1851 1529 1913 legio

131 1933 260 1976 missa
285 1932 488 1993 praesidio
513 1942 589 1976 est.

193 2016 374 2059 LXXV.
428 2015 505 2058 His
546 2014 760 2075 explicitis
800 2015 949 2067 rcbus,
990 2016 1099 2059 (luas
1143 2016 1364 2059 incastris
1395 2014 1527 2076 legio-

131 2112 204 2140 nes
246 2095 452 2152 retinuit,
488 2094 677 2156 reliquas
719 2096 773 2140 de
815 2105 969 2157 quarta
1009 2096 1180 2158 vigilia,
1224 2096 1528 2157 compluribus

128 2179 267 2239 portis
292 2176 491 2231 eductas,
522 2177 676 2222 eodem
708 2179 863 2222 itinere
892 2179 1133 2239 praemisitg
1166 2195 1393 2239 parvoque
1427 2195 1526 2239 spa-

129 2259 189 2303 tio
219 2259 488 2315 intermisso,
521 2269 566 2303 ut
597 2269 641 2303 et
668 2258 859 2304 militare
896 2261 1148 2304 institutum
1178 2268 1450 2316 servaretur,
1485 2268 1528 2302 et

126 2356 259 2402 quam
295 2341 512 2385 serissime
551 2342 644 2402 ejus
686 2341 898 2402 profectio
935 2351 1300 2403 cognosceretur,
1347 2339 1525 2386 concla-

128 2422 237 2465 mari
261 2422 410 2483 jussit;
440 2423 678 2483 statimque
710 2439 927 2484 egressus,
962 2433 1004 2467 et
1039 2424 1325 2467 novissimum
1368 2438 1525 2484 agmen

125 2513 416 2560 consecutus,
447 2502 646 2548 celeriter
678 2521 727 2548 ex
765 2515 1000 2565 conspectu
1034 2516 1282 2549 castrorum
1312 2503 1520 2548 discessit.

125 2583 281 2644 Neque
314 2602 417 2629 vero
451 2586 713 2647 Pompeius,
751 2587 929 2647 cognito
971 2585 1156 2631 consilio
1197 2586 1316 2646 ejus,
1354 2599 1521 2628 moram

128 2662 259 2708 ullam
286 2665 339 2709 ad
369 2667 693 2728 insequendum
727 2667 876 2712 intulit
904 2686 912 2711 z
940 2666 1012 2712 sed
1046 2667 1197 2712 eadem
1227 2676 1427 2728 spectans
1449 2699 1460 2721 ,
1491 2661 1525 2706 si
