1972 3356
515 269 583 304 DE
611 270 770 306 BELLO
801 271 1014 307 GALLICO
1043 271 1135 305 LIB.
1165 271 1213 304 V.
1494 278 1564 311 107

164 350 403 413 pellantur,
428 353 591 413 quibus
614 354 700 398 orti
732 373 785 399 ex
808 355 1058 401 civitatibus
1082 371 1134 399 eo
1165 360 1492 415 pervenerunt,
1524 361 1567 394 et

164 432 282 477 bello
313 432 435 477 illato
472 434 531 477 ibi
558 444 891 491 remanserunt,
922 445 1055 496 atque
1089 452 1219 497 agros
1252 433 1396 479 colere
1424 449 1566 493 coepe-

163 524 278 559 runt.
316 517 564 559 Hominum
596 526 662 560 est
697 515 872 560 infinita
907 516 1175 572 multitudo,
1211 515 1569 574 creberrimaque

1344 613 1457 658 gnus
1487 612 1569 639 nu-

162 694 321 722 merus.
344 679 545 722 Utuntur
568 687 645 722 aut
671 695 777 735 aere,
804 687 880 722 aut
904 677 1080 722 annulis
1109 677 1285 734 ferreis,
1313 677 1369 720 ad
1399 686 1571 720 eertum

161 595 364 652 aedificia,
398 596 489 640 fere
519 596 690 658 gallicis
713 596 964 641 consimilia
989 615 997 640 :
1026 613 1237 658 pecorum
1270 614 1339 640 ma

161 758 336 820 pondus
360 760 645 814 examinatis,
669 776 750 821 pro
778 777 977 804 nummo.
1012 760 1225 805 Nascitur
1249 760 1309 803 ibi
1336 757 1570 821 plumbum

161 838 311 883 album
335 839 379 884 in
400 840 740 886 mediterraneis
759 842 1038 904 regionibus,
1058 842 1105 885 in
1124 841 1361 885 maritimis
1378 838 1570 895 ferrum;

160 920 237 965 sed
257 923 351 983 ejus
371 922 535 985 exigua
555 932 620 967 est
643 924 772 985 copia
798 941 805 967 :
830 940 915 968 aere
936 933 1127 967 utuntur
1146 923 1404 984 importato.
1425 924 1571 966 Mate-

160 1003 224 1047 ria
245 1004 462 1065 cujusque
483 1005 680 1067 generis,
706 1015 755 1050 ut
780 1006 825 1049 in
849 1004 1017 1061 Gallia,
1039 1015 1126 1061 est,
1151 1015 1310 1066 praeter
1335 1003 1482 1065 fagum
1507 1013 1574 1047 at-

159 1101 246 1146 que
273 1085 478 1131 abietem.
505 1089 746 1149 Leporem,
773 1098 816 1132 et
841 1086 1073 1150 gallinam,
1098 1097 1142 1131 et
1166 1102 1366 1131 anserem
1396 1095 1574 1147 gustaie

160 1166 223 1211 fas
252 1185 344 1212 non
373 1178 535 1229 putant
567 1187 575 1213 ε
605 1169 697 1214 haec
726 1180 875 1214 tamen
906 1168 1033 1213 alunt
1069 1169 1205 1213 animi
1243 1167 1574 1229 voluptatisque

161 1265 306 1293 causa.
343 1251 465 1294 Loca
494 1260 597 1294 sunt
622 1252 958 1312 temperatiora,
985 1267 1119 1311 quam
1147 1251 1190 1294 in
1223 1247 1389 1305 Gallia,
1420 1249 1575 1293 remis-

163 1330 352 1375 sioribus
376 1331 630 1393 frigoribus.

231 1415 356 1457 XIII.
395 1411 548 1457 Insula
577 1425 736 1459 natura
753 1406 1007 1474 triquetra,
1045 1414 1171 1475 cujus
1195 1430 1338 1457 unum
1365 1412 1481 1457 latus
1509 1423 1576 1456 est

163 1503 318 1540 contra
346 1493 553 1539 Galliam.
590 1496 734 1557 Hujus
759 1494 909 1539 lateris
934 1494 1048 1539 alter
1076 1493 1289 1557 angulus,
1317 1495 1395 1556 qui
1424 1505 1490 1538 est
1519 1494 1576 1538 ad

164 1577 404 1633 Cantium,
434 1593 523 1637 quo
546 1576 637 1621 fere
661 1594 814 1621 omnes
837 1594 890 1621 ex
922 1576 1069 1623 Gallia
1102 1594 1237 1622 naves
1267 1576 1573 1639 appelluntur‚

164 1658 219 1703 ad
239 1658 457 1703 orientem
478 1657 637 1715 solem,
655 1658 839 1703 inferior
859 1658 915 1703 ad
932 1658 1162 1703 meridiem
1187 1669 1369 1721 spectat.
1392 1661 1490 1703 Hoc
1512 1657 1574 1702 la-

165 1750 236 1785 tus
266 1750 388 1785 tenet
411 1741 590 1785 circiter
626 1739 765 1785 millia
796 1758 1009 1803 passuum
1038 1758 1082 1786 D.
1112 1740 1318 1786 Alterum
1348 1741 1493 1803 vergit
1520 1739 1575 1784 ad

165 1823 427 1884 Hispaniam
465 1832 598 1884 atque
626 1823 906 1867 occidentem
942 1822 1082 1867 solem
1112 1841 1120 1867 :
1147 1839 1235 1884 qua
1265 1840 1317 1867 ex
1358 1835 1483 1884 parte
1510 1834 1576 1867 est

166 1904 400 1961 Hibernia,
418 1904 606 1948 dimidio
629 1905 792 1960 minor,
811 1915 860 1948 ut
881 1906 1140 1961 aestimatur,
1164 1921 1299 1966 quam
1323 1906 1575 1961 Britannia,

167 1985 244 2030 sed
266 1987 363 2046 pari
389 1986 532 2047 spatio
557 1987 868 2042 transmissus,
893 1997 1026 2047 atque
1052 2003 1106 2030 ex
1129 1985 1298 2042 Gallia,
1321 1998 1387 2031 est
1410 1987 1455 2030 in
1480 1989 1575 2032 Bri-

168 2067 381 2111 tanniam.
406 2068 459 2110 In
483 2067 568 2111 hoc
590 2066 737 2111 medio
761 2084 893 2111 cursu
918 2078 984 2112 est
1009 2066 1154 2112 insula
1170 2103 1181 2124 ,
1205 2085 1301 2129 quae
1326 2067 1576 2130 appellatur

169 2149 307 2192 Mona
329 2146 608 2209 :complures
629 2158 841 2209 praeterea
860 2149 1055 2194 minores
1080 2149 1261 2211 objectae
1288 2148 1442 2194 insulae
1466 2150 1574 2194 exis-

171 2230 405 2284 timantur,
436 2229 487 2273 de
515 2229 677 2290 quibus
714 2229 869 2275 insulis
910 2229 1116 2275 nonnulli
1156 2231 1449 2292 scripserunt,
1484 2231 1576 2275 dies

172 2312 408 2355 continuos
437 2328 532 2356 xxx
559 2312 640 2356 sub
666 2313 826 2357 bruma
854 2330 946 2358 esse
973 2324 1164 2358 noctem.
1193 2315 1287 2358 Nos
1309 2311 1422 2358 nihil
1447 2313 1500 2358 de
1524 2330 1576 2357 eo

173 2393 585 2454 percontationibus
605 2395 954 2456 reperiebamus,
973 2396 1058 2440 nisi
1084 2395 1216 2440 certis
1238 2412 1291 2439 ex
1316 2413 1431 2457 aqua
1456 2412 1576 2440 men-

175 2475 288 2518 suris
314 2475 538 2520 breviores
561 2492 678 2532 esse,
693 2492 827 2537 quam
851 2478 895 2520 in
922 2477 1198 2533 continenti,
1222 2487 1374 2521 noctes
1399 2477 1577 2521 videba-

175 2571 285 2599 mus.
306 2557 451 2617 Hujus
474 2567 537 2600 est
560 2555 793 2619 longitudo
817 2557 964 2603 lateris
982 2594 993 2616 ,
1016 2569 1066 2603 ut
1094 2558 1177 2602 fert
1200 2557 1380 2602 illorum
1405 2559 1572 2619 opinio,

176 2652 260 2681 DCC
277 2636 466 2681 millium
486 2654 708 2698 passuum.
730 2640 930 2684 Tertium
952 2651 1018 2685 est
1036 2650 1190 2684 contra
1215 2640 1574 2701 septemtriones,

176 2720 246 2763 cui
264 2721 378 2780 parti
404 2719 524 2764 nulla
550 2730 614 2764 est
639 2720 809 2782 objecta
835 2731 978 2771 te1·ra;
1003 2722 1075 2767 sed
1099 2723 1192 2783 ejus
1218 2721 1406 2784 angulus
1427 2720 1575 2765 lateris
