1972 3356
540 219 606 254 DE
639 218 796 254 BELLO
825 217 1041 253 GALLICO
1071 217 1161 251 LIB.
1187 217 1213 251 Ι.
1526 213 1570 248 23

174 316 287 344 rum.
326 304 417 346 Hac
440 303 639 346 oratione
673 302 849 356 habita,
875 299 1110 345 concilium
1137 299 1315 342 dimisit.
1338 298 1392 343 Et
1419 313 1573 340 secun·

174 380 284 426 dum
307 399 356 426 ea
377 381 526 427 multae
548 399 615 426 res
638 399 738 427 eum
761 382 1080 438 hortabantur,
1099 396 1235 442 quare
1255 379 1335 424 sibi
1360 395 1457 423 eam
1481 394 1575 421 rem

173 462 456 523 cogitandam
495 472 538 514 et
572 461 895 523 suscipiendam
927 472 1131 522 putaret3
1162 462 1208 505 in
1244 460 1417 521 primis,
1456 458 1576 520 quod

178 542 360 598 AEdu0s‚
384 543 540 586 fratres
559 543 1000 603 consanguineosque
1020 557 1322 602 saepenumero
1347 540 1401 584 ab
1421 548 1575 584 senatu

175 622 436 684 appellatos,
460 624 505 666 in
531 624 741 672 servitute
765 632 896 684 atque
920 623 965 666 in
991 622 1158 666 ditione
1186 622 1364 665 videbat
1389 622 1575 664 Germa-

175 719 334 746 norum
367 704 525 760 teneri,
558 720 802 764 eorumque
833 702 1007 747 obsides
1032 719 1123 746 esse
1152 701 1271 762 apud
1297 701 1575 746 Ariovistum

174 799 225 827 ac
243 784 490 843 Sequanos,
511 783 785 846 intelligebat
810 801 819 828 :
845 783 965 845 quod
989 783 1034 826 in
1061 793 1184 827 tanto
1210 781 1397 843 imperio
1420 778 1574 842 populi

176 864 346 907 romani
368 865 673 925 turpissimum
696 865 779 909 sibi
802 875 846 909 et
867 862 1121 925 reipublicae
1143 880 1235 908 esse
1260 861 1574 906 arbitrabatur.

174 942 395 988 Paulatim
426 954 571 989 autem
604 947 853 990 Germanos
884 960 1167 989 consuescere
1200 944 1406 988 Rhenum
1438 952 1577 985 trans-

177 1025 260 1081 ire,
283 1034 326 1068 et
352 1025 397 1069 in
421 1024 613 1070 Galliam
636 1043 842 1088 magnam
863 1043 1018 1070 eorum
1041 1024 1376 1069 multitudinem
1400 1022 1575 1076 venire,
1600 1043 1603 1047 -

178 1103 343 1165 populo
379 1123 566 1150 romano
602 1105 899 1167 periculosum
934 1106 1110 1150 videbat
1150 1123 1159 1149 τ
1197 1121 1340 1165 neque
1374 1103 1457 1147 sibi
1498 1102 1578 1146 ho-

178 1186 317 1229 mines
341 1186 456 1231 feros
479 1203 529 1230 ac
551 1187 762 1231 barbaros
784 1197 1110 1248 temperaturos
1133 1185 1431 1239 existimabat,
1452 1183 1575 1243 quia,

177 1282 312 1326 quum
340 1282 517 1311 omnem
541 1266 731 1311 Galliam
755 1277 1062 1328 occupassent,
1086 1277 1137 1310 ut
1156 1276 1257 1310 ante
1276 1265 1447 1310 Cimbri
1469 1265 1578 1307 Teu-

178 1347 359 1407 tonique
393 1346 613 1404 fecissent,
644 1348 690 1390 in
718 1348 991 1407 provinciam
1024 1346 1212 1400 exirent,
1245 1355 1376 1404 atque
1404 1343 1504 1387 inde
1532 1343 1577 1386 in

176 1425 351 1471 Italiam
385 1427 727 1484 contenderent,
750 1426 995 1488 praesertim
1019 1442 1158 1486 quum
1186 1427 1412 1486 Sequanos
1436 1440 1459 1467 a
1481 1440 1580 1484 pro-

177 1507 321 1552 vincia
353 1517 503 1552 nostra
529 1507 771 1552 Rhodanus
802 1507 1032 1553 divideret.
1066 1506 1243 1565 Quibus
1281 1505 1413 1549 rebus
1446 1520 1578 1565 quam

178 1589 436 1633 maturrime
458 1589 781 1634 occurrendum
806 1589 1002 1650 putabat.
1032 1591 1132 1649 Ipse
1158 1597 1307 1632 autem
1331 1586 1579 1631 Ariovistus

178 1678 322 1713 tantos
348 1670 430 1713 sibi
458 1670 663 1730 spiritus,
689 1679 857 1713 tantam
889 1668 1190 1731 arrogantiam
1225 1676 1500 1727 sumpserat,
1531 1676 1581 1709 ut

178 1749 383 1795 ferendus
405 1767 494 1795 non
521 1750 759 1795 videretur.

243 1833 453 1876 XXXIV.
496 1831 801 1889 Quamobrem
842 1829 1005 1891 placuit
1045 1831 1107 1885 ei,
1145 1839 1194 1872 ut
1232 1828 1285 1872 ad
1311 1827 1581 1872 Ariovistum

179 1912 345 1974 legatos
376 1913 590 1968 mitteret,
621 1912 697 1972 qui
731 1911 784 1954 ab
813 1928 864 1954 eo
886 1909 1183 1971 postularent,
1210 1910 1273 1952 uti
1307 1907 1498 1969 aliquem
1519 1906 1582 1952 lo-

179 2010 280 2036 cum
302 1992 497 2036 medium
527 1992 759 2052 utriusque
792 1990 1016 2051 colloquio
1044 1989 1207 2033 diceret
1239 2006 1247 2032 :
1280 1987 1391 2033 velle
1415 2005 1507 2033 sese
1530 1987 1584 2031 de

181 2071 405 2133 republica
441 2083 484 2116 et
511 2073 695 2117 summis
725 2073 958 2133 utriusque
990 2071 1123 2115 rebus
1149 2087 1249 2114 cum
1278 2086 1329 2113 eo
1352 2085 1494 2130 agere.
1533 2070 1584 2112 Ei

181 2152 390 2214 legationi
418 2153 666 2197 Ariovistus
693 2152 923 2214 respondit
951 2170 960 2196 ε
990 2171 1010 2193 «
1041 2153 1086 2197 Si
1114 2151 1223 2212 quid
1252 2151 1336 2211 ipsi
1364 2167 1387 2194 a
1417 2152 1586 2195 Caesare

181 2250 292 2294 opus
317 2244 450 2291 esset,
479 2251 572 2278 sese
595 2234 649 2278 ad
669 2251 772 2278 eum
798 2244 1038 2278 venturum
1062 2233 1195 2277 fuisse
1222 2249 1230 2276 :
1254 2233 1290 2276 si
1313 2230 1421 2292 quid
1449 2229 1521 2275 ille
1542 2247 1586 2274 se

181 2314 316 2369 velit,
346 2314 471 2359 illum
500 2315 556 2359 ad
588 2332 633 2360 se
657 2315 809 2360 venire
845 2325 1065 2376 oportere.
1104 2316 1322 2359 Praeterea
1359 2329 1404 2356 se
1445 2328 1587 2372 neque

181 2397 274 2439 sine
307 2397 501 2441 exercitu
530 2397 574 2440 in
608 2413 679 2441 eas
707 2406 855 2458 partes
883 2395 1042 2441 Galliae
1078 2395 1228 2440 venire
1263 2393 1450 2449 audere,
1479 2408 1587 2452 quas

182 2479 328 2521 Caesar
362 2477 633 2538 possideret,
673 2495 815 2539 neque
857 2478 1101 2522 exercitum
1137 2476 1230 2520 sine
1268 2491 1432 2537 magno
1468 2489 1588 2517 com-

185 2568 331 2602 meatu
371 2568 504 2620 atque
544 2557 832 2603 emolimento
874 2560 918 2602 in
958 2575 1098 2602 unum
1137 2556 1283 2601 locum
1326 2554 1587 2600 contrahere

184 2656 311 2700 posse
348 2658 356 2683 ;
397 2641 476 2684 sibi
515 2650 661 2684 autem
695 2641 857 2685 mirum
892 2639 1053 2696 videri,
1086 2638 1192 2699 quid
1227 2638 1271 2681 in
1306 2654 1384 2681 sua
1415 2633 1586 2689 Gallia,
