1972 3356
584 249 650 284 DE
680 249 846 284 BELLO
878 249 1253 284 ALEXANDRINO
1550 260 1621 284 211

226 351 321 396 ges,
347 334 545 378 civitates
580 333 819 377 distribuit.
870 332 1178 377 Mithridatem
1219 335 1568 394 Pergamenum,
1603 351 1625 378 a

224 432 312 477 quo
332 433 426 460 rem
454 414 637 459 feliciter
673 413 961 473 celeriterque
992 423 1159 474 gestam
1197 414 1242 456 in
1271 416 1460 476 AEgypto
1492 432 1628 477 supra

225 497 501 558 scripsimus,
530 496 653 556 regio
679 511 839 555 genere
868 503 1037 547 ortum,
1064 492 1307 555 disciplinis
1337 496 1469 540 etiam
1495 497 1628 559 regiis

224 576 611 638 educatum(nam
641 573 946 629 Mithridates,
991 590 1068 617 rex
1104 574 1217 618 Asiae
1250 575 1407 632 totius,
1443 587 1629 639 propter

224 659 497 704 nobilitatem
536 658 752 716 Pergamo
793 653 1028 715 parvulum
1065 670 1214 698 secum
1246 665 1551 715 asportaverat
1583 659 1629 702 in

223 750 388 796 castra,
415 737 667 797 multosque
696 745 900 780 tenuerat
927 735 1116 796 annos),
1145 752 1295 797 regem
1321 740 1509 799 Bospori
1528 757 1629 784 con-

222 821 386 875 stituit,
425 818 544 879 quod
574 817 656 861 sub
683 817 869 878 imperio
890 816 1131 860 Pharnacis
1159 816 1324 872 fuerat;
1358 820 1630 879 provincias-

221 918 305 962 que
339 899 494 962 populi
532 899 705 943 romani
743 915 766 942 a
793 898 1000 942 Barbaris
1033 907 1166 958 atque
1202 898 1394 943 inimicis
1428 901 1626 962 regibus,

220 982 480 1043 interposito
495 981 762 1024 amicissimo
787 996 890 1041 rege
905 1014 916 1036 ,
941 980 1146 1023 munivit.
1167 979 1322 1024 Eidem
1345 982 1627 1027 tetrarchiam

219 1061 389 1125 legibus
434 1061 814 1124 Gallograecorum
840 1062 940 1122 jure
978 1061 1121 1122 gentis
1155 1071 1198 1105 et
1238 1063 1517 1123 cognationis
1557 1063 1629 1108 ad-

215 1144 453 1206 judicavit,
485 1152 745 1205 occupatam
769 1153 811 1186 et
839 1159 1082 1204 possessam
1124 1143 1277 1205 paucis
1310 1153 1412 1187 ante
1450 1145 1577 1188 annis
1603 1162 1628 1190 a

218 1226 445 1286 Dejotaro.
484 1226 640 1286 Neque
678 1234 826 1268 tamen
864 1240 1053 1284 usquam
1094 1223 1261 1268 diutius
1295 1234 1492 1269 moratus
1530 1235 1626 1282 est,

219 1323 351 1368 quam
378 1307 614 1352 necessitas
645 1307 915 1350 urbanarum
946 1305 1213 1350 seditionum
1244 1307 1336 1368 pati
1376 1306 1624 1352 videbatur.

217 1389 365 1433 Rebus
388 1387 638 1433 felicissime
671 1386 988 1450 celerrimeque
1016 1387 1256 1447 confectis,
1283 1389 1328 1432 in
1351 1387 1525 1433 Italiam
1551 1406 1624 1434 ce-

218 1468 352 1514 lerius
377 1469 576 1514 omnium
595 1469 808 1531 opinione
834 1469 967 1513 venit.

1366 2775 1434 2829 ¹4·
