<?xml version="1.0" encoding="UTF-8"?>
<!DOCTYPE html PUBLIC "-//W3C//DTD XHTML 1.0 Transitional//EN"
    "http://www.w3.org/TR/xhtml1/DTD/xhtml1-transitional.dtd">
<html xmlns="http://www.w3.org/1999/xhtml" xml:lang="en" lang="en">
 <head>
  <title>
</title>
<meta http-equiv="Content-Type" content="text/html;charset=utf-8" />
  <meta name='ocr-system' content='tesseract 3.04.00' />
  <meta name='ocr-capabilities' content='ocr_page ocr_carea ocr_par ocr_line ocrx_word'/>
</head>
<body>
  <div class='ocr_page' id='page_1' title='image "./operajoh0102caesuoft_0290.png"; bbox 0 0 1972 3356; ppageno 0'>
   <div class='ocr_carea' id='block_1_1' title="bbox 292 288 1255 325">
    <p class='ocr_par' dir='ltr' id='par_1_1' title="bbox 292 288 1255 325">
     <span class='ocr_line' id='line_1_1' title="bbox 292 288 1255 325; baseline -0.004 0"><span class='ocrx_word' id='word_1_1' title='bbox 292 289 364 325; x_wconf 78' lang='lat'>268</span> <span class='ocrx_word' id='word_1_2' title='bbox 713 289 865 323; x_wconf 85' lang='lat' dir='ltr'><strong>NOTAE</strong></span> <span class='ocrx_word' id='word_1_3' title='bbox 896 288 950 322; x_wconf 92' lang='lat' dir='ltr'>IN</span> <span class='ocrx_word' id='word_1_4' title='bbox 978 289 1171 323; x_wconf 85' lang='lat' dir='ltr'>LIBRUM</span> <span class='ocrx_word' id='word_1_5' title='bbox 1202 289 1255 321; x_wconf 66' lang='lat' dir='ltr'>VI</span> 
     </span>
    </p>
   </div>
   <div class='ocr_carea' id='block_1_2' title="bbox 288 363 1681 1262">
    <p class='ocr_par' dir='ltr' id='par_1_2' title="bbox 288 363 1681 1262">
     <span class='ocr_line' id='line_1_2' title="bbox 290 363 1671 411; baseline -0.002 -10"><span class='ocrx_word' id='word_1_6' title='bbox 290 367 382 401; x_wconf 80' lang='lat' dir='ltr'>elclz.</span> <span class='ocrx_word' id='word_1_7' title='bbox 404 367 476 401; x_wconf 83' lang='lat' dir='ltr'>Sed</span> <span class='ocrx_word' id='word_1_8' title='bbox 498 366 553 399; x_wconf 78' lang='lat' dir='ltr'>hae</span> <span class='ocrx_word' id='word_1_9' title='bbox 573 364 841 411; x_wconf 72' lang='lat' dir='ltr'>descriptiones</span> <span class='ocrx_word' id='word_1_10' title='bbox 863 364 1086 399; x_wconf 85' lang='lat' dir='ltr'>nullomodo</span> <span class='ocrx_word' id='word_1_11' title='bbox 1106 363 1310 398; x_wconf 78' lang='lat' dir='ltr'>caesarianae</span> <span class='ocrx_word' id='word_1_12' title='bbox 1326 363 1564 397; x_wconf 86' lang='lat' dir='ltr'>conveniunt.</span> <span class='ocrx_word' id='word_1_13' title='bbox 1589 364 1671 398; x_wconf 79' lang='lat' dir='ltr'>Buf-</span> 
     </span>
     <span class='ocr_line' id='line_1_3' title="bbox 290 423 1673 473; baseline -0.003 -11"><span class='ocrx_word' id='word_1_14' title='bbox 290 429 370 471; x_wconf 85' lang='lat' dir='ltr'>fon,</span> <span class='ocrx_word' id='word_1_15' title='bbox 390 428 518 473; x_wconf 79' lang='lat' dir='ltr'>virque</span> <span class='ocrx_word' id='word_1_16' title='bbox 538 425 772 460; x_wconf 86' lang='lat' dir='ltr'>doctissimus</span> <span class='ocrx_word' id='word_1_17' title='bbox 790 425 869 472; x_wconf 87' lang='lat' dir='ltr'>ipse</span> <span class='ocrx_word' id='word_1_18' title='bbox 889 425 1023 460; x_wconf 87' lang='lat' dir='ltr'>Cuvier</span> <span class='ocrx_word' id='word_1_19' title='bbox 1046 425 1140 460; x_wconf 86' lang='lat' dir='ltr'>nihil</span> <span class='ocrx_word' id='word_1_20' title='bbox 1159 424 1250 459; x_wconf 85' lang='lat' dir='ltr'>certi</span> <span class='ocrx_word' id='word_1_21' title='bbox 1269 423 1393 471; x_wconf 86' lang='lat' dir='ltr'>quoad</span> <span class='ocrx_word' id='word_1_22' title='bbox 1411 423 1572 470; x_wconf 85' lang='lat' dir='ltr'>speciem</span> <span class='ocrx_word' id='word_1_23' title='bbox 1590 425 1673 459; x_wconf 89' lang='lat' dir='ltr'>ani—</span> 
     </span>
     <span class='ocr_line' id='line_1_4' title="bbox 289 485 1673 533; baseline -0.003 -10"><span class='ocrx_word' id='word_1_24' title='bbox 289 489 393 523; x_wconf 83' lang='lat' dir='ltr'>malis</span> <span class='ocrx_word' id='word_1_25' title='bbox 412 489 531 522; x_wconf 88' lang='lat' dir='ltr'>inesse</span> <span class='ocrx_word' id='word_1_26' title='bbox 555 488 727 523; x_wconf 83' lang='lat' dir='ltr'>fatentur.</span> <span class='ocrx_word' id='word_1_27' title='bbox 747 503 760 517; x_wconf 79' lang='grc' dir='ltr'><strong>υ</strong></span> <span class='ocrx_word' id='word_1_28' title='bbox 783 488 863 533; x_wconf 81' lang='lat' dir='ltr'>Ego</span> <span class='ocrx_word' id='word_1_29' title='bbox 888 494 1009 521; x_wconf 89' lang='lat' dir='ltr'>autem</span> <span class='ocrx_word' id='word_1_30' title='bbox 1023 514 1032 531; x_wconf 88' lang='lat'>‚</span> <span class='ocrx_word' id='word_1_31' title='bbox 1056 487 1180 533; x_wconf 83' lang='lat' dir='ltr'>quoad</span> <span class='ocrx_word' id='word_1_32' title='bbox 1200 485 1466 533; x_wconf 78' lang='lat' dir='ltr'>etymologiam</span> <span class='ocrx_word' id='word_1_33' title='bbox 1491 485 1673 528; x_wconf 88' lang='lat' dir='ltr'>nominis,</span> 
     </span>
     <span class='ocr_line' id='line_1_5' title="bbox 289 546 1677 593; baseline -0.001 -9"><span class='ocrx_word' id='word_1_34' title='bbox 289 557 389 584; x_wconf 89' lang='lat' dir='ltr'>certo</span> <span class='ocrx_word' id='word_1_35' title='bbox 407 549 500 584; x_wconf 90' lang='lat' dir='ltr'>mihi</span> <span class='ocrx_word' id='word_1_36' title='bbox 513 549 647 584; x_wconf 90' lang='lat' dir='ltr'>certius</span> <span class='ocrx_word' id='word_1_37' title='bbox 669 555 745 583; x_wconf 87' lang='lat' dir='ltr'>est:</span> <span class='ocrx_word' id='word_1_38' title='bbox 773 549 812 582; x_wconf 82' lang='lat'>1⁰</span> <span class='ocrx_word' id='word_1_39' title='bbox 829 548 924 582; x_wconf 80' lang='lat' dir='ltr'>nihil</span> <span class='ocrx_word' id='word_1_40' title='bbox 943 548 1002 583; x_wconf 91' lang='lat' dir='ltr'>hic</span> <span class='ocrx_word' id='word_1_41' title='bbox 1021 548 1141 583; x_wconf 89' lang='lat' dir='ltr'>celtici</span> <span class='ocrx_word' id='word_1_42' title='bbox 1157 548 1297 591; x_wconf 81' lang='lat' dir='ltr'>inesse3</span> <span class='ocrx_word' id='word_1_43' title='bbox 1313 548 1355 581; x_wconf 84' lang='lat'>2⁰</span> <span class='ocrx_word' id='word_1_44' title='bbox 1369 548 1501 590; x_wconf 80' lang='lat' dir='ltr'>Alces,</span> <span class='ocrx_word' id='word_1_45' title='bbox 1518 546 1621 593; x_wconf 90' lang='lat' dir='ltr'>quod</span> <span class='ocrx_word' id='word_1_46' title='bbox 1642 555 1677 582; x_wconf 90' lang='lat' dir='ltr'>et</span> 
     </span>
     <span class='ocr_line' id='line_1_6' title="bbox 290 602 1677 658; baseline 0 -13"><span class='ocrx_word' id='word_1_47' title='bbox 290 610 393 645; x_wconf 90' lang='lat' dir='ltr'>fluvii</span> <span class='ocrx_word' id='word_1_48' title='bbox 418 624 556 646; x_wconf 90' lang='lat' dir='ltr'>nomen</span> <span class='ocrx_word' id='word_1_49' title='bbox 578 617 632 646; x_wconf 90' lang='lat' dir='ltr'>est</span> <span class='ocrx_word' id='word_1_50' title='bbox 657 610 756 658; x_wconf 84' lang='lat' dir='ltr'>apud</span> <span class='ocrx_word' id='word_1_51' title='bbox 779 610 958 655; x_wconf 89' lang='lat' dir='ltr'>Plinium,</span> <span class='ocrx_word' id='word_1_52' title='bbox 987 609 1149 645; x_wconf 85' lang='lat' dir='ltr'>effictum</span> <span class='ocrx_word' id='word_1_53' title='bbox 1176 602 1257 645; x_wconf 35' lang='lat' dir='ltr'>esse·</span> <span class='ocrx_word' id='word_1_54' title='bbox 1279 622 1325 644; x_wconf 80' lang='lat' dir='ltr'>ex</span> <span class='ocrx_word' id='word_1_55' title='bbox 1355 621 1475 657; x_wconf 81' lang='lat' dir='ltr'>graeco</span> <span class='ocrx_word' id='word_1_56' title='bbox 1506 605 1677 654; x_wconf 63' lang='grc' dir='ltr'>ἀλκήεις,</span> 
     </span>
     <span class='ocr_line' id='line_1_7' title="bbox 289 668 1679 718; baseline 0 -12"><span class='ocrx_word' id='word_1_57' title='bbox 289 672 545 707; x_wconf 83' lang='lat' dir='ltr'>contractione</span> <span class='ocrx_word' id='word_1_58' title='bbox 577 668 716 716; x_wconf 62' lang='grc' dir='ltr'>ἀλκῆς,</span> <span class='ocrx_word' id='word_1_59' title='bbox 748 672 873 717; x_wconf 88' lang='lat' dir='ltr'>fortis,</span> <span class='ocrx_word' id='word_1_60' title='bbox 907 679 1091 715; x_wconf 89' lang='lat' dir='ltr'>strenuus,</span> <span class='ocrx_word' id='word_1_61' title='bbox 1115 683 1271 706; x_wconf 89' lang='lat' dir='ltr'>numero</span> <span class='ocrx_word' id='word_1_62' title='bbox 1307 671 1443 718; x_wconf 82' lang='lat' dir='ltr'>plurali</span> <span class='ocrx_word' id='word_1_63' title='bbox 1474 669 1611 715; x_wconf 66' lang='grc' dir='ltr'>εἷλκες,</span> <span class='ocrx_word' id='word_1_64' title='bbox 1640 677 1679 706; x_wconf 89' lang='lat' dir='ltr'>ut</span> 
     </span>
     <span class='ocr_line' id='line_1_8' title="bbox 289 727 1675 782; baseline 0 -13"><span class='ocrx_word' id='word_1_65' title='bbox 289 741 387 769; x_wconf 81' lang='lat' dir='ltr'>recte</span> <span class='ocrx_word' id='word_1_66' title='bbox 416 734 545 769; x_wconf 84' lang='lat' dir='ltr'>scribit</span> <span class='ocrx_word' id='word_1_67' title='bbox 572 747 708 782; x_wconf 75' lang='lat' dir='ltr'>graecus</span> <span class='ocrx_word' id='word_1_68' title='bbox 732 734 915 781; x_wconf 85' lang='lat' dir='ltr'>interpres</span> <span class='ocrx_word' id='word_1_69' title='bbox 928 762 937 778; x_wconf 84' lang='lat'>,</span> <span class='ocrx_word' id='word_1_70' title='bbox 962 733 1064 781; x_wconf 92' lang='lat' dir='ltr'>quod</span> <span class='ocrx_word' id='word_1_71' title='bbox 1084 733 1289 780; x_wconf 84' lang='lat' dir='ltr'>scripsisset</span> <span class='ocrx_word' id='word_1_72' title='bbox 1309 727 1446 777; x_wconf 61' lang='grc' dir='ltr'>ἀλκαὶ,</span> <span class='ocrx_word' id='word_1_73' title='bbox 1466 733 1493 768; x_wconf 89' lang='lat' dir='ltr'>si</span> <span class='ocrx_word' id='word_1_74' title='bbox 1515 733 1562 768; x_wconf 86' lang='lat' dir='ltr'>ab</span> <span class='ocrx_word' id='word_1_75' title='bbox 1581 730 1675 769; x_wconf 61' lang='grc' dir='ltr'>ἀλκὴ</span> 
     </span>
     <span class='ocr_line' id='line_1_9' title="bbox 289 794 1676 842; baseline -0.001 -12"><span class='ocrx_word' id='word_1_76' title='bbox 289 796 521 831; x_wconf 88' lang='lat' dir='ltr'>substantivo</span> <span class='ocrx_word' id='word_1_77' title='bbox 550 796 758 831; x_wconf 87' lang='lat' dir='ltr'>derivatum</span> <span class='ocrx_word' id='word_1_78' title='bbox 783 803 893 839; x_wconf 88' lang='lat' dir='ltr'>esset,</span> <span class='ocrx_word' id='word_1_79' title='bbox 918 802 957 829; x_wconf 90' lang='lat' dir='ltr'>ut</span> <span class='ocrx_word' id='word_1_80' title='bbox 978 795 1152 830; x_wconf 88' lang='lat' dir='ltr'>nonnulli</span> <span class='ocrx_word' id='word_1_81' title='bbox 1177 796 1324 839; x_wconf 82' lang='lat' dir='ltr'>volunt3</span> <span class='ocrx_word' id='word_1_82' title='bbox 1350 794 1393 829; x_wconf 80' lang='lat'>30</span> <span class='ocrx_word' id='word_1_83' title='bbox 1412 795 1567 829; x_wconf 85' lang='lat' dir='ltr'>nomina</span> <span class='ocrx_word' id='word_1_84' title='bbox 1589 806 1676 842; x_wconf 87' lang='lat' dir='ltr'>ger-</span> 
     </span>
     <span class='ocr_line' id='line_1_10' title="bbox 290 856 1678 906; baseline -0.001 -14"><span class='ocrx_word' id='word_1_85' title='bbox 290 859 434 894; x_wconf 85' lang='lat' dir='ltr'>manica</span> <span class='ocrx_word' id='word_1_86' title='bbox 455 859 529 902; x_wconf 74' lang='lat' dir='ltr'>elk,</span> <span class='ocrx_word' id='word_1_87' title='bbox 552 859 653 902; x_wconf 70' lang='lat' dir='ltr'>eloh,</span> <span class='ocrx_word' id='word_1_88' title='bbox 675 860 753 906; x_wconf 56' lang='grc' dir='ltr'>εἷς,</span> <span class='ocrx_word' id='word_1_89' title='bbox 781 859 883 905; x_wconf 76' lang='lat' dir='ltr'>aelg,</span> <span class='ocrx_word' id='word_1_90' title='bbox 910 859 1011 905; x_wconf 77' lang='lat' dir='ltr'>oelg,</span> <span class='ocrx_word' id='word_1_91' title='bbox 1033 859 1086 900; x_wconf 85' lang='lat' dir='ltr'>el,</span> <span class='ocrx_word' id='word_1_92' title='bbox 1115 869 1159 891; x_wconf 85' lang='lat' dir='ltr'>ex</span> <span class='ocrx_word' id='word_1_93' title='bbox 1192 856 1343 891; x_wconf 88' lang='lat' dir='ltr'>nomine</span> <span class='ocrx_word' id='word_1_94' title='bbox 1366 868 1485 903; x_wconf 84' lang='lat' dir='ltr'>graeco</span> <span class='ocrx_word' id='word_1_95' title='bbox 1505 863 1678 903; x_wconf 88' lang='lat' dir='ltr'>corrupta</span> 
     </span>
     <span class='ocr_line' id='line_1_11' title="bbox 290 918 1679 967; baseline -0.003 -12"><span class='ocrx_word' id='word_1_96' title='bbox 290 932 367 955; x_wconf 89' lang='lat' dir='ltr'>esse</span> <span class='ocrx_word' id='word_1_97' title='bbox 375 933 384 964; x_wconf 82' lang='lat'><em>3</em></span> <span class='ocrx_word' id='word_1_98' title='bbox 407 921 448 962; x_wconf 70' lang='lat'>4⁰</span> <span class='ocrx_word' id='word_1_99' title='bbox 462 933 602 955; x_wconf 89' lang='lat' dir='ltr'>nomen</span> <span class='ocrx_word' id='word_1_100' title='bbox 627 920 800 967; x_wconf 81' lang='lat' dir='ltr'>gallicum</span> <span class='ocrx_word' id='word_1_101' title='bbox 818 920 904 952; x_wconf 82' lang='lat' dir='ltr'>e&#39;lan</span> <span class='ocrx_word' id='word_1_102' title='bbox 922 918 1023 953; x_wconf 90' lang='lat' dir='ltr'>idem</span> <span class='ocrx_word' id='word_1_103' title='bbox 1044 930 1120 952; x_wconf 85' lang='lat' dir='ltr'>esse</span> <span class='ocrx_word' id='word_1_104' title='bbox 1140 930 1182 953; x_wconf 88' lang='lat' dir='ltr'>ac</span> <span class='ocrx_word' id='word_1_105' title='bbox 1206 930 1337 952; x_wconf 85' lang='lat' dir='ltr'>vocem</span> <span class='ocrx_word' id='word_1_106' title='bbox 1359 918 1444 951; x_wconf 78' lang='lat' dir='ltr'>e&#39;lan</span> <span class='ocrx_word' id='word_1_107' title='bbox 1467 929 1537 964; x_wconf 90' lang='lat' dir='ltr'>pro</span> <span class='ocrx_word' id='word_1_108' title='bbox 1568 919 1679 952; x_wconf 43' lang='lat' dir='ltr'>elan-1</span> 
     </span>
     <span class='ocr_line' id='line_1_12' title="bbox 289 977 1680 1029; baseline -0.002 -14"><span class='ocrx_word' id='word_1_109' title='bbox 289 990 451 1024; x_wconf 74' lang='lat' dir='ltr'>cement,</span> <span class='ocrx_word' id='word_1_110' title='bbox 479 982 713 1029; x_wconf 87' lang='lat' dir='ltr'>proindeque</span> <span class='ocrx_word' id='word_1_111' title='bbox 744 980 906 1015; x_wconf 89' lang='lat' dir='ltr'>nominis</span> <span class='ocrx_word' id='word_1_112' title='bbox 935 979 1043 1026; x_wconf 80' lang='lat' dir='ltr'>graeci</span> <span class='ocrx_word' id='word_1_113' title='bbox 1069 981 1170 1013; x_wconf 81' lang='lat' dir='ltr'>alces</span> <span class='ocrx_word' id='word_1_114' title='bbox 1193 979 1420 1023; x_wconf 77' lang='lat' dir='ltr'>versioneln3</span> <span class='ocrx_word' id='word_1_115' title='bbox 1451 977 1493 1013; x_wconf 88' lang='lat'>5⁰</span> <span class='ocrx_word' id='word_1_116' title='bbox 1516 979 1680 1013; x_wconf 68' lang='lat' dir='ltr'>Machlis</span> 
     </span>
     <span class='ocr_line' id='line_1_13' title="bbox 291 1040 1680 1089; baseline -0.001 -12"><span class='ocrx_word' id='word_1_117' title='bbox 291 1043 457 1089; x_wconf 84' lang='lat' dir='ltr'>ejusdem</span> <span class='ocrx_word' id='word_1_118' title='bbox 490 1043 660 1077; x_wconf 82' lang='lat' dir='ltr'>animalis</span> <span class='ocrx_word' id='word_1_119' title='bbox 679 1053 820 1076; x_wconf 91' lang='lat' dir='ltr'>nomen</span> <span class='ocrx_word' id='word_1_120' title='bbox 847 1041 887 1074; x_wconf 88' lang='lat' dir='ltr'>in</span> <span class='ocrx_word' id='word_1_121' title='bbox 908 1040 1050 1083; x_wconf 89' lang='lat' dir='ltr'>Plinio,</span> <span class='ocrx_word' id='word_1_122' title='bbox 1071 1052 1141 1086; x_wconf 89' lang='lat' dir='ltr'>pro</span> <span class='ocrx_word' id='word_1_123' title='bbox 1164 1041 1258 1073; x_wconf 78' lang='lat' dir='ltr'>aclis</span> <span class='ocrx_word' id='word_1_124' title='bbox 1280 1047 1451 1074; x_wconf 83' lang='lat' dir='ltr'>truncato</span> <span class='ocrx_word' id='word_1_125' title='bbox 1477 1053 1555 1074; x_wconf 86' lang='lat' dir='ltr'>non</span> <span class='ocrx_word' id='word_1_126' title='bbox 1582 1053 1680 1084; x_wconf 88' lang='lat' dir='ltr'>esse,</span> 
     </span>
     <span class='ocr_line' id='line_1_14' title="bbox 290 1098 1681 1149; baseline -0.003 -10"><span class='ocrx_word' id='word_1_127' title='bbox 290 1104 355 1139; x_wconf 82' lang='lat' dir='ltr'>sed</span> <span class='ocrx_word' id='word_1_128' title='bbox 380 1116 519 1139; x_wconf 86' lang='lat' dir='ltr'>meram</span> <span class='ocrx_word' id='word_1_129' title='bbox 546 1115 678 1137; x_wconf 88' lang='lat' dir='ltr'>vocem</span> <span class='ocrx_word' id='word_1_130' title='bbox 705 1113 861 1149; x_wconf 67' lang='lat' dir='ltr'>graecam</span> <span class='ocrx_word' id='word_1_131' title='bbox 887 1098 1071 1148; x_wconf 72' lang='grc' dir='ltr'>μάχλης,</span> <span class='ocrx_word' id='word_1_132' title='bbox 1094 1100 1266 1144; x_wconf 86' lang='lat' dir='ltr'>lascivus,</span> <span class='ocrx_word' id='word_1_133' title='bbox 1294 1101 1413 1144; x_wconf 79' lang='lat' dir='ltr'>salax,</span> <span class='ocrx_word' id='word_1_134' title='bbox 1443 1100 1681 1144; x_wconf 89' lang='lat' dir='ltr'>libidinosus,</span> 
     </span>
     <span class='ocr_line' id='line_1_15' title="bbox 288 1161 1681 1213; baseline -0.004 -12"><span class='ocrx_word' id='word_1_135' title='bbox 288 1163 460 1213; x_wconf 74' lang='grc' dir='ltr'>μοιχλὶς,</span> <span class='ocrx_word' id='word_1_136' title='bbox 479 1164 631 1207; x_wconf 84' lang='lat' dir='ltr'>lasciva,</span> <span class='ocrx_word' id='word_1_137' title='bbox 649 1162 837 1199; x_wconf 82' lang='lat' dir='ltr'>meretrix.</span> <span class='ocrx_word' id='word_1_138' title='bbox 854 1162 993 1207; x_wconf 84' lang='lat' dir='ltr'>Quoad</span> <span class='ocrx_word' id='word_1_139' title='bbox 1013 1161 1182 1196; x_wconf 89' lang='lat' dir='ltr'>animalis</span> <span class='ocrx_word' id='word_1_140' title='bbox 1202 1173 1316 1208; x_wconf 84' lang='lat' dir='ltr'>genus</span> <span class='ocrx_word' id='word_1_141' title='bbox 1330 1188 1340 1205; x_wconf 76' lang='grc'>,</span> <span class='ocrx_word' id='word_1_142' title='bbox 1356 1173 1427 1208; x_wconf 88' lang='lat' dir='ltr'>pro</span> <span class='ocrx_word' id='word_1_143' title='bbox 1446 1161 1681 1207; x_wconf 72' lang='lat' dir='ltr'>phantastico</span> 
     </span>
     <span class='ocr_line' id='line_1_16' title="bbox 291 1224 977 1262; baseline -0.006 0"><span class='ocrx_word' id='word_1_144' title='bbox 291 1226 454 1262; x_wconf 89' lang='lat' dir='ltr'>numinis</span> <span class='ocrx_word' id='word_1_145' title='bbox 473 1227 577 1262; x_wconf 79' lang='lat' dir='ltr'>Alcis</span> <span class='ocrx_word' id='word_1_146' title='bbox 599 1225 820 1261; x_wconf 84' lang='lat' dir='ltr'>emblemate</span> <span class='ocrx_word' id='word_1_147' title='bbox 842 1224 977 1260; x_wconf 83' lang='lat' dir='ltr'>habeo.</span> 
     </span>
    </p>
   </div>
   <div class='ocr_carea' id='block_1_3' title="bbox 292 1302 1682 1537">
    <p class='ocr_par' dir='ltr' id='par_1_3' title="bbox 292 1302 1682 1537">
     <span class='ocr_line' id='line_1_17' title="bbox 344 1302 1680 1349; baseline -0.004 -7"><span class='ocrx_word' id='word_1_148' title='bbox 344 1308 616 1342; x_wconf 47' lang='lat' dir='ltr'>CARXXVIII.</span> <span class='ocrx_word' id='word_1_149' title='bbox 642 1305 715 1341; x_wconf 83' lang='lat' dir='ltr'>Uri.</span> <span class='ocrx_word' id='word_1_150' title='bbox 739 1305 783 1340; x_wconf 92' lang='lat' dir='ltr'>Id</span> <span class='ocrx_word' id='word_1_151' title='bbox 808 1311 862 1339; x_wconf 86' lang='lat' dir='ltr'>est</span> <span class='ocrx_word' id='word_1_152' title='bbox 883 1303 1000 1338; x_wconf 87' lang='lat' dir='ltr'>boves</span> <span class='ocrx_word' id='word_1_153' title='bbox 1028 1302 1220 1346; x_wconf 83' lang='lat' dir='ltr'>montani,</span> <span class='ocrx_word' id='word_1_154' title='bbox 1243 1315 1290 1336; x_wconf 84' lang='lat' dir='ltr'>ex</span> <span class='ocrx_word' id='word_1_155' title='bbox 1313 1302 1541 1349; x_wconf 79' lang='lat' dir='ltr'>etymologia</span> <span class='ocrx_word' id='word_1_156' title='bbox 1561 1315 1569 1336; x_wconf 91' lang='lat'>:</span> <span class='ocrx_word' id='word_1_157' title='bbox 1596 1316 1680 1337; x_wconf 84' lang='lat' dir='ltr'>urus</span> 
     </span>
     <span class='ocr_line' id='line_1_18' title="bbox 293 1356 1681 1414; baseline -0.004 -10"><span class='ocrx_word' id='word_1_158' title='bbox 293 1370 391 1404; x_wconf 89' lang='lat' dir='ltr'>enim</span> <span class='ocrx_word' id='word_1_159' title='bbox 411 1369 529 1404; x_wconf 87' lang='lat' dir='ltr'>dictus</span> <span class='ocrx_word' id='word_1_160' title='bbox 553 1375 606 1403; x_wconf 89' lang='lat' dir='ltr'>est</span> <span class='ocrx_word' id='word_1_161' title='bbox 628 1381 647 1402; x_wconf 84' lang='lat' dir='ltr'>a</span> <span class='ocrx_word' id='word_1_162' title='bbox 667 1379 786 1414; x_wconf 82' lang='lat' dir='ltr'>graeco</span> <span class='ocrx_word' id='word_1_163' title='bbox 812 1356 928 1414; x_wconf 60' lang='grc' dir='ltr'>οὖρος,</span> <span class='ocrx_word' id='word_1_164' title='bbox 949 1378 1019 1413; x_wconf 91' lang='lat' dir='ltr'>pro</span> <span class='ocrx_word' id='word_1_165' title='bbox 1043 1363 1135 1410; x_wconf 63' lang='grc' dir='ltr'>ὅρος,</span> <span class='ocrx_word' id='word_1_166' title='bbox 1166 1377 1295 1407; x_wconf 90' lang='lat' dir='ltr'>mons,</span> <span class='ocrx_word' id='word_1_167' title='bbox 1330 1363 1429 1398; x_wconf 90' lang='lat' dir='ltr'>unde</span> <span class='ocrx_word' id='word_1_168' title='bbox 1459 1364 1681 1410; x_wconf 83' lang='lat' dir='ltr'>adjectivum</span> 
     </span>
     <span class='ocr_line' id='line_1_19' title="bbox 292 1421 1682 1478; baseline -0.004 -11"><span class='ocrx_word' id='word_1_169' title='bbox 292 1430 693 1478; x_wconf 43' lang='lat' dir='ltr'>²opelos,montanus,in</span> <span class='ocrx_word' id='word_1_170' title='bbox 715 1429 906 1465; x_wconf 90' lang='lat' dir='ltr'>montibus</span> <span class='ocrx_word' id='word_1_171' title='bbox 927 1428 1084 1475; x_wconf 84' lang='lat' dir='ltr'>degens,</span> <span class='ocrx_word' id='word_1_172' title='bbox 1098 1427 1298 1462; x_wconf 83' lang='lat' dir='ltr'>subaudito</span> <span class='ocrx_word' id='word_1_173' title='bbox 1318 1421 1512 1469; x_wconf 42' lang='lat' dir='ltr'>Effighos.</span> <span class='ocrx_word' id='word_1_174' title='bbox 1535 1426 1682 1461; x_wconf 89' lang='lat' dir='ltr'>Servius</span> 
     </span>
     <span class='ocr_line' id='line_1_20' title="bbox 294 1490 1224 1537; baseline -0.008 -8"><span class='ocrx_word' id='word_1_175' title='bbox 294 1495 340 1530; x_wconf 85' lang='lat' dir='ltr'>ad</span> <span class='ocrx_word' id='word_1_176' title='bbox 362 1495 460 1528; x_wconf 87' lang='lat' dir='ltr'>hunc</span> <span class='ocrx_word' id='word_1_177' title='bbox 484 1505 631 1528; x_wconf 83' lang='lat' dir='ltr'>versum</span> <span class='ocrx_word' id='word_1_178' title='bbox 653 1492 725 1535; x_wconf 70' lang='lat'>374</span> <span class='ocrx_word' id='word_1_179' title='bbox 750 1490 852 1537; x_wconf 73' lang='lat' dir='ltr'>Virg.</span> <span class='ocrx_word' id='word_1_180' title='bbox 866 1517 875 1534; x_wconf 92' lang='lat'>,</span> <span class='ocrx_word' id='word_1_181' title='bbox 894 1490 958 1524; x_wconf 85' lang='lat' dir='ltr'>lib.</span> <span class='ocrx_word' id='word_1_182' title='bbox 984 1503 1015 1523; x_wconf 87' lang='lat'>11</span> <span class='ocrx_word' id='word_1_183' title='bbox 1031 1517 1039 1532; x_wconf 95' lang='lat'>,</span> <span class='ocrx_word' id='word_1_184' title='bbox 1063 1490 1192 1535; x_wconf 74' lang='lat' dir='ltr'>Geor-g.</span> <span class='ocrx_word' id='word_1_185' title='bbox 1214 1502 1224 1521; x_wconf 92' lang='grc'>.·</span> 
     </span>
    </p>
   </div>
   <div class='ocr_carea' id='block_1_4' title="bbox 457 1589 1227 1634">
    <p class='ocr_par' dir='ltr' id='par_1_4' title="bbox 457 1589 1227 1634">
     <span class='ocr_line' id='line_1_21' title="bbox 457 1589 1227 1634; baseline -0.006 -12"><span class='ocrx_word' id='word_1_186' title='bbox 457 1593 626 1634; x_wconf 74' lang='lat' dir='ltr'>Sylvestres</span> <span class='ocrx_word' id='word_1_187' title='bbox 646 1590 693 1621; x_wconf 78' lang='lat' dir='ltr'>uri</span> <span class='ocrx_word' id='word_1_188' title='bbox 713 1589 833 1620; x_wconf 81' lang='lat' dir='ltr'>assidue</span> <span class='ocrx_word' id='word_1_189' title='bbox 845 1613 853 1627; x_wconf 86' lang='lat'>‚</span> <span class='ocrx_word' id='word_1_190' title='bbox 873 1599 1054 1631; x_wconf 65' lang='lat' dir='ltr'>capreaeque</span> <span class='ocrx_word' id='word_1_191' title='bbox 1071 1597 1227 1629; x_wconf 81' lang='lat' dir='ltr'>sequaces.</span> 
     </span>
    </p>
   </div>
   <div class='ocr_carea' id='block_1_5' title="bbox 294 1681 1686 2529">
    <p class='ocr_par' dir='ltr' id='par_1_5' title="bbox 294 1681 1686 2529">
     <span class='ocr_line' id='line_1_22' title="bbox 298 1681 1686 1734; baseline -0.007 -11"><span class='ocrx_word' id='word_1_192' title='bbox 298 1690 491 1734; x_wconf 76' lang='lat' dir='ltr'>Sylvestrcs</span> <span class='ocrx_word' id='word_1_193' title='bbox 523 1687 598 1729; x_wconf 67' lang='lat' dir='ltr'>uri,</span> <span class='ocrx_word' id='word_1_194' title='bbox 633 1685 700 1729; x_wconf 84' lang='lat' dir='ltr'>ait,</span> <span class='ocrx_word' id='word_1_195' title='bbox 730 1685 771 1718; x_wconf 79' lang='lat' dir='ltr'>id</span> <span class='ocrx_word' id='word_1_196' title='bbox 793 1692 849 1719; x_wconf 79' lang='lat' dir='ltr'>est</span> <span class='ocrx_word' id='word_1_197' title='bbox 874 1683 978 1717; x_wconf 75' lang='lat' dir='ltr'>boves</span> <span class='ocrx_word' id='word_1_198' title='bbox 1004 1688 1168 1730; x_wconf 73' lang='lat' dir='ltr'>agrestes</span> <span class='ocrx_word' id='word_1_199' title='bbox 1195 1681 1262 1727; x_wconf 77' lang='lat' dir='ltr'>qui</span> <span class='ocrx_word' id='word_1_200' title='bbox 1290 1681 1327 1714; x_wconf 82' lang='lat' dir='ltr'>in</span> <span class='ocrx_word' id='word_1_201' title='bbox 1353 1681 1535 1725; x_wconf 69' lang='lat' dir='ltr'>Pyrenoeo</span> <span class='ocrx_word' id='word_1_202' title='bbox 1563 1687 1686 1714; x_wconf 79' lang='lat' dir='ltr'>monte</span> 
     </span>
     <span class='ocr_line' id='line_1_23' title="bbox 294 1741 1684 1792; baseline -0.006 -8"><span class='ocrx_word' id='word_1_203' title='bbox 294 1757 493 1784; x_wconf 74' lang='lat' dir='ltr'>nascuntur</span> <span class='ocrx_word' id='word_1_204' title='bbox 509 1749 602 1783; x_wconf 77' lang='lat' dir='ltr'>incer</span> <span class='ocrx_word' id='word_1_205' title='bbox 620 1748 769 1782; x_wconf 71' lang='lat' dir='ltr'>Gallias</span> <span class='ocrx_word' id='word_1_206' title='bbox 788 1753 825 1780; x_wconf 81' lang='lat' dir='ltr'>et</span> <span class='ocrx_word' id='word_1_207' title='bbox 841 1745 1051 1792; x_wconf 70' lang='lat' dir='ltr'>Hispanias</span> <span class='ocrx_word' id='word_1_208' title='bbox 1064 1743 1200 1790; x_wconf 76' lang='lat' dir='ltr'>posito.</span> <span class='ocrx_word' id='word_1_209' title='bbox 1221 1742 1326 1776; x_wconf 90' lang='lat' dir='ltr'>Idem</span> <span class='ocrx_word' id='word_1_210' title='bbox 1346 1741 1607 1776; x_wconf 83' lang='lat' dir='ltr'>celeberrimus</span> <span class='ocrx_word' id='word_1_211' title='bbox 1627 1741 1684 1775; x_wconf 91' lang='lat' dir='ltr'>vir</span> 
     </span>
     <span class='ocr_line' id='line_1_24' title="bbox 296 1803 1683 1854; baseline -0.006 -9"><span class='ocrx_word' id='word_1_212' title='bbox 296 1811 430 1847; x_wconf 87' lang='lat' dir='ltr'>Cuvier</span> <span class='ocrx_word' id='word_1_213' title='bbox 459 1811 505 1845; x_wconf 90' lang='lat' dir='ltr'>de</span> <span class='ocrx_word' id='word_1_214' title='bbox 534 1809 605 1844; x_wconf 81' lang='lat' dir='ltr'>uris</span> <span class='ocrx_word' id='word_1_215' title='bbox 637 1809 687 1842; x_wconf 81' lang='lat' dir='ltr'>ita</span> <span class='ocrx_word' id='word_1_216' title='bbox 714 1807 880 1854; x_wconf 89' lang='lat' dir='ltr'>loquitur</span> <span class='ocrx_word' id='word_1_217' title='bbox 906 1819 914 1840; x_wconf 89' lang='lat'><strong>:</strong></span> <span class='ocrx_word' id='word_1_218' title='bbox 949 1822 962 1837; x_wconf 86' lang='lat'>«</span> <span class='ocrx_word' id='word_1_219' title='bbox 991 1805 1065 1839; x_wconf 73' lang='lat' dir='ltr'>Uri.</span> <span class='ocrx_word' id='word_1_220' title='bbox 1093 1803 1214 1839; x_wconf 86' lang='lat' dir='ltr'>Boeufs</span> <span class='ocrx_word' id='word_1_221' title='bbox 1240 1814 1428 1849; x_wconf 78' lang='lat' dir='ltr'>sauvages.</span> <span class='ocrx_word' id='word_1_222' title='bbox 1457 1804 1508 1836; x_wconf 86' lang='lat' dir='ltr'>La</span> <span class='ocrx_word' id='word_1_223' title='bbox 1534 1803 1683 1849; x_wconf 85' lang='lat' dir='ltr'>plupart</span> 
     </span>
     <span class='ocr_line' id='line_1_25' title="bbox 295 1862 1684 1917; baseline -0.009 -9"><span class='ocrx_word' id='word_1_224' title='bbox 295 1874 360 1908; x_wconf 78' lang='lat' dir='ltr'>des</span> <span class='ocrx_word' id='word_1_225' title='bbox 384 1872 615 1907; x_wconf 80' lang='lat' dir='ltr'>naturalistes</span> <span class='ocrx_word' id='word_1_226' title='bbox 639 1876 797 1917; x_wconf 87' lang='lat' dir='ltr'>pensent</span> <span class='ocrx_word' id='word_1_227' title='bbox 821 1881 891 1915; x_wconf 88' lang='lat' dir='ltr'>que</span> <span class='ocrx_word' id='word_1_228' title='bbox 911 1867 1029 1902; x_wconf 76' lang='lat' dir='ltr'>c&#39;etait</span> <span class='ocrx_word' id='word_1_229' title='bbox 1053 1865 1216 1900; x_wconf 81' lang='lat' dir='ltr'>l&#39;animal</span> <span class='ocrx_word' id='word_1_230' title='bbox 1239 1865 1369 1911; x_wconf 76' lang='lat' dir='ltr'>appele</span> <span class='ocrx_word' id='word_1_231' title='bbox 1391 1876 1526 1898; x_wconf 87' lang='lat' dir='ltr'>encore</span> <span class='ocrx_word' id='word_1_232' title='bbox 1551 1862 1684 1897; x_wconf 73' lang='lat' dir='ltr'>uroclzs</span> 
     </span>
     <span class='ocr_line' id='line_1_26' title="bbox 295 1924 1685 1980; baseline -0.008 -11"><span class='ocrx_word' id='word_1_233' title='bbox 295 1948 343 1969; x_wconf 91' lang='lat' dir='ltr'>ou</span> <span class='ocrx_word' id='word_1_234' title='bbox 362 1933 560 1968; x_wconf 70' lang='lat' dir='ltr'>aner-ochs</span> <span class='ocrx_word' id='word_1_235' title='bbox 578 1945 645 1980; x_wconf 83' lang='lat' dir='ltr'>par</span> <span class='ocrx_word' id='word_1_236' title='bbox 666 1933 718 1966; x_wconf 91' lang='lat' dir='ltr'>les</span> <span class='ocrx_word' id='word_1_237' title='bbox 740 1929 973 1972; x_wconf 88' lang='lat' dir='ltr'>Allemands;</span> <span class='ocrx_word' id='word_1_238' title='bbox 992 1926 1195 1962; x_wconf 61' lang='grc' dir='ltr'>(τηεν-06713</span> <span class='ocrx_word' id='word_1_239' title='bbox 1216 1924 1362 1973; x_wconf 78' lang='lat' dir='ltr'>signifie</span> <span class='ocrx_word' id='word_1_240' title='bbox 1387 1925 1492 1960; x_wconf 83' lang='lat' dir='ltr'>boeus</span> <span class='ocrx_word' id='word_1_241' title='bbox 1509 1925 1556 1960; x_wconf 91' lang='lat' dir='ltr'>de</span> <span class='ocrx_word' id='word_1_242' title='bbox 1577 1938 1685 1959; x_wconf 87' lang='lat' dir='ltr'>mon-</span> 
     </span>
     <span class='ocr_line' id='line_1_27' title="bbox 295 1988 1685 2043; baseline -0.007 -12"><span class='ocrx_word' id='word_1_243' title='bbox 295 2004 404 2043; x_wconf 76' lang='lat' dir='ltr'>tagne</span> <span class='ocrx_word' id='word_1_244' title='bbox 424 2009 431 2030; x_wconf 76' lang='grc' dir='ltr'>ε</span> <span class='ocrx_word' id='word_1_245' title='bbox 453 1996 496 2030; x_wconf 91' lang='lat' dir='ltr'>ils</span> <span class='ocrx_word' id='word_1_246' title='bbox 520 1996 651 2042; x_wconf 82' lang='lat' dir='ltr'>jugent</span> <span class='ocrx_word' id='word_1_247' title='bbox 673 1994 789 2037; x_wconf 83' lang='lat' dir='ltr'>aussi,</span> <span class='ocrx_word' id='word_1_248' title='bbox 813 2004 908 2040; x_wconf 88' lang='lat' dir='ltr'>pour</span> <span class='ocrx_word' id='word_1_249' title='bbox 934 1992 968 2025; x_wconf 83' lang='lat' dir='ltr'>la</span> <span class='ocrx_word' id='word_1_250' title='bbox 998 1991 1164 2038; x_wconf 87' lang='lat' dir='ltr'>plupart,</span> <span class='ocrx_word' id='word_1_251' title='bbox 1193 2002 1263 2036; x_wconf 86' lang='lat' dir='ltr'>que</span> <span class='ocrx_word' id='word_1_252' title='bbox 1289 1989 1322 2023; x_wconf 91' lang='lat' dir='ltr'>le</span> <span class='ocrx_word' id='word_1_253' title='bbox 1346 1988 1455 2022; x_wconf 88' lang='lat' dir='ltr'>bison</span> <span class='ocrx_word' id='word_1_254' title='bbox 1488 1988 1534 2022; x_wconf 94' lang='lat' dir='ltr'>de</span> <span class='ocrx_word' id='word_1_255' title='bbox 1559 1988 1685 2031; x_wconf 89' lang='lat' dir='ltr'>Pline,</span> 
     </span>
     <span class='ocr_line' id='line_1_28' title="bbox 296 2049 1684 2101; baseline -0.006 -9"><span class='ocrx_word' id='word_1_256' title='bbox 296 2059 356 2092; x_wconf 84' lang='lat' dir='ltr'>liv.</span> <span class='ocrx_word' id='word_1_257' title='bbox 382 2071 462 2091; x_wconf 81' lang='lat' dir='ltr'>vm</span> <span class='ocrx_word' id='word_1_258' title='bbox 478 2085 486 2101; x_wconf 93' lang='lat'>,</span> <span class='ocrx_word' id='word_1_259' title='bbox 510 2070 539 2091; x_wconf 93' lang='lat' dir='ltr'>c.</span> <span class='ocrx_word' id='word_1_260' title='bbox 575 2056 637 2099; x_wconf 87' lang='lat'>15,</span> <span class='ocrx_word' id='word_1_261' title='bbox 668 2055 810 2090; x_wconf 86' lang='lat' dir='ltr'>semble</span> <span class='ocrx_word' id='word_1_262' title='bbox 834 2053 1008 2099; x_wconf 85' lang='lat' dir='ltr'>indiquer</span> <span class='ocrx_word' id='word_1_263' title='bbox 1039 2053 1072 2087; x_wconf 88' lang='lat' dir='ltr'>le</span> <span class='ocrx_word' id='word_1_264' title='bbox 1097 2052 1199 2085; x_wconf 60' lang='lat' dir='ltr'>lusson</span> <span class='ocrx_word' id='word_1_265' title='bbox 1231 2058 1267 2085; x_wconf 92' lang='lat' dir='ltr'>et</span> <span class='ocrx_word' id='word_1_266' title='bbox 1295 2051 1401 2084; x_wconf 74' lang='lat' dir='ltr'>l&#39;urus</span> <span class='ocrx_word' id='word_1_267' title='bbox 1420 2061 1565 2084; x_wconf 89' lang='lat' dir='ltr'>comme</span> <span class='ocrx_word' id='word_1_268' title='bbox 1589 2049 1684 2084; x_wconf 88' lang='lat' dir='ltr'>deux</span> 
     </span>
     <span class='ocr_line' id='line_1_29' title="bbox 296 2111 1685 2166; baseline -0.007 -12"><span class='ocrx_word' id='word_1_269' title='bbox 296 2118 459 2166; x_wconf 75' lang='lat' dir='ltr'>espcces,</span> <span class='ocrx_word' id='word_1_270' title='bbox 482 2126 517 2153; x_wconf 89' lang='lat' dir='ltr'>et</span> <span class='ocrx_word' id='word_1_271' title='bbox 532 2118 595 2164; x_wconf 81' lang='lat' dir='ltr'>j’ai</span> <span class='ocrx_word' id='word_1_272' title='bbox 617 2117 840 2158; x_wconf 77' lang='lat' dir='ltr'>decouvert‚</span> <span class='ocrx_word' id='word_1_273' title='bbox 867 2127 913 2149; x_wconf 90' lang='lat' dir='ltr'>en</span> <span class='ocrx_word' id='word_1_274' title='bbox 937 2114 1023 2149; x_wconf 88' lang='lat' dir='ltr'>effet</span> <span class='ocrx_word' id='word_1_275' title='bbox 1036 2141 1045 2157; x_wconf 91' lang='lat'>,</span> <span class='ocrx_word' id='word_1_276' title='bbox 1067 2113 1155 2160; x_wconf 85' lang='lat' dir='ltr'>qu&#39;il</span> <span class='ocrx_word' id='word_1_277' title='bbox 1169 2125 1191 2159; x_wconf 79' lang='lat' dir='ltr'>y</span> <span class='ocrx_word' id='word_1_278' title='bbox 1205 2124 1224 2147; x_wconf 83' lang='lat' dir='ltr'>a</span> <span class='ocrx_word' id='word_1_279' title='bbox 1239 2125 1284 2147; x_wconf 85' lang='lat' dir='ltr'>eu</span> <span class='ocrx_word' id='word_1_280' title='bbox 1297 2111 1472 2146; x_wconf 82' lang='lat' dir='ltr'>autrefois</span> <span class='ocrx_word' id='word_1_281' title='bbox 1486 2123 1531 2145; x_wconf 92' lang='lat' dir='ltr'>en</span> <span class='ocrx_word' id='word_1_282' title='bbox 1546 2112 1685 2145; x_wconf 86' lang='lat' dir='ltr'>France</span> 
     </span>
     <span class='ocr_line' id='line_1_30' title="bbox 297 2171 1686 2227; baseline -0.008 -12"><span class='ocrx_word' id='word_1_283' title='bbox 297 2182 394 2215; x_wconf 80' lang='lat' dir='ltr'>deux</span> <span class='ocrx_word' id='word_1_284' title='bbox 416 2180 562 2227; x_wconf 78' lang='lat' dir='ltr'>especes</span> <span class='ocrx_word' id='word_1_285' title='bbox 584 2180 630 2214; x_wconf 84' lang='lat' dir='ltr'>de</span> <span class='ocrx_word' id='word_1_286' title='bbox 654 2178 773 2213; x_wconf 88' lang='lat' dir='ltr'>bceufs</span> <span class='ocrx_word' id='word_1_287' title='bbox 795 2188 981 2223; x_wconf 81' lang='lat' dir='ltr'>sauvages.</span> <span class='ocrx_word' id='word_1_288' title='bbox 1009 2191 1022 2206; x_wconf 84' lang='lat'>»</span> <span class='ocrx_word' id='word_1_289' title='bbox 1043 2176 1189 2210; x_wconf 85' lang='lat' dir='ltr'>Nomen</span> <span class='ocrx_word' id='word_1_290' title='bbox 1209 2172 1462 2221; x_wconf 77' lang='lat' dir='ltr'>germanicum</span> <span class='ocrx_word' id='word_1_291' title='bbox 1482 2171 1612 2206; x_wconf 73' lang='lat' dir='ltr'>uroclzs</span> <span class='ocrx_word' id='word_1_292' title='bbox 1639 2172 1686 2205; x_wconf 85' lang='lat' dir='ltr'>ab</span> 
     </span>
     <span class='ocr_line' id='line_1_31' title="bbox 297 2233 1686 2282; baseline -0.009 -4"><span class='ocrx_word' id='word_1_293' title='bbox 297 2243 497 2277; x_wconf 68' lang='lat' dir='ltr'>‹caer-oclzs</span> <span class='ocrx_word' id='word_1_294' title='bbox 520 2248 750 2277; x_wconf 78' lang='lat' dir='ltr'>contractum</span> <span class='ocrx_word' id='word_1_295' title='bbox 770 2246 844 2282; x_wconf 71' lang='lat' dir='ltr'>est,</span> <span class='ocrx_word' id='word_1_296' title='bbox 861 2237 1062 2279; x_wconf 13' lang='lat' dir='ltr'>bauer-odes</span> <span class='ocrx_word' id='word_1_297' title='bbox 1087 2243 1209 2271; x_wconf 75' lang='lat' dir='ltr'>autem</span> <span class='ocrx_word' id='word_1_298' title='bbox 1231 2235 1279 2270; x_wconf 82' lang='lat' dir='ltr'>ab</span> <span class='ocrx_word' id='word_1_299' title='bbox 1301 2233 1389 2269; x_wconf 78' lang='lat' dir='ltr'>oclzs</span> <span class='ocrx_word' id='word_1_300' title='bbox 1402 2261 1412 2277; x_wconf 93' lang='lat'>,</span> <span class='ocrx_word' id='word_1_301' title='bbox 1436 2240 1580 2276; x_wconf 81' lang='lat' dir='ltr'>taurus,</span> <span class='ocrx_word' id='word_1_302' title='bbox 1601 2233 1686 2275; x_wconf 78' lang='lat' dir='ltr'>bOS,</span> 
     </span>
     <span class='ocr_line' id='line_1_32' title="bbox 297 2294 1685 2349; baseline -0.008 -10"><span class='ocrx_word' id='word_1_303' title='bbox 297 2312 332 2339; x_wconf 80' lang='lat' dir='ltr'>et</span> <span class='ocrx_word' id='word_1_304' title='bbox 344 2317 446 2348; x_wconf 72' lang='lat' dir='ltr'>aner,</span> <span class='ocrx_word' id='word_1_305' title='bbox 460 2304 644 2349; x_wconf 77' lang='lat' dir='ltr'>adjectivo</span> <span class='ocrx_word' id='word_1_306' title='bbox 659 2303 706 2337; x_wconf 85' lang='lat' dir='ltr'>ab</span> <span class='ocrx_word' id='word_1_307' title='bbox 726 2313 814 2342; x_wconf 80' lang='lat' dir='ltr'>aue,</span> <span class='ocrx_word' id='word_1_308' title='bbox 827 2299 1012 2347; x_wconf 83' lang='lat' dir='ltr'>planities,</span> <span class='ocrx_word' id='word_1_309' title='bbox 1026 2310 1192 2344; x_wconf 83' lang='lat' dir='ltr'>campus,</span> <span class='ocrx_word' id='word_1_310' title='bbox 1211 2295 1380 2331; x_wconf 74' lang='lat' dir='ltr'>derivato</span> <span class='ocrx_word' id='word_1_311' title='bbox 1392 2324 1400 2339; x_wconf 90' lang='lat'>,</span> <span class='ocrx_word' id='word_1_312' title='bbox 1421 2294 1685 2341; x_wconf 89' lang='lat' dir='ltr'>compositum,</span> 
     </span>
     <span class='ocr_line' id='line_1_33' title="bbox 298 2357 1684 2413; baseline -0.008 -13"><span class='ocrx_word' id='word_1_313' title='bbox 298 2373 477 2413; x_wconf 82' lang='lat' dir='ltr'>sonatque</span> <span class='ocrx_word' id='word_1_314' title='bbox 497 2366 608 2412; x_wconf 77' lang='lat' dir='ltr'>igitur</span> <span class='ocrx_word' id='word_1_315' title='bbox 621 2365 684 2399; x_wconf 79' lang='lat' dir='ltr'>hos</span> <span class='ocrx_word' id='word_1_316' title='bbox 693 2363 861 2412; x_wconf 64' lang='lat' dir='ltr'>agrestis,</span> <span class='ocrx_word' id='word_1_317' title='bbox 878 2368 917 2395; x_wconf 89' lang='lat' dir='ltr'>ut</span> <span class='ocrx_word' id='word_1_318' title='bbox 938 2373 1026 2394; x_wconf 77' lang='lat' dir='ltr'>urus</span> <span class='ocrx_word' id='word_1_319' title='bbox 1044 2359 1205 2406; x_wconf 78' lang='lat' dir='ltr'>explicat</span> <span class='ocrx_word' id='word_1_320' title='bbox 1225 2357 1384 2393; x_wconf 78' lang='lat' dir='ltr'>Servius.</span> <span class='ocrx_word' id='word_1_321' title='bbox 1406 2357 1582 2391; x_wconf 80' lang='lat' dir='ltr'>Errarent</span> <span class='ocrx_word' id='word_1_322' title='bbox 1596 2366 1684 2402; x_wconf 84' lang='lat' dir='ltr'>ergo</span> 
     </span>
     <span class='ocr_line' id='line_1_34' title="bbox 299 2419 1683 2474; baseline -0.008 -12"><span class='ocrx_word' id='word_1_323' title='bbox 299 2428 361 2474; x_wconf 74' lang='lat' dir='ltr'>qui</span> <span class='ocrx_word' id='word_1_324' title='bbox 388 2440 526 2462; x_wconf 89' lang='lat' dir='ltr'>nomen</span> <span class='ocrx_word' id='word_1_325' title='bbox 559 2439 645 2461; x_wconf 75' lang='lat' dir='ltr'>arus</span> <span class='ocrx_word' id='word_1_326' title='bbox 672 2439 692 2460; x_wconf 84' lang='lat' dir='ltr'>a</span> <span class='ocrx_word' id='word_1_327' title='bbox 720 2422 934 2471; x_wconf 80' lang='lat' dir='ltr'>germanico</span> <span class='ocrx_word' id='word_1_328' title='bbox 966 2434 1059 2456; x_wconf 75' lang='lat' dir='ltr'>aner</span> <span class='ocrx_word' id='word_1_329' title='bbox 1091 2419 1346 2455; x_wconf 84' lang='lat' dir='ltr'>contractione</span> <span class='ocrx_word' id='word_1_330' title='bbox 1376 2419 1574 2453; x_wconf 84' lang='lat' dir='ltr'>formatum</span> <span class='ocrx_word' id='word_1_331' title='bbox 1605 2429 1683 2452; x_wconf 84' lang='lat' dir='ltr'>esse</span> 
     </span>
     <span class='ocr_line' id='line_1_35' title="bbox 299 2479 1681 2529; baseline -0.008 -5"><span class='ocrx_word' id='word_1_332' title='bbox 299 2490 503 2524; x_wconf 77' lang='lat' dir='ltr'>crederent.</span> <span class='ocrx_word' id='word_1_333' title='bbox 519 2489 584 2522; x_wconf 70' lang='lat' dir='ltr'>Hce</span> <span class='ocrx_word' id='word_1_334' title='bbox 601 2488 680 2522; x_wconf 83' lang='lat' dir='ltr'>duae</span> <span class='ocrx_word' id='word_1_335' title='bbox 694 2499 804 2521; x_wconf 81' lang='lat' dir='ltr'>voces</span> <span class='ocrx_word' id='word_1_336' title='bbox 819 2484 974 2519; x_wconf 88' lang='lat' dir='ltr'>omnino</span> <span class='ocrx_word' id='word_1_337' title='bbox 988 2482 1260 2529; x_wconf 80' lang='lat' dir='ltr'>significatione</span> <span class='ocrx_word' id='word_1_338' title='bbox 1282 2489 1317 2516; x_wconf 87' lang='lat' dir='ltr'>et</span> <span class='ocrx_word' id='word_1_339' title='bbox 1337 2481 1481 2528; x_wconf 83' lang='lat' dir='ltr'>origine</span> <span class='ocrx_word' id='word_1_340' title='bbox 1495 2479 1681 2514; x_wconf 80' lang='lat' dir='ltr'>differunt.</span> 
     </span>
    </p>
   </div>
   <div class='ocr_carea' id='block_1_6' title="bbox 303 2571 1682 2690">
    <p class='ocr_par' dir='ltr' id='par_1_6' title="bbox 303 2571 1682 2690">
     <span class='ocr_line' id='line_1_36' title="bbox 356 2571 1682 2618; baseline -0.008 -4"><span class='ocrx_word' id='word_1_341' title='bbox 356 2582 437 2616; x_wconf 52' lang='grc' dir='ltr'>(Ἀρ.</span> <span class='ocrx_word' id='word_1_342' title='bbox 470 2582 635 2616; x_wconf 78' lang='lat' dir='ltr'>XXXII.</span> <span class='ocrx_word' id='word_1_343' title='bbox 661 2581 906 2614; x_wconf 71' lang='lat' dir='ltr'>Aduatucam.</span> <span class='ocrx_word' id='word_1_344' title='bbox 940 2576 1132 2611; x_wconf 80' lang='lat' dir='ltr'>Editiones</span> <span class='ocrx_word' id='word_1_345' title='bbox 1162 2583 1305 2610; x_wconf 71' lang='lat' dir='ltr'>veteres</span> <span class='ocrx_word' id='word_1_346' title='bbox 1337 2580 1535 2618; x_wconf 85' lang='lat' dir='ltr'>nosterque</span> <span class='ocrx_word' id='word_1_347' title='bbox 1565 2571 1682 2606; x_wconf 82' lang='lat' dir='ltr'>codex</span> 
     </span>
     <span class='ocr_line' id='line_1_37' title="bbox 303 2631 1681 2690; baseline -0.009 -13"><span class='ocrx_word' id='word_1_348' title='bbox 303 2644 421 2689; x_wconf 73' lang='lat' dir='ltr'>regius</span> <span class='ocrx_word' id='word_1_349' title='bbox 444 2642 716 2690; x_wconf 74' lang='lat' dir='ltr'>antiquissimus</span> <span class='ocrx_word' id='word_1_350' title='bbox 733 2640 873 2689; x_wconf 78' lang='lat'><strong>(5763)</strong></span> <span class='ocrx_word' id='word_1_351' title='bbox 888 2640 1027 2673; x_wconf 79' lang='lat' dir='ltr'>habent</span> <span class='ocrx_word' id='word_1_352' title='bbox 1051 2640 1105 2672; x_wconf 61' lang='lat' dir='ltr'>acl</span> <span class='ocrx_word' id='word_1_353' title='bbox 1123 2639 1320 2677; x_wconf 65' lang='grc' dir='ltr'>Ῑὶιτιιεαηις</span> <span class='ocrx_word' id='word_1_354' title='bbox 1334 2636 1426 2669; x_wconf 84' lang='lat' dir='ltr'>alter</span> <span class='ocrx_word' id='word_1_355' title='bbox 1439 2645 1527 2668; x_wconf 80' lang='lat' dir='ltr'>vero</span> <span class='ocrx_word' id='word_1_356' title='bbox 1552 2631 1681 2680; x_wconf 43' lang='lat'><strong>(5763)</strong></span> 
     </span>
    </p>
   </div>
   <div class='ocr_carea' id='block_1_7' title="bbox 304 2695 1683 2747">
    <p class='ocr_par' dir='ltr' id='par_1_7' title="bbox 304 2695 1683 2747">
     <span class='ocr_line' id='line_1_38' title="bbox 304 2695 1683 2747; baseline -0.007 -9"><span class='ocrx_word' id='word_1_357' title='bbox 304 2718 380 2738; x_wconf 75' lang='lat' dir='ltr'>non</span> <span class='ocrx_word' id='word_1_358' title='bbox 405 2705 597 2739; x_wconf 71' lang='lat' dir='ltr'>deterioris·</span> <span class='ocrx_word' id='word_1_359' title='bbox 623 2711 738 2747; x_wconf 80' lang='lat' dir='ltr'>notae,</span> <span class='ocrx_word' id='word_1_360' title='bbox 765 2703 1014 2737; x_wconf 77' lang='lat' dir='ltr'>Aduatucam.</span> <span class='ocrx_word' id='word_1_361' title='bbox 1035 2700 1188 2735; x_wconf 76' lang='lat' dir='ltr'>Ursinus</span> <span class='ocrx_word' id='word_1_362' title='bbox 1221 2698 1375 2746; x_wconf 75' lang='lat' dir='ltr'>primus,</span> <span class='ocrx_word' id='word_1_363' title='bbox 1401 2702 1435 2730; x_wconf 87' lang='lat' dir='ltr'>et</span> <span class='ocrx_word' id='word_1_364' title='bbox 1460 2701 1543 2742; x_wconf 79' lang='lat' dir='ltr'>post</span> <span class='ocrx_word' id='word_1_365' title='bbox 1568 2695 1683 2737; x_wconf 86' lang='lat' dir='ltr'>hunc,</span> 
     </span>
    </p>
   </div>
  </div>
 </body>
</html>
