1972 3356
546 240 613 275 DE
641 237 807 274 BELLO
837 237 993 274 CIVILI
1025 236 1118 270 LIB.
1151 235 1217 270 111.
1515 232 1584 268 105

196 328 337 373 noctis
362 337 584 388 tempore,
613 325 955 388 gubernatorem
981 323 1025 366 in
1052 332 1217 366 terram
1242 336 1400 364 navem
1429 320 1588 381 ejicere

195 419 380 472 cogunt3
404 408 507 469 ipsi,
529 406 737 452 idoneum
760 404 905 449 locum
930 404 1067 459 nacti,
1089 400 1306 464 reliquam
1329 401 1468 446 noctis
1486 418 1588 463 par-

196 502 285 536 tem
310 491 370 535 ibi
394 489 700 545 confecerunt,
720 497 764 531 et
782 486 880 531 luce
898 486 1059 546 prima,
1075 485 1216 528 missis
1235 483 1290 528 ad
1313 500 1386 529 eos
1405 483 1460 527 ab
1484 486 1589 529 Ota-

196 573 297 618 cilio
327 572 567 634 equitibus,
597 570 672 631 qui
704 585 799 613 eam
828 576 998 630 partem
1029 583 1117 611 orae
1145 566 1375 610 maritimae
1401 582 1591 611 asserva-

195 656 322 711 bant,
347 655 522 699 circiter
545 668 626 707 CD‚
653 652 818 713 quique
849 666 923 694 eos
949 649 1108 694 armati
1135 664 1187 692 ex
1210 647 1414 710 praesidio
1450 649 1588 693 secuti

195 747 316 794 sunt,
353 753 398 780 se
433 733 748 788 defenderunt,
786 741 830 776 et
867 729 1093 776 nonnullis
1124 746 1279 774 eorum
1318 729 1586 787 interfectis,

195 816 438 862 incolumes
467 832 511 861 se
539 814 595 860 ad
625 823 798 859 nostros
824 821 1101 874 receperunt.

256 899 422 943 XXIX.
460 897 564 955 Quo
602 895 738 953 facto,
778 903 1024 940 conventus
1071 893 1235 938 civium
1276 908 1589 949 romanorum,

192 978 267 1040 qui
297 979 471 1024 Lissum
501 977 786 1033 obtinebant,
816 975 937 1037 quod
967 974 1181 1037 oppidum
1212 974 1263 1018 iis
1291 983 1421 1020 antea
1447 975 1592 1020 Caesar

193 1060 475 1115 attribuerat,
487 1057 868 1119 muniendumque
877 1065 1112 1102 curaverat
1125 1091 1136 1111 ,
1146 1056 1391 1101 Antonium
1404 1056 1571 1118 recepit
1581 1091 1592 1112 ‚

192 1142 486 1202 omnibusque
500 1140 632 1185 rebus
644 1139 772 1202 juvit.
792 1137 1031 1196 Otacilius,
1047 1138 1129 1182 sibi
1145 1138 1304 1182 timens
1318 1172 1329 1195 ‚
1345 1136 1512 1200 oppido
1529 1137 1592 1182 fu-

193 1222 279 1283 git,
298 1231 342 1266 et
361 1221 416 1266 ad
429 1221 689 1283 Pompeium
706 1220 925 1282 pervenit.
962 1219 1184 1282 Expositis
1201 1218 1409 1263 omnibus
1429 1218 1590 1280 copiis,

192 1303 436 1359 Antonius,
458 1319 646 1364 quarum
667 1311 763 1346 erat
783 1316 954 1346 summa
971 1310 1285 1345 veteranarum
1303 1301 1438 1344 trium
1459 1298 1591 1362 legio-

193 1401 321 1437 num,
344 1385 563 1446 uniusque
583 1384 779 1430 tironum
794 1420 805 1438 ‚
827 1393 871 1427 et
890 1383 1089 1444 equitum
1111 1398 1251 1439 DCCC,
1271 1381 1504 1444 plerasque
1522 1398 1594 1425 na-

191 1482 266 1509 ves
302 1466 347 1509 in
384 1464 558 1510 Italiam
593 1467 779 1510 remittit
818 1464 874 1509 ad
907 1463 1102 1526 reliquos
1138 1463 1299 1508 milites
1333 1463 1594 1524 equitesque

189 1545 559 1608 transportandos
586 1563 594 1589 :
620 1556 840 1607 pontones
858 1580 869 1602 ‚
895 1544 1016 1606 quod
1042 1555 1108 1590 est
1137 1561 1275 1607 genus
1300 1544 1481 1589 navium
1506 1542 1593 1605 gal-

188 1626 393 1683 licarum,
420 1628 533 1672 Lissi
561 1625 792 1689 relinquit,
823 1627 908 1671 hoc
935 1625 1144 1683 consilio,
1173 1635 1222 1671 ut
1250 1627 1285 1670 si
1315 1625 1429 1670 forte
1457 1626 1591 1670 Pom-

187 1709 336 1770 peius,
366 1725 550 1754 vacuam
587 1709 840 1754 existimans
860 1707 1033 1753 Italiam
1051 1743 1062 1763 ‚
1089 1724 1142 1752 eo
1158 1707 1453 1769 transjecisset
1477 1722 1595 1750 exer-

188 1790 348 1846 citum,
377 1806 473 1851 quae
499 1791 653 1851 opinio
680 1800 774 1834 erat
799 1789 915 1834 edita
943 1790 988 1833 in
1015 1787 1199 1850 vulgus,
1224 1787 1417 1849 aliquam
1448 1790 1594 1834 Caesar

188 1869 244 1913 ad
267 1870 588 1931 insequendum
613 1869 863 1934 facultatem
885 1870 1067 1914 haberet
1093 1886 1102 1912 :
1128 1869 1396 1930 nuntiosque
1416 1868 1472 1912 ad
1491 1885 1590 1912 eum

189 1949 388 1995 celeriter
404 1951 560 2008 mittit,
575 1951 735 2013 quibus
754 1951 1009 2013 regionibus
1032 1950 1276 1995 exercitum
1297 1949 1592 2011 exposuisset,

188 2040 230 2075 et
254 2030 359 2093 quid
386 2031 575 2077 militum
599 2033 924 2077 transvexisset.

253 2115 398 2158 XXX.
436 2116 540 2159 Haec
578 2114 735 2159 eodem
767 2115 856 2159 fere
889 2124 1089 2177 tempore
1118 2116 1263 2159 Caesar
1293 2123 1428 2175 atque
1458 2115 1591 2158 Pom-

188 2196 314 2256 peius
343 2206 617 2257 cognoscunt
647 2213 655 2240 :
685 2211 788 2241 nam
819 2205 1127 2258 praetervectas
1155 2193 1443 2257 Apolloniam
1471 2196 1590 2256 Dyr-

188 2275 478 2338 rachiumque
501 2293 633 2322 naves
663 2277 886 2335 viderant3
913 2278 994 2340 ipsi
1019 2278 1102 2322 iter
1116 2275 1358 2322 secundum
1380 2292 1452 2320 eas
1477 2285 1594 2319 terra

188 2355 460 2414 direxerant3
481 2357 557 2402 sed
575 2374 664 2419 quo
682 2368 825 2403 essent
842 2375 902 2404 eae
922 2357 1099 2417 delatae,
1120 2358 1275 2420 primis
1296 2357 1450 2402 diebus
1474 2357 1594 2418 igno-

187 2438 346 2482 rabant
376 2456 384 2481 :
415 2440 683 2501 cognitaque
711 2456 779 2496 re,
814 2440 986 2485 diversa
1022 2440 1103 2485 sibi
1138 2440 1267 2484 ambo
1301 2437 1487 2483 consilia
1521 2454 1593 2482 ca-

186 2519 315 2579 piunt
335 2537 343 2563 :
368 2521 538 2578 Caesar,
560 2531 609 2565 ut
629 2538 761 2582 quam
780 2522 974 2582 primum
991 2538 1036 2566 se
1056 2538 1158 2566 cum
1179 2519 1376 2566 Antonio
1400 2518 1592 2579 conjun-

189 2610 331 2659 geret3
354 2603 610 2664 Pompeius,
635 2613 684 2647 ut
704 2604 984 2648 venientibus
1005 2605 1050 2648 in
1072 2604 1228 2648 itinere
1253 2618 1298 2646 se
1322 2609 1594 2662 opponeret,

190 2681 223 2722 si
247 2681 547 2743 imprudentes
571 2701 620 2729 ex
648 2684 818 2730 insidiis
848 2685 1011 2730 adoriri
1035 2694 1182 2747 posset
1217 2700 1227 2727 :
1255 2683 1498 2742 eodemque
1525 2680 1595 2725 die
