1972 3356
520 224 585 259 DE
616 222 780 258 BELLO
810 224 1195 260 ALEXANDRINOV
1480 227 1548 261 165

168 306 403 351 multitudo
433 307 754 368 oppidanorum
784 308 827 351 in
857 316 979 368 parte
1008 309 1191 351 Caesaris
1209 344 1219 364 ,
1248 326 1378 369 quam
1408 310 1547 355 dorni-

164 387 276 431 ‹Jiliis
314 388 508 448 ipsorum
540 404 627 431 non
658 397 879 443 moverat,
908 388 1027 448 quod
1053 405 1102 431 ea
1133 406 1177 432 se
1206 389 1375 434 fidelem
1403 391 1547 452 palam

168 468 326 512 nostris
352 484 443 512 esse
466 466 718 519 simulabat,
739 476 780 510 et
801 465 1031 510 descivisse
1048 485 1071 511 a
1093 470 1181 511 suis
1200 468 1447 527 videbatur;
1470 481 1516 515 ut
1535 508 1545 527 ,

165 550 197 591 si
223 548 329 591 mihi
357 546 615 591 defendendi
646 556 790 590 essent
816 545 1125 602 Alexandrini,
1151 549 1268 607 quod
1294 567 1434 611 neque
1467 551 1546 595 fal-

165 628 275 672 laces
303 636 468 681 essent,
495 642 637 686 neque
664 626 910 679 temerarii,
940 625 1077 670 multa
1104 628 1243 671 oratio
1280 628 1442 674 frustra
1471 633 1546 675 ab·

163 716 418 752 sumeretur.
445 706 596 763 Quum
625 722 726 749 vero
762 722 849 750 uno
881 714 1079 766 ternpore
1107 716 1148 750 et
1177 709 1296 751 natio
1322 725 1474 754 eorum
1503 722 1546 755 et

163 798 316 832 natura
341 795 644 848 cognoscatur,
671 786 946 847 aptissimum
966 802 1057 830 esse
1086 787 1168 830 hoc
1192 804 1329 847 genus
1357 789 1411 833 ad
1440 807 1542 851 pro-

162 866 371 910 ditionem
389 899 401 922 ,
424 881 554 909 nemo
577 864 778 910 dubitare
805 875 960 927 potest.

225 947 343 990 VIII.
369 947 515 990 Caesar
542 961 722 991 suorum
750 947 954 991 timorem
983 947 1283 993 consolatione
1308 959 1347 994 et
1373 952 1543 995 ratione

160 1026 397 1069 minuebat.
423 1028 539 1071 Nam
563 1045 583 1067 «
602 1027 744 1088 puteis
767 1026 892 1071 fossis
927 1044 1083 1088 aquam
1119 1028 1292 1073 dulcem
1322 1047 1447 1091 posse
1475 1049 1542 1075 re·-

157 1107 289 1166 periri
321 1106 567 1152 affirmabat
603 1124 610 1150 :
639 1108 787 1151 omnia
826 1109 939 1151 cnim
978 1108 1106 1152 litora
1133 1109 1392 1155 naturaliter
1420 1129 1542 1172 aquae

159 1185 296 1231 dulcis
336 1203 465 1231 venas
498 1188 674 1232 habere.
705 1188 837 1246 Quod
870 1189 904 1232 si
935 1187 1019 1233 alia
1054 1200 1164 1234 esset
1195 1190 1333 1235 litoris
1365 1194 1539 1253 aegyptii

157 1276 335 1323 natura,
373 1277 504 1329 atque
544 1269 741 1312 omnium
778 1268 1077 1329 reliquorum,
1119 1279 1293 1327 tamen,
1332 1273 1539 1332 quoniam

159 1363 278 1391 mare
315 1347 451 1392 libere
484 1358 711 1405 tenerent,
739 1366 879 1411 neque
910 1351 1054 1394 hostes
1089 1349 1270 1395 classem
1300 1352 1538 1408 haberent,

159 1427 378 1488 prohiberi
415 1445 506 1472 sese
544 1445 632 1473 non
665 1445 817 1490 posse,
853 1446 940 1490 quo
972 1432 1115 1474 minus
1148 1431 1345 1491 quotidie
1379 1449 1536 1492 aquam

153 1508 339 1555 navibus
371 1517 597 1569 peterent,
626 1507 693 1552 vel
720 1526 743 1552 a
772 1510 946 1553 sinistra
974 1520 1097 1570 parte
1123 1527 1145 1554 a
1172 1512 1443 1565 Paraetonio,
1472 1513 1537 1557 vel

154 1605 175 1631 a
202 1588 352 1631 dextra
377 1588 431 1632 ab
458 1587 620 1643 insula3
649 1606 745 1649 quae
770 1589 951 1634 diversae
980 1591 1280 1652 navigationes
1313 1609 1536 1653 nunquam

155 1685 242 1712 uno
269 1678 465 1730 tempore
487 1669 679 1713 adversis
701 1671 842 1714 ventis
866 1670 1251 1731 praecluderentur.
1281 1675 1409 1734 Fugae
1432 1689 1536 1717 vero

153 1748 322 1794 nullum
341 1765 431 1793 esse
450 1748 681 1793 consilium
707 1766 792 1793 non
813 1749 953 1794 solum
980 1751 1029 1793 iis
1046 1785 1057 1805 ,
1082 1752 1158 1810 qui
1184 1753 1372 1811 primam
1402 1753 1538 1814 digni-

155 1839 285 1873 tatem
317 1830 550 1886 haberent,
584 1829 658 1872 sed
690 1846 744 1873 ne
778 1831 826 1873 iis
853 1829 1057 1890 quidem,
1090 1831 1165 1891 qui
1196 1831 1325 1887 nihil,
1362 1842 1537 1892 praeter-

155 1926 286 1969 quam
317 1909 369 1953 de
397 1911 510 1965 vita,
538 1911 784 1971 cogitarent
810 1927 819 1952 ε
845 1926 1006 1971 magno
1036 1912 1211 1972 negotio
1238 1913 1426 1972 impetus
1457 1913 1536 1957 ho-

153 1992 283 2034 stium
300 1990 504 2035 adversos
522 2007 575 2035 ex
590 1990 909 2034 munitionibus
927 1991 1155 2048 sustineri3
1176 1992 1335 2051 quibus
1353 1992 1536 2049 relictis,

153 2087 232 2114 nec
261 2069 358 2115 loco
384 2087 462 2115 nec
488 2087 672 2115 numero
697 2087 823 2132 pares
848 2088 937 2116 esse
964 2088 1091 2133 posse
1118 2090 1126 2116 :
1155 2088 1358 2134 magnam
1387 2083 1532 2117 autem

152 2167 321 2195 moram
346 2161 389 2195 et
411 2150 717 2198 difficultatem
740 2167 967 2196 ascensum
988 2153 1029 2195 in
1054 2168 1184 2197 naves
1212 2153 1397 2210 habere,
1425 2170 1533 2214 prae-

152 2233 298 2276 sertim
326 2248 377 2276 ex
399 2232 570 2293 scaphis
595 2250 604 2275 :
629 2248 845 2277 summam
869 2249 960 2277 esse
981 2243 1134 2277 contra
1158 2234 1201 2276 in
1225 2232 1532 2278 Alexandrinis

151 2311 428 2357 velocitatem
479 2311 762 2374 locorumque
783 2323 827 2357 et
846 2313 1132 2359 aedificiorum
1157 2315 1357 2358 notitiam
1391 2332 1399 2357 :
1429 2314 1531 2371 hos,

152 2394 368 2454 praecipue
407 2394 452 2436 in
483 2393 666 2437 victoria
698 2392 962 2451 insolentes,
1000 2410 1321 2455 praecursuros,
1358 2405 1399 2439 et
1436 2394 1528 2438 loca

149 2472 382 2518 excelsiora
407 2483 536 2535 atque
560 2473 738 2518 aedificia
758 2485 1048 2536 occupaturos
1069 2492 1079 2529 ;
1110 2475 1169 2518 ita
1197 2474 1299 2537 fuga
1323 2475 1528 2518 navibus-

149 2571 231 2614 que
255 2563 427 2599 nostros
450 2554 749 2615 prohibituros
776 2572 785 2598 τ
816 2556 999 2616 proinde
1028 2556 1120 2616 ejus
1151 2554 1321 2600 consilii
1350 2553 1527 2599 oblivis-

151 2644 366 2688 cerentur,
379 2647 508 2696 atque
524 2635 641 2679 omni
658 2636 825 2679 ratione
848 2652 938 2680 esse
952 2636 1215 2680 vincendum
1231 2636 1488 2697 cogitarent.
1507 2655 1526 2676 »
