1972 3356
286 282 360 305 ιὶοο
499 271 537 305 C.
570 270 697 304 JULII
726 267 943 302 CAESARIS
975 262 1463 302 COMMENTARIORUM

290 371 367 398 nus
390 354 628 397 revertitur
649 351 946 413 Agmdicum,
971 351 1046 394 ubi
1066 335 1382 410 impedimenta
1400 346 1536 390 totius
1561 363 1680 390 exer-

284 429 395 477 citus
424 431 577 476 relicta
606 442 745 476 erant.
782 431 890 476 Inde
923 448 1025 476 cum
1054 429 1260 475 omnibus
1290 427 1427 489 copiis
1460 426 1516 472 ad
1543 428 1681 472 Caesa-

283 530 375 557 rem
401 513 615 574 pervenit.

343 594 508 638 LXIII.
531 594 792 639 Defectione
810 594 1054 639 AEduornm
1075 593 1272 655 cognita,
1291 590 1458 636 bellum
1477 598 1678 650 augetur.

281 677 548 737 Legationes
573 677 618 721 in
648 694 800 722 omnes
825 687 972 739 partes
996 676 1436 729 circummittuntur3
1464 682 1680 733 quantum

282 757 444 818 gratia,
462 758 747 815 auctoritate,
773 759 962 820 pecunia
981 756 1149 813 valent,
1174 755 1229 800 ad
1252 753 1550 800 sollicitandas
1575 754 1682 798 civi-

283 847 392 882 tates
422 840 643 883 nituntur.
673 839 805 885 Nacti
832 839 1025 893 obsides,
1057 855 1167 899 quos
1191 839 1336 882 Caesar
1359 835 1477 897 apud
1506 850 1581 879 eos
1606 834 1681 878 de-

281 931 516 981 posuerat,
546 921 708 965 horum
736 919 956 982 supplicio
983 920 1237 964 dubitantes
1269 918 1487 962 territant.
1518 918 1681 960 Petunt

281 1020 305 1046 a
328 1003 695 1064 Vercingetorige
722 1002 881 1058 AEdui,
915 1001 970 1045 ad
995 1018 1039 1046 se
1065 1001 1238 1054 veniat,
1271 1001 1551 1060 rationesque
1579 997 1682 1042 belli

281 1083 463 1146 gerendi
487 1083 798 1127 communicet.
825 1085 889 1127 Re
916 1083 1175 1144 impetrata,
1200 1081 1477 1125 contendunt
1507 1090 1557 1123 ut
1579 1080 1682 1141 ipsis

281 1181 452 1208 summa
489 1164 663 1225 imperii
706 1163 936 1218 tradatur;
973 1173 1015 1207 et
1054 1179 1099 1206 re
1140 1163 1184 1206 in
1222 1162 1572 1206 controversiam
1606 1161 1682 1205 de-

281 1245 439 1302 ducta,
475 1247 611 1290 totius
641 1244 799 1290 Galliae
825 1244 1064 1289 concilium
1094 1244 1300 1288 Bibracte
1337 1242 1562 1287 indicitur.
1595 1244 1683 1286 Eo-

281 1326 382 1370 dem
410 1328 683 1371 conveniunt
720 1326 917 1388 undique
947 1327 1216 1387 frequentes.
1251 1323 1557 1368 Multitudinis
1593 1323 1684 1367 suf-

282 1407 431 1469 fragiis
466 1425 534 1452 res
569 1409 845 1469 permittitur
876 1425 884 1451 :
919 1407 973 1452 ad
1002 1424 1139 1451 unum
1171 1422 1324 1450 omnes
1352 1406 1685 1467 'Vercingetori-

283 1506 378 1551 gem
412 1490 607 1550 probant
633 1491 961 1550 imperatorem.
987 1490 1053 1533 Ab
1079 1489 1163 1532 hoc
1189 1486 1378 1532 concilio
1403 1487 1553 1542 Remi,
1576 1487 1684 1531 Lin-

283 1587 440 1632 gones,
461 1570 634 1614 Treviri
654 1569 893 1615 abfuerunt
915 1587 923 1613 :
949 1569 1032 1626 illi,
1052 1568 1173 1630 quod
1197 1568 1435 1612 amicitiam
1460 1570 1684 1611 Romano-

283 1669 382 1696 rum
412 1653 736 1713 sequebantur3
765 1652 956 1709 Treviri,
986 1650 1105 1712 quod
1133 1650 1316 1695 aberant
1353 1649 1527 1710 longius
1558 1659 1601 1694 et
1628 1649 1682 1693 ab

283 1735 519 1780 Germanis
550 1733 889 1795 premebantur,
914 1749 1011 1793 quae
1040 1732 1123 1776 fuit
1150 1749 1279 1776 causa
1309 1747 1444 1792 quare
1480 1740 1575 1775 toto
1607 1730 1683 1774 ab·

283 1826 428 1860 essent
450 1814 568 1860 bello
604 1825 645 1859 et
672 1815 841 1861 neutris
868 1812 1030 1857 auxilia
1061 1814 1298 1856 mitterent.
1335 1815 1502 1874 Magno
1531 1812 1684 1856 dolore

284 1897 411 1941 AEdui
438 1897 589 1941 ferunt
618 1913 662 1940 se
692 1896 886 1956 dejectos
912 1895 1186 1956 principatu3
1213 1903 1465 1954 queruntur
1497 1893 1685 1937 fortunae

284 1979 702 2033 commutationem,
737 1987 779 2021 et
807 1977 991 2022 Caesaris
1025 1974 1345 2037 indulgentiam
1384 1975 1428 2018 in
1463 1991 1507 2018 se
1540 1977 1684 2035 requi-

284 2071 388 2105 runt
410 2078 418 2103 :
451 2077 595 2121 neque
623 2070 792 2114 tamen,
819 2068 1023 2119 suscepto
1050 2055 1185 2114 bello,
1214 2073 1342 2101 suum
1371 2055 1604 2100 consilium
1631 2057 1684 2100 ab

283 2142 464 2203 reliquis
487 2158 691 2202 separare
715 2139 891 2184 audent.
923 2139 1080 2188 Inviti,
1108 2155 1289 2182 summae
1313 2138 1405 2199 spei
1433 2137 1685 2182 adolescen-

284 2234 368 2279 tes,
396 2223 673 2284 Eporedorix
704 2232 747 2266 et
775 2221 1108 2276 Viridomarus,
1132 2221 1488 2282 Vercingetorigi
1512 2229 1682 2280 parent.

349 2306 510 2349 LXIV.
547 2303 626 2348 Ille
663 2305 849 2365 imperat
879 2302 1060 2363 reliquis
1093 2302 1344 2346 civitatibus
1380 2301 1582 2357 obsides;
1611 2300 1685 2344 de-

286 2387 419 2446 nique
456 2387 494 2429 ei
533 2386 594 2429 rei
635 2385 867 2430 constituit
901 2384 1031 2428 diem.
1071 2387 1169 2429 Huc
1205 2399 1356 2426 omnes
1392 2383 1585 2443 equites,
1622 2399 1680 2426 xv

288 2466 429 2510 millia
467 2483 681 2520 numero,
725 2464 926 2509 celeriter
967 2465 1205 2509 convenire
1241 2464 1380 2524 jubet.
1428 2483 1448 2503 «
1477 2462 1683 2507 Peditaiu

289 2565 419 2607 quem
443 2558 545 2591 antc
570 2547 774 2591 habuerit
799 2563 843 2590 se
864 2546 956 2589 fore
981 2556 1242 2590 contentum
1267 2545 1373 2588 dicit
1397 2564 1404 2587 z
1433 2560 1573 2604 neque
1593 2542 1681 2587 fos·-

290 2637 438 2671 tunam
467 2638 763 2682 tentaturum,
789 2637 863 2670 aut
891 2627 933 2669 in
961 2628 1053 2670 acie
1079 2628 1422 2677 dimicaturum3
1446 2625 1548 2681 sed,
1575 2642 1682 2685 qno-

291 2709 408 2751 niam
437 2709 628 2753 abundet
664 2709 888 2769 equitatu,
925 2708 1130 2769 perfacile
1163 2725 1253 2752 esse
1291 2707 1407 2751 factu
1437 2709 1681 2752 l‘rumenta-
