1972 3356
453 263 527 299 206
686 261 725 296 C.
754 261 885 296 JULIl
915 260 1132 296 CAESARIS
1162 260 1424 296 COMMENT.
1453 263 1598 298 LIBER

450 344 646 405 Dejotari
668 343 723 387 ad
738 342 1084 405 deprecandum;
1108 342 1162 387 de
1184 344 1493 388 controversiis
1514 346 1834 390 tetrarcharum

449 434 598 486 postea
629 440 673 468 se
710 424 992 485 cogniturum
1023 439 1116 467 esse
1135 443 1155 464 η
1184 423 1328 467 dixit:
1352 424 1520 485 regium
1551 425 1757 468 vestitum
1797 427 1835 470 ei

449 504 652 547 restituit.
673 504 914 565 Legionem
940 512 1085 547 autem
1102 537 1112 556 ,
1136 519 1268 564 quam
1294 519 1344 547 ex
1370 520 1528 564 genere
1553 504 1714 548 civium
1739 521 1838 549 suo-

448 602 546 629 rum
570 585 805 646 Dejotarus
835 594 1055 629 armatura
1090 583 1408 645 disciplinaque
1443 595 1591 629 nostra
1621 587 1835 629 constitu-

448 675 536 709 tam
559 665 775 721 habebat,
815 666 1146 726 equitatumque
1181 682 1354 709 omnem
1391 664 1446 709 ad
1484 664 1648 709 bellum
1682 682 1838 726 geren-

448 745 552 791 dum
581 747 797 791 adducere
819 747 960 808 jussit.

514 829 675 871 LXIX.
704 829 855 885 Quum
884 829 928 872 in
955 829 1142 872 Pontum
1171 828 1384 885 venisset,
1423 829 1659 890 copiasque
1680 811 1836 872 ¹omnes

452 910 499 952 in
535 925 674 953 unum
703 908 848 953 locum
876 910 1110 970 coegisset,
1136 925 1232 969 quae
1257 925 1443 953 numero
1472 919 1602 970 atque
1627 910 1837 953 exercita-

448 990 567 1034 tione
595 988 808 1033 bellorum
835 988 1078 1034 mediocres
1104 999 1229 1032 erant
1257 989 1472 1050 (excepta
1511 990 1630 1033 enim
1665 988 1838 1051 legione

447 1080 587 1127 sexta,
620 1087 752 1130 quam
794 1086 943 1113 secum
979 1068 1222 1113 adduxerat
1261 1068 1522 1113 Alexandria
1562 1078 1837 1126 veteranam,

448 1150 597 1195 multis
623 1150 846 1194 laboribus
873 1148 1167 1211 periculisque
1189 1148 1410 1205 functam,
1435 1148 1671 1209 multisque
1694 1147 1840 1192 militi-

446 1232 527 1275 bus
543 1233 702 1293 partim
720 1230 977 1275 difficultate
1003 1231 1211 1273 itinerum
1231 1246 1282 1273 ac
1301 1230 1658 1291 navigationum,
1678 1229 1837 1290 partim

448 1311 683 1355 crebritate
713 1310 928 1355 bellorum
967 1310 1076 1354 adeo
1117 1309 1416 1364 deminutam,
1449 1319 1498 1353 ut
1537 1310 1680 1352 minus
1720 1308 1839 1352 mille

447 1391 677 1436 hominum
711 1392 755 1435 in
782 1408 831 1436 ea
862 1401 994 1447 esset3
1033 1389 1212 1451 reliquae
1240 1399 1365 1433 erant
1388 1399 1474 1433 tres
1508 1388 1726 1450 legiones,
1752 1405 1838 1432 una

449 1465 673 1532 Dejotari,
701 1471 820 1529 duae,
848 1488 945 1532 quae
970 1472 1015 1515 in
1040 1488 1090 1515 eo
1117 1469 1296 1531 proelio,
1326 1469 1445 1530 quod
1482 1471 1562 1515 Cn.
1593 1470 1837 1514 Domitium

446 1551 598 1596 fecisse
616 1568 716 1595 cum
732 1552 956 1595 Pharnace
970 1551 1222 1612 scripsimus
1234 1585 1244 1605 ,
1260 1548 1456 1611 fuerant)
1472 1584 1482 1606 ,
1499 1549 1648 1611 legati,
1667 1567 1692 1593 a
1705 1550 1840 1594 Phar-

446 1647 553 1676 nace
576 1632 715 1688 missi,
738 1634 954 1677 Caesarem
978 1631 1164 1687 adeunt,
1191 1640 1325 1691 atque
1351 1630 1396 1673 in
1420 1630 1573 1691 primis
1602 1629 1837 1690 deprecan-

446 1723 545 1770 tur,
571 1733 591 1755 «
616 1731 669 1758 ne
696 1715 787 1775 ejus
813 1713 1027 1757 adventus
1060 1711 1232 1757 hostilis
1257 1721 1370 1756 esset
1412 1728 1420 1755 :
1458 1711 1676 1755 facturum
1720 1712 1837 1755 enim

446 1795 593 1838 omnia
628 1794 925 1846 Pharnacem,
955 1809 1052 1853 quae
1084 1793 1298 1853 imperata
1326 1800 1492 1847 essent;
1517 1811 1538 1832 »
1562 1792 1839 1852 maximeque

445 1874 868 1928 commemorabant,
895 1893 916 1915 «
932 1872 1052 1918 nulla
1078 1873 1352 1916 Pharnacem
1379 1870 1541 1915 auxilia
1564 1881 1717 1915 contra
1740 1873 1836 1916 Cae-

446 1971 587 1999 sarem
612 1955 821 2016 Pompeio
847 1954 950 1998 dare
979 1952 1192 2010 voluisse;
1217 1969 1354 2014 quum
1371 1952 1638 2012 Dejotarus,
1661 1953 1737 2012 qui
1761 1951 1838 1996 de-

445 2035 606 2091 disset,
632 2045 778 2079 tamen
803 2035 841 2079 ei
867 2033 1195 2079 satisfecisset.»

509 2119 647 2162 LXX.
685 2119 830 2162 Caesar
866 2115 1128 2177 respondet,
1156 2135 1176 2157 «
1200 2132 1243 2159 se
1265 2114 1359 2158 fore
1384 2114 1678 2175 aequissimum
1703 2113 1839 2157 Phar-

445 2199 566 2254 naci,
585 2198 645 2255 si,
667 2215 764 2259 quae
790 2197 1100 2259 polliceretur,
1125 2205 1519 2257 repraesentaturus
1546 2203 1668 2238 esset.
1689 2214 1710 2235 »
1741 2195 1838 2238 Mo-

447 2280 540 2323 nuit
566 2289 734 2335 autem,
762 2289 812 2323 ut
837 2277 1028 2333 solebat,
1053 2277 1233 2321 mitibus
1255 2276 1399 2320 verbis
1426 2275 1614 2337 legatos,
1642 2294 1661 2316 ι(
1686 2291 1740 2318 ne
1762 2283 1838 2318 aut

445 2359 704 2420 Dejotarum
729 2359 810 2403 sibi
833 2359 1101 2420 objicerent,
1127 2367 1204 2401 aut
1227 2357 1353 2400 nimis
1377 2373 1428 2400 eo
1445 2354 1742 2417 gloriarentur
1763 2354 1838 2397 be-

446 2439 627 2497 neficio,
665 2439 785 2501 quod
816 2438 976 2483 auxilia
1004 2455 1092 2482 non
1118 2439 1336 2482 misissent
1371 2454 1380 2480 :
1408 2453 1509 2480 nam
1550 2451 1594 2479 se
1618 2450 1758 2494 neque
1786 2432 1836 2476 li-

445 2521 621 2565 bentius
658 2521 801 2565 facere
826 2519 1096 2581 quidquam,
1128 2535 1260 2579 quam
1288 2516 1559 2578 supplicibus
1585 2516 1835 2576 ignoscere3

447 2617 592 2662 neque
631 2602 962 2663 provinciarum
1010 2598 1205 2660 publicas
1254 2598 1438 2659 injurias
1482 2594 1733 2639 condonare
1782 2595 1834 2638 iis

447 2698 597 2742 posse,
636 2682 711 2742 qui
746 2681 927 2725 fuissent
979 2680 1023 2723 in
1074 2696 1117 2724 se
1161 2679 1345 2723 officiosi
1378 2695 1387 2721 :
1419 2676 1462 2720 id
1500 2676 1672 2736 ipsum,
1716 2673 1836 2734 quod
