1972 3356
592 246 659 281 DE
690 245 853 280 BELLO
888 244 1156 280 AFRICANO.
1494 256 1565 280 2¹21

169 330 361 393 (pedites
382 331 518 387 enim,
541 329 647 374 dum
670 330 839 390 equites
863 328 1037 390 longius
1062 329 1116 372 ab
1141 329 1275 390 signis
1294 345 1568 391 persequun-

169 423 260 468 tur,
292 412 427 457 latere
451 411 619 456 nudato
638 447 649 469 ,
675 429 699 455 a
724 412 938 473 prox-imis
965 410 1172 455 Numidis
1188 410 1346 471 jaculis
1370 411 1572 456 vulnera-

169 496 352 549 bantur,
378 493 543 553 equites
569 502 714 537 autem
738 492 932 535 hostium
960 489 1099 551 pilum
1123 490 1275 535 militis
1298 509 1430 537 cursu
1446 491 1572 538 facile

168 572 413 635 vitabant),
438 572 568 617 edicit
592 589 670 634 per
705 572 883 616 ordines
899 607 910 629 ,
938 589 991 615 ne
1009 573 1107 632 quis
1130 571 1256 616 miles
1281 573 1336 617 ab
1364 575 1501 636 signis
1527 592 1573 619 1v

169 656 301 718 pedes
339 654 512 714 longius
556 652 826 715 procederet.
864 653 1100 712 Equitatus
1142 654 1322 697 interim
1360 655 1570 713 Labieni,

168 753 345 782 suorum
385 733 668 778 multitudine
705 733 927 788 confisus,
958 734 1145 778 Caesaris
1186 736 1455 796 paucitatem
1490 738 1573 781 cir-

167 818 332 863 cumire
358 825 543 860 conatur
572 833 580 859 :
614 816 783 876 equites
807 814 970 860 Juliani
1001 816 1152 877 pauci,
1180 814 1465 861 multitudine
1488 818 1571 862 ho-

167 899 299 943 stium
331 897 511 953 defessi,
553 898 677 958 equis
719 895 1069 953 convulneratis,
1116 896 1330 958 paulatim
1366 898 1522 943 cedere
1561 917 1571 942 :

163 980 300 1023 hostis
325 979 463 1040 magis
489 979 717 1041 magisque
735 979 913 1023 instare.
942 981 1008 1022 Ita
1036 989 1204 1040 puncto
1236 981 1449 1042 temporis
1476 998 1571 1025 om-

162 1061 292 1105 nibus
319 1060 571 1123 legionariis
595 1061 650 1105 ab
670 1060 864 1105 hostium
893 1061 1092 1121 equitatu
1116 1061 1451 1118 circumventis,
1476 1064 1572 1107 Cae-

162 1144 358 1205 sarisque
385 1143 522 1205 copiis
546 1144 590 1187 in
617 1143 770 1187 orbem
792 1141 1058 1205 compulsiS‚
1086 1145 1203 1187 intra
1233 1142 1452 1188 cancellos
1481 1162 1572 1188 om-

161 1242 239 1269 nes
261 1226 448 1287 conjecti
476 1242 678 1288 pugnare
702 1225 989 1287 cogebantur.

228 1308 349 1351 XVI.
370 1307 592 1351 Labienus
616 1308 659 1350 in
675 1323 810 1368 equo,
826 1307 971 1369 capite
996 1307 1136 1362 nudo,
1164 1309 1329 1351 versari
1352 1309 1397 1351 in
1427 1309 1570 1369 prima

161 1389 272 1445 acie,
293 1387 423 1433 simul
446 1406 548 1433 suos
575 1388 827 1445 cohortari,
852 1405 1176 1450 nonnunquam
1194 1388 1461 1450 legionarios
1483 1392 1571 1434 Cae-

160 1471 268 1514 saris
295 1471 355 1515 ita
383 1469 608 1532 appellare
646 1488 654 1514 :
690 1490 709 1511 ι(
734 1470 854 1528 Quid
891 1480 964 1526 tu,
998 1472 1162 1531 inquit,
1195 1469 1321 1515 miles
1346 1472 1454 1527 tiro,
1480 1481 1568 1515 tam

160 1551 382 1596 feroculus
408 1551 482 1596 es?
511 1555 603 1596 Vos
627 1568 805 1612 quoque
832 1553 911 1596 iste
941 1552 1087 1595 verbis
1116 1552 1365 1596 infatuavit.
1396 1554 1448 1596 In
1478 1570 1569 1597 ma-

158 1650 293 1695 gnum
309 1632 559 1678 mehercule
577 1650 651 1677 vos
666 1632 910 1695 periculum
937 1632 1126 1694 impulit.
1145 1634 1365 1678 Misereor
1380 1636 1527 1678 vestri.
1549 1655 1568 1676 n

156 1717 271 1759 Tum
297 1713 421 1759 miles
448 1732 456 1759 :
487 1735 507 1757 «
532 1716 636 1759 Non
661 1732 784 1769 sum,
813 1716 984 1776 inquit,
1019 1716 1125 1771 tiro,
1162 1716 1379 1771 Labiene,
1407 1715 1482 1760 sed
1514 1716 1567 1760 de

159 1795 331 1858 legione
355 1814 381 1840 x
412 1807 659 1841 veteranus.
688 1817 708 1838 »
735 1799 851 1840 Tum
879 1796 1103 1840 Labienus
1131 1814 1140 1839 :
1169 1816 1189 1836 α
1213 1799 1318 1842 Non
1347 1814 1566 1859 agnosc0‚

158 1878 326 1939 inquit,
366 1880 489 1940 sigua
521 1877 922 1922 decumanorum.»
964 1880 1079 1922 Tum
1106 1878 1230 1922 miles
1258 1896 1267 1921 t
1302 1899 1321 1919 «
1348 1881 1443 1923 Jam
1472 1896 1568 1933 me,

157 1960 255 2020 quis
284 1961 386 2016 sim,
414 1959 634 2022 intelliges
661 1977 670 2003 :
696 1981 716 2001 »
744 1959 871 2003 simul
903 1960 1114 2004 cassidem
1142 1960 1195 2004 de
1218 1962 1361 2022 capite
1383 1961 1567 2023 dejecit,

159 2050 208 2085 ut
237 2043 443 2104 cognosci
472 2043 524 2086 ab
549 2059 601 2086 eo
630 2052 801 2104 posset,
827 2051 958 2102 atque
984 2043 1043 2086 ita
1068 2041 1233 2103 pilum,
1263 2043 1430 2087 viribus
1455 2060 1565 2087 con-

159 2133 326 2168 tortum
345 2159 356 2181 ,
381 2123 486 2168 dum
512 2126 555 2168 in
577 2125 825 2169 Labienum
857 2125 1034 2168 mittere
1061 2124 1314 2182 contendit,
1346 2126 1447 2186 equi
1473 2142 1567 2187 gra-

158 2205 273 2248 viter
292 2204 478 2250 adverso
503 2208 671 2268 pectori
698 2206 860 2263 affixit,
888 2216 930 2250 et
958 2206 1019 2250 ait
1047 2223 1054 2249 :
1083 2207 1341 2262 «Labiene,
1365 2206 1566 2251 decuma-

159 2302 267 2329 num
291 2285 500 2342 militem,
530 2288 605 2348 qui
634 2297 676 2332 te
698 2288 836 2349 petit,
863 2288 975 2332 scito
1002 2304 1108 2332 esse.
1139 2308 1159 2328 »
1180 2289 1398 2332 Omnium
1415 2298 1562 2332 tamen

157 2367 292 2411 animi
337 2368 381 2411 in
413 2378 629 2413 terrorem
661 2370 872 2431 conjecti,
900 2380 944 2414 et
979 2370 1169 2414 maxime
1205 2371 1404 2415 tironum
1446 2388 1455 2414 ε
1489 2371 1569 2414 cir-

157 2450 432 2510 cumspicere
460 2451 578 2494 enim
611 2452 850 2509 Caesarem,
891 2470 1033 2513 neque
1063 2451 1253 2513 amplius
1282 2452 1453 2507 faeere,
1481 2452 1564 2495 nisi

158 2528 354 2574 hostium
377 2530 524 2592 jacula
549 2533 702 2577 vitare.

223 2612 366 2656 XVII.
393 2615 539 2658 Caesar
564 2614 743 2658 interim
759 2650 770 2671 ,
793 2615 978 2661 consilio
1000 2617 1193 2661 bostium
1215 2615 1415 2676 cognito,
1433 2614 1565 2675 jubet

160 2691 297 2736 aciem
321 2695 364 2738 in
392 2694 718 2756 longitudinem
734 2714 867 2758 quam
895 2699 1138 2743 maximam
1162 2697 1356 2759 porrigi,
1387 2695 1568 2740 alternis
