1972 3356
282 295 354 335 274
701 286 856 321 NOTAE
886 285 940 320 IN
969 285 1172 320 LIBRUM
1199 285 1275 319 VII

278 367 436 402 dubium
457 372 512 400 est
532 364 642 412 quin,
661 371 749 411 post
767 364 959 406 Lexoviis,
983 363 1151 398 Aulercis
1174 363 1451 407 Eburovicibus,
1470 363 1532 398 hic
1551 364 1686 411 legen-

278 429 366 463 dum
393 426 458 472 sit,
481 440 566 462 cum
584 426 766 471 Cellario,
786 425 879 461 sicut
904 425 1042 473 legitur
1062 437 1195 472 supra,
1218 437 1272 460 111
1286 452 1296 469 ,
1326 437 1391 469 17,
1412 425 1566 460 Aulerci
1581 426 1687 460 Ebu-

277 491 431 534 rovices,
454 497 542 525 ante
566 490 730 525 Lexovii.
761 490 854 524 Tres
876 487 1013 536 populi
1037 487 1140 535 apud
1161 488 1345 523 Caesarem
1368 488 1520 523 Aulerci
1540 500 1688 536 cogno-

278 552 488 597 minantur,
513 552 739 595 Cenomani,
769 550 1022 586 Brannovices
1045 550 1107 585 vel
1129 549 1350 594 Brannovii,
1385 556 1422 585 et
1445 550 1685 594 Eburovices,

277 627 357 649 non
381 621 506 650 autem
528 614 739 657 Eburones,
769 613 833 660 qui
853 613 901 648 ab
920 611 1201 647 Eburovicibus
1221 610 1286 646 alii
1305 618 1392 646 sunt
1413 618 1451 647 et
1470 612 1584 660 longe
1607 611 1687 648 dis-

276 676 356 721 siti;
387 684 424 712 et
447 689 633 725 nusquam
665 675 757 711 alibi
784 676 911 724 plures
938 673 1198 722 reperiuntur,
1224 673 1390 721 exceptis
1410 673 1687 719 Diablintibus,

276 738 342 786 qui
359 739 434 775 hoc
455 739 687 788 cognomine
710 738 996 786 distinguuntur
1015 737 1118 786 apud
1136 737 1398 782 Ptolemaeum,
1411 735 1509 772 forte
1529 737 1634 785 quod
1647 736 1686 772 in

275 801 450 837 clientela
469 802 777 838 Cenomanorum
795 808 914 837 erant.

331 891 491 926 Caletes.
512 890 670 926 «Nostri
689 890 839 926 codices
859 890 1002 925 habent
1016 889 1194 933 cadam,
1209 897 1246 926 et
1263 889 1444 937 permulti
1462 889 1526 925 alii
1533 903 1544 935 3
1558 896 1594 926 et
1606 889 1686 938 ipse

274 953 474 989 D'Anville
503 951 611 1003 (Not.
635 954 683 989 de
702 955 743 988 la
764 953 907 995 Gaude,
930 966 967 1000 p.
995 951 1087 1002 192)
1108 965 1188 988 non
1208 952 1322 988 audet
1341 952 1497 999 rejicere
1515 953 1590 987 hoc
1611 965 1687 987 no-

274 1029 381 1061 men,
405 1029 622 1064 quanquam
648 1016 713 1063 qui
738 1016 814 1051 sint
844 1016 1003 1051 Cadetes
1022 1028 1061 1050 se
1088 1015 1266 1063 ignorare
1285 1014 1521 1063 profiteatur.
1545 1015 1686 1060 Iidem,

274 1078 326 1113 ait
345 1078 490 1126 optime
515 1080 561 1113 D.
588 1079 815 1123 Achaintre,
831 1077 927 1112 mihi
945 1077 1123 1113 videntur
1146 1077 1212 1125 qui
1238 1077 1386 1112 Caletes
1404 1090 1517 1125 supra
1541 1089 1686 1113 memo-

272 1141 345 1176 rati
373 1138 531 1190 (nempe
561 1153 616 1186 11,
644 1146 683 1186 4,
712 1148 749 1176 et
772 1140 870 1176 infra
899 1153 997 1186 v111,
1019 1154 1059 1187 7,
1079 1140 1222 1189 pariter
1249 1146 1336 1175 ante
1359 1139 1616 1184 Vellocasses,
1642 1138 1687 1174 iis

273 1202 566 1253 conterminos).
584 1220 599 1235 »
626 1204 786 1239 Cadetes
805 1204 926 1248 enim,
950 1204 1021 1239 sub
1041 1203 1114 1239 hoc
1134 1203 1291 1238 nomine
1311 1209 1511 1250 corrupto,
1531 1202 1626 1238 sicut
1651 1210 1688 1238 et

275 1266 443 1309 Caletes,
465 1266 564 1302 inter
583 1266 753 1303 civitates
773 1267 979 1302 armoricas
1005 1273 1272 1310 numerantur,
1292 1272 1328 1300 et
1347 1278 1422 1300 una
1445 1265 1571 1300 littera
1595 1271 1685 1300 tan-

273 1337 351 1364 tum
373 1330 567 1366 differunt.
595 1331 723 1366 Unum
757 1331 873 1379 igitur
901 1329 1042 1366 faciunt
1066 1330 1251 1378 populum
1274 1328 1375 1376 cujus
1400 1341 1542 1364 nomen
1564 1328 1687 1364 adhuc

272 1399 396 1427 servat
422 1405 540 1440 pagus
564 1393 698 1440 gallice
728 1393 849 1429 dictus
875 1394 909 1428 le
934 1406 1026 1441 pays
1046 1393 1094 1428 de
1127 1392 1247 1428 saux.
1277 1393 1379 1439 Ergo
1398 1390 1606 1438 rejicienda
1632 1398 1686 1426 est

272 1468 553 1504 supervacanea
567 1456 679 1492 lectio
695 1457 867 1500 Cadetes,
884 1470 964 1504 quae
982 1456 1044 1491 hic
1058 1463 1204 1491 tantum
1220 1455 1259 1490 in
1279 1453 1475 1490 codicibus
1485 1453 1684 1502 reperitur.

330 1554 549 1589 Lemovices.
570 1555 658 1590 Haec
683 1568 759 1590 vox
783 1555 868 1602 jure
893 1562 1067 1603 suspecta
1092 1554 1335 1602 quibusdam,
1364 1554 1451 1602 quia
1471 1554 1551 1600 jam
1575 1565 1687 1601 supra

277 1618 503 1661 Lemovices,
524 1616 565 1652 id
584 1624 656 1661 est,
676 1618 729 1653 les
749 1618 979 1662 Limousins,
998 1624 1275 1661 memorantur,
1296 1630 1364 1652 nec
1383 1616 1564 1652 maritimi
1582 1623 1686 1660 sunt,

272 1680 339 1716 sed
367 1681 417 1716 ab
449 1680 603 1715 Oceano
637 1680 892 1715 remotissimi.
928 1680 1025 1715 Had.
1054 1679 1226 1715 Valesius
1257 1680 1449 1727 vulgatam
1484 1678 1686 1714 lectionem

271 1743 368 1778 male
387 1743 543 1787 retinet,
561 1756 674 1790 quam
693 1743 993 1791 antiquissimam
1016 1755 1094 1778 esse
1117 1743 1274 1791 probat,
1298 1749 1480 1790 putatque
1508 1742 1685 1777 Lemovi-

271 1818 330 1841 ces
361 1805 620 1840 armoricanos
648 1811 796 1853 partem
821 1817 901 1840 esse
932 1804 1205 1849 Osismiorum‚
1241 1804 1306 1851 qui
1340 1817 1441 1839 nunc
1473 1806 1686 1839 Leonenses

271 1875 476 1912 vocantur,
497 1880 659 1915 quorum
682 1867 869 1915 oppidum
889 1866 1148 1902 Sancti—Pauli
1164 1866 1310 1911 fanum,
1331 1867 1500 1902 St-Paul
1510 1867 1559 1902 de
1571 1868 1684 1902 Le'on.

270 1930 455 1966 Nonnulli
475 1930 539 1964 alii
558 1937 713 1966 censent
733 1942 885 1978 quoque
905 1930 975 1965 hos
993 1928 1215 1966 Lemovices
1236 1942 1256 1965 a
1276 1929 1544 1966 Lemovicibus
1572 1930 1684 1978 aqui-

269 1992 367 2028 tanis
392 1992 684 2041 distinguendos
704 2006 802 2038 esse,
822 2000 859 2028 et
882 2000 1029 2041 partem
1050 1992 1302 2028 Osismiorum
1326 2005 1406 2027 non
1432 1999 1684 2029 contemnen-

271 2057 368 2091 dam.
398 2057 436 2091 P.
463 2055 686 2091 Ciacconius
717 2063 755 2092 et
778 2057 838 2091 Jo.
866 2056 1035 2105 Scaliger
1063 2055 1302 2092 contendunt
1332 2068 1502 2091 errorem
1530 2069 1609 2092 esse
1646 2056 1686 2092 in

270 2127 390 2165 textu,
411 2126 448 2155 et
466 2132 600 2155 vocem
632 2121 840 2155 Lemovices
864 2119 1068 2155 delendam
1087 2132 1185 2164 esse,
1205 2118 1323 2155 veluti
1349 2131 1685 2168 supervacaneam;

269 2189 306 2218 et
333 2182 459 2231 reipsa
484 2184 627 2228 nullus,
653 2196 722 2219 nec
743 2183 901 2227 Strabo,
931 2196 1000 2218 nec
1028 2183 1269 2227 Ptolemaeus,
1295 2196 1365 2219 nec
1387 2184 1597 2232 geographi
1621 2195 1686 2219 ve-

269 2253 387 2291 teres,
407 2246 454 2282 de
479 2246 747 2281 Lemovicibus
767 2245 963 2281 armoricis
985 2245 1101 2281 locuti
1121 2253 1217 2281 sunt.
1241 2246 1351 2294 «Ego
1376 2259 1490 2292 vero,
1518 2246 1570 2281 ait
1595 2258 1683 2282 eru-

269 2297 368 2344 ditus
395 2309 616 2354 Achaintre,
644 2322 731 2345 cum
761 2309 957 2344 nonnullis
990 2309 1081 2344 viris
1116 2309 1238 2344 doctis
1266 2309 1366 2345 inter
1395 2322 1489 2357 quos
1524 2309 1684 2345 Vinetus

268 2373 546 2417 numerandus,
578 2385 659 2409 non
687 2373 801 2420 longe
839 2373 1009 2408 abessem
1044 2372 1135 2420 quin
1171 2384 1243 2420 pro
1278 2373 1489 2408 Lemovices
1520 2373 1685 2421 legerem

268 2435 488 2472 Leonices.»
516 2436 615 2471 Mihi
642 2435 794 2472 videtur
819 2448 890 2471 nec
920 2435 1142 2471 Lemovices
1170 2449 1250 2472 esse
1279 2436 1538 2473 armoricanos
1561 2450 1581 2472 a
1606 2437 1683 2472 Le-

267 2497 479 2534 movicibus
503 2499 692 2546 aquitanis
717 2498 830 2543 alios3
852 2511 923 2534 nec
941 2498 1140 2542 Leonices,
1167 2511 1308 2534 nomen
1332 2499 1539 2535 barbarum
1556 2506 1593 2534 et
1611 2511 1681 2535 ve-

268 2559 410 2595 teribus
436 2560 630 2608 ignotum‚
659 2573 731 2609 pro
750 2561 961 2597 Lemovices
987 2561 1211 2610 legendum3
1234 2574 1304 2598 nec
1324 2561 1479 2597 tandem
1492 2562 1566 2597 hoc
1588 2561 1680 2596 ulti-

268 2635 370 2657 mum
390 2636 533 2659 nomen
553 2623 772 2660 delendum.
793 2624 839 2659 In
859 2624 933 2659 hoc
954 2625 1040 2660 loco
1064 2638 1252 2673 reponere
1278 2625 1398 2660 ausim
1427 2625 1488 2660 vel
1519 2625 1678 2667 Sem-ii,

269 2684 332 2731 qui
351 2684 468 2721 iidem
496 2693 582 2721 sunt
598 2700 640 2722 ac
661 2686 835 2729 Eusubii,
857 2687 918 2722 vel
945 2688 1118 2731 Emehii,
1142 2701 1198 2732 11,
1219 2687 1286 2731 34,
1300 2687 1339 2721 in
1360 2686 1575 2722 civitatibus
1599 2700 1682 2722 ma-

270 2746 406 2782 ritimis
443 2749 639 2795 recensiti,
675 2749 848 2798 quamvis
884 2750 1080 2785 Oceanum
1115 2763 1194 2785 non
1238 2749 1442 2797 attingant,
1467 2750 1525 2784 vel
1549 2749 1681 2784 melius
