1972 3356
337 254 386 305 98
490 264 530 300 c..
558 265 688 300 JULII
719 264 936 301 CAEsAms
968 263 1126 298 comm.
1157 264 1223 298 DE
1256 265 1412 300 BELLo
1441 266 1584 301 GALL.

401 349 632 391 XXXVII.
670 347 846 403 Quibus
881 363 933 390 ex
967 346 1152 390 navibus
1188 363 1325 406 quum
1361 359 1505 392 essent
1539 349 1723 408 expositi

339 426 498 470 milites
525 427 697 471 circiter
722 442 826 481 ccc,
856 436 988 487 atque
1016 427 1060 469 in
1091 437 1231 470 castra
1260 426 1596 483 contenderent,
1625 429 1725 471 Mo-

337 509 447 561 rini,
483 523 592 567 quos
625 509 787 561 Caesar,
818 507 862 550 in
897 507 1169 551 Britanniam
1207 505 1508 566 proficiscens,
1549 516 1726 567 pacatos

338 588 597 649 reliquerat,
633 605 708 649 spe
738 586 893 648 praedae
923 586 1130 641 adducti,
1170 587 1313 647 primo
1350 603 1439 629 non
1471 587 1530 630 ita
1566 602 1728 648 magno

336 684 514 713 suorum
556 684 741 712 numero
775 668 1181 723 circumsteterunt,
1218 684 1290 723 ac,
1332 668 1366 711 si
1406 684 1497 711 sese
1539 666 1724 711 interfici

337 747 529 803 nollent,
566 765 686 792 arma
714 765 878 808 ponere
915 749 1154 808 jusserunt.
1182 748 1332 804 Quum
1370 747 1431 791 illi
1468 746 1574 791 orbe
1612 747 1726 791 facto

336 845 427 873 sese
453 828 757 883 defenderent,
782 826 981 872 celeriter
1005 828 1060 871 ad
1088 826 1326 871 clamorem
1346 827 1575 871 hominum
1599 828 1726 871 circi-

338 919 404 953 ter
432 907 568 952 millia
592 925 634 953 v1
662 919 977 952 convenerunt.
1005 909 1106 966 Qua
1138 925 1185 951 re
1216 909 1437 961 nuntiata,
1466 907 1609 952 Caesar
1632 923 1726 951 om-

337 1005 437 1033 nem
462 1006 512 1032 ex
527 990 676 1032 castris
695 989 942 1049 equitatum
962 988 1051 1031 suis
1075 987 1239 1031 auxilio
1262 989 1393 1031 misit.
1419 989 1602 1031 Interim
1627 1004 1727 1031 nos-

336 1070 391 1113 tri
412 1068 569 1113 milites
595 1070 807 1130 impetum
824 1068 1018 1112 hostium
1041 1068 1366 1124 sustinuerunt,
1388 1078 1518 1128 atque
1537 1067 1726 1129 amplius

336 1150 455 1194 horis
489 1166 535 1194 1v
564 1150 799 1194 fortissime
828 1158 1158 1209 pugnaverunt,
1189 1158 1250 1203 et,
1287 1149 1438 1209 paucis
1472 1148 1727 1193 vulneribus

336 1232 546 1292 acceptis,
570 1230 819 1291 complures
839 1246 889 1272 ex
917 1229 967 1273 iis
987 1228 1257 1273 occiderunt.
1282 1230 1439 1272 Postea
1464 1245 1570 1272 vero
1594 1246 1726 1289 quam

334 1312 554 1372 equitatus
567 1321 717 1355 noster
731 1312 776 1353 in
789 1319 1073 1371 conspectum
1089 1310 1222 1364 venit,
1235 1309 1381 1353 hostes
1401 1309 1579 1369 abjectis
1594 1311 1727 1353 armis

335 1401 457 1453 terga
481 1401 727 1447 verterunt,
751 1406 1026 1451 magnusque
1048 1406 1200 1433 eorum
1226 1406 1437 1433 numerus
1463 1399 1528 1433 est
1545 1390 1725 1434 occisus.

401 1474 658 1515 XXXVIII.
683 1473 848 1525 Caesar,
870 1480 1046 1531 postero
1071 1469 1161 1526 die,
1184 1472 1234 1513 T.
1265 1470 1507 1515 Labienum
1535 1469 1725 1531 legatum

335 1569 436 1596 cum
464 1553 517 1596 iis
543 1551 788 1614 legionibus
811 1568 918 1612 quas
942 1567 994 1595 ex
1022 1551 1252 1594 Britannia
1275 1551 1531 1606 reduxerat,
1558 1551 1603 1594 in
1627 1553 1726 1596 Mo-

332 1634 477 1687 rinos,
499 1633 575 1693 qui
594 1631 881 1677 rebellionem
905 1631 1118 1684 fecerant,
1147 1631 1278 1674 misit.
1304 1631 1396 1688 Qui
1416 1648 1575 1691 quum,
1594 1648 1726 1691 prop-

335 1724 402 1758 ter
423 1714 640 1758 siccitates
670 1712 906 1773 paludum,
930 1728 1018 1772 quo
1042 1728 1086 1755 se
1104 1712 1374 1772 reciperent,
1400 1727 1489 1754 non
1514 1711 1728 1755 haberent

335 1793 446 1855 (quo
481 1794 683 1855 perfugio
715 1794 941 1854 superiore
966 1809 1084 1836 anno
1113 1791 1287 1836 fuerant
1316 1790 1428 1849 usi),
1457 1807 1610 1835 omnes
1638 1791 1728 1835 fere

333 1874 379 1917 in
412 1883 673 1935 potestatem
710 1874 894 1917 Labieni
929 1882 1159 1917 venerunt.
1193 1874 1250 1916 At
1278 1873 1334 1929 Q
1362 1872 1561 1916 Titurius
1596 1882 1640 1915 et
1672 1874 1724 1916 L.

335 1956 486 2009 Cotta,
522 1953 673 2015 legati,
715 1954 790 2014 qui
815 1954 860 1996 in
893 1953 1208 2013 Menapiorum
1235 1952 1342 1996 fines
1368 1951 1558 2013 legiones
1592 1951 1724 1996 duxe-

334 2043 453 2090 rant,
479 2034 682 2077 omnibus
712 2050 864 2077 eorum
893 2034 1006 2094 agris
1036 2033 1236 2088 vastatis,
1263 2032 1496 2076 frumentis
1526 2033 1726 2087 succisis,

333 2114 526 2158 aedificiis
542 2114 750 2170 incensis,
770 2113 889 2175 quod
909 2114 1107 2175 Menapii
1132 2131 1175 2157 se
1199 2130 1351 2157 omnes
1376 2115 1421 2157 in
1447 2112 1726 2158 densissimas

334 2192 460 2237 silvas
489 2194 768 2251 abdiderant,
798 2211 842 2238 se
869 2194 925 2238 ad
953 2195 1170 2239 Caesarem
1198 2202 1475 2254 receperunt.
1505 2195 1650 2238 Caesar
1679 2195 1723 2237 in

334 2273 475 2335 Belgis
510 2276 710 2319 omnium
752 2274 975 2337 legionum
1020 2274 1205 2318 hiberna
1244 2275 1488 2318 constituit.
1526 2276 1589 2318 Eo
1629 2274 1723 2318 duae

334 2355 513 2397 omnino
551 2356 748 2400 civitates
785 2372 838 2399 ex
874 2355 1104 2398 Britannia
1135 2353 1307 2397 obsides
1339 2355 1587 2399 miserunt:
1620 2352 1724 2397 reli-

333 2449 429 2494 quae
444 2434 742 2494 neglexerunt.
758 2436 836 2479 His
859 2434 989 2478 rebus
1009 2433 1160 2495 gestis,
1182 2451 1234 2478 ex
1257 2433 1414 2479 litteris
1434 2434 1612 2480 Caesaris
1633 2433 1723 2478 die—

335 2529 432 2556 rum
454 2531 511 2557 xx
537 2513 797 2575 supplicatio
819 2532 843 2559 a
861 2524 1014 2559 senatu
1038 2514 1212 2558 decreta
1232 2524 1310 2559 est.
