1972 3356
348 270 382 315 ᾖν
771 269 972 303 NOTITIA
1003 269 1325 305 LITTERARIA.

353 348 527 407 quidem
573 348 743 404 accidit,
777 359 825 391 ut
845 347 1128 392 alexandrino
1159 358 1289 409 atque
1322 346 1515 390 africano
1535 346 1648 390 bello
1667 347 1731 390 iu-

354 437 582 471 teressem:
618 444 714 488 quae
739 427 850 472 bella
883 445 1132 488 quanquam
1158 445 1210 472 ex
1243 437 1366 489 parte
1399 427 1522 471 nobis
1555 429 1732 472 Caesaris

353 523 548 550 sermone
581 517 684 552 sunt
703 518 817 565 nota,
834 518 980 552 tamen
1000 507 1124 552 aliter
1148 508 1349 552 audimus
1382 524 1444 563 ea,
1477 524 1570 567 quae
1585 524 1730 552 rerum

353 587 544 630 novitate
581 593 658 628 aut
691 587 977 631 admiratione
1007 605 1086 632 nos
1117 589 1297 649 capiunt
1326 605 1335 630 :
1369 587 1508 644 aliter,
1541 605 1635 648 quae
1652 605 1733 648 pro

349 676 600 720 testimonio
631 693 780 721 sumus
813 677 988 723 dicturi.
1012 699 1031 720 »
1061 679 1250 724 Videtur
1276 690 1419 724 tamen
1450 681 1620 725 Hirtius
1645 696 1734 724 non

349 766 424 809 ista
449 765 595 810 solum
616 768 862 828 scripsisse,
883 768 957 812 sed
978 785 1251 830 quaecunque
1275 772 1422 814 Caesar
1446 780 1543 831 post
1570 769 1734 814 bellum

347 853 552 916 gallicum
580 856 780 916 gessisset
808 873 945 917 usque
974 856 1030 900 ad
1056 856 1186 902 finem
1213 859 1325 902 vitae.
1349 859 1463 903 Nam
1490 858 1654 902 ibidem
1680 857 1738 901 le-

347 960 421 1004 gas
442 960 452 987 z
473 944 762 989 «Novissime
787 946 1039 1007 imperfecta
1064 947 1119 990 ab
1149 947 1279 991 rebus
1305 948 1435 1009 gestis
1465 945 1739 991 Alexandriae

346 1032 534 1090 confeci,
562 1050 699 1095 usque
723 1035 778 1078 ad
799 1036 987 1093 exitum,
1010 1053 1099 1080 non
1127 1036 1306 1097 quidem
1332 1036 1471 1081 civilis
1505 1036 1739 1081 dissensio-

348 1122 575 1184 11is,cujus
608 1123 739 1168 finem
779 1124 951 1169 nullum
990 1125 1208 1182 videmus,
1245 1126 1319 1169 sed
1354 1127 1452 1170 vitae
1489 1126 1685 1171 Caesaris.
1719 1146 1739 1167 n

354 1215 513 1257 Verum
534 1222 664 1275 puto,
688 1215 722 1257 si
747 1213 847 1257 libri
869 1213 923 1258 de
947 1213 1067 1260 Bello
1088 1216 1365 1277 Hispaniensi
1381 1214 1575 1276 ejusdem
1599 1225 1741 1259 essent

347 1302 558 1357 auctoris,
586 1303 651 1346 uti
681 1302 862 1360 Gallici,
889 1303 1198 1361 Alexandrini,
1229 1313 1272 1348 et
1297 1303 1494 1349 Africani
1524 1302 1649 1359 belli,
1680 1306 1741 1349 ita

347 1391 646 1451 Hispaniensis
662 1392 790 1435 etiam
806 1391 1003 1436 disertim
1024 1393 1304 1437 meminisset.
1324 1394 1416 1438 Nec
1437 1391 1549 1437 liber
1566 1393 1601 1437 is
1618 1392 1739 1437 aliud

347 1479 548 1537 videtur,
576 1497 708 1541 quam
731 1481 988 1542 Ephemeris
1011 1499 1020 1525 :
1052 1492 1101 1526 ut
1127 1492 1229 1526 sunt
1261 1493 1524 1546 argumenta
1548 1482 1641 1541 illa,
1669 1500 1740 1528 eo-

347 1569 445 1614 dem
467 1579 682 1633 tempore,
709 1570 905 1630 ejusdem
927 1572 1020 1616 diei
1034 1581 1248 1635 tempore,
1272 1571 1544 1633 similiaque,
1564 1589 1660 1634 quae
1681 1572 1742 1616 ibi

347 1669 602 1703 occurrunt.
628 1662 831 1705 Fortasse
858 1670 923 1706 est
948 1660 1087 1706 Balbi.

410 1751 526 1794 Sane
565 1749 760 1795 Cornelii
797 1750 921 1796 Balbi
965 1752 1302 1814 Ephemeridem
1347 1752 1499 1797 laudat
1535 1751 1743 1797 Sidonius

348 1837 459 1882 libro
486 1856 552 1894 1x,
589 1839 775 1901 epistola
800 1857 887 1885 XIV.
928 1862 948 1883 c<
981 1843 1119 1902 Quis,
1154 1843 1322 1904 inquit,
1352 1841 1488 1886 Balbi
1516 1843 1742 1904 Eplzeme-

347 1929 484 1974 ridem
508 1931 660 1983 fando
689 1931 1027 1994 adaequaverit?
1050 1952 1070 1972 »
1097 1932 1202 1992 Ejus
1238 1941 1385 1976 autem
1412 1941 1533 1993 gesta
1560 1932 1743 1976 Caesaris

349 2019 561 2080 signasse,
584 2020 747 2065 indicat
768 2022 1006 2066 Suetonius
1026 2022 1071 2065 in
1091 2020 1195 2065 Julii
1216 2022 1325 2078 vita,
1346 2037 1438 2082 cap.
1463 2020 1516 2066 81
1540 2038 1549 2064 ε
1568 2021 1745 2081 «Cujus

349 2110 433 2163 rei,
468 2126 522 2152 ne
548 2111 646 2171 quis
673 2109 918 2155 fabulosam
944 2121 1021 2155 aut
1047 2111 1394 2155 commentitiam
1418 2120 1563 2172 putet,
1591 2119 1746 2154 auctor

349 2208 413 2242 est
428 2198 658 2244 Cornelius
674 2199 837 2244 Balbus
852 2200 1213 2244 familiarissimus
1229 2201 1461 2246 Caesaris.»
1478 2203 1623 2260 Atque
1638 2198 1742 2244 olim

349 2289 552 2333 exstitere
577 2291 760 2336 Caesaris
783 2290 838 2335 ad
862 2291 982 2335 hunc
1005 2290 1188 2335 Balbum
1219 2289 1507 2351 epistolarum
1535 2289 1659 2346 libri,
1680 2289 1743 2333 fa-

351 2376 613 2424 miliaritatis
635 2380 758 2424 istius
783 2380 968 2436 indices,
997 2389 1106 2424 teste
1127 2379 1297 2426 Gellio.
1318 2379 1393 2424 lib.
1416 2396 1536 2433 xvn,
1556 2397 1649 2440 cap.
1676 2395 1720 2441 9.

417 2469 502 2512 Sed
526 2471 560 2513 si
582 2469 708 2515 Balbi
735 2471 992 2532 Ephemeris
1014 2488 1104 2515 non
1130 2472 1210 2527 sit,
1236 2471 1422 2515 omnino
1448 2480 1603 2514 auctor
1629 2468 1745 2512 illius

351 2557 481 2601 fuerit
501 2562 549 2604 C.
573 2564 767 2618 Oppius,
787 2562 840 2605 ab
864 2561 1088 2606 nonnullis
1103 2562 1374 2606 existimatus
1393 2569 1548 2604 auctor
1568 2576 1744 2615 eorum,

351 2665 445 2708 quae
470 2650 614 2693 Hirtio
635 2651 690 2694 ab
714 2650 807 2695 aliis
837 2652 1159 2707 tribuerentur3
1185 2649 1556 2712 quemadmodum
1587 2652 1744 2693 Sueto-
