1972 3356
361 278 435 321 154
566 276 606 312 C.
635 276 766 313 JULII
796 276 1010 313 CAESARIS
1041 276 1533 313 COMMENTARIORUM

423 361 636 405 XXXIII.
663 361 831 405 Partito
853 361 1069 417 exercitu,
1090 363 1139 405 T.
1165 361 1409 405 Labienum
1432 376 1530 404 cum
1558 358 1740 421 legioni-

358 441 438 485 bus
468 440 608 484 tribus
631 440 685 484 ad
706 442 936 485 Oceanum
954 458 1126 498 versus,
1154 443 1197 485 in
1221 458 1291 485 eas
1313 451 1458 502 partes
1478 457 1573 501 quae
1591 442 1742 484 Mena-

360 521 455 581 pios
482 521 732 583 attingunt,
755 521 973 582 proficisci
995 522 1121 583 jubet
1145 539 1153 565 ε
1180 524 1229 567 C.
1245 521 1515 565 Trebonium
1535 537 1634 564 cum
1650 520 1745 580 pari

358 599 580 662 legionum
613 618 800 647 numero
826 601 881 647 ad
905 619 1001 646 eam
1024 603 1248 664 regionem
1279 618 1374 662 quae
1396 601 1637 646 Aduatucis
1668 601 1746 644 ad-

355 682 491 741 jacet,
513 681 867 743 depopulandam
894 684 1029 727 mittit
1055 700 1063 727 ε
1089 684 1180 744 ipse
1197 699 1297 726 cum
1323 681 1501 742 reliquis
1525 681 1668 725 tribus
1692 680 1747 723 ad

360 761 525 805 flumen
559 763 776 821 Scaldim,
811 764 929 825 quod
965 763 1110 808 influit
1144 765 1188 807 in
1221 765 1413 819 Mosam,
1443 772 1748 822 extremasque

359 842 609 887 Arduennae
636 854 782 904 partes
810 845 872 888 ire
893 845 1139 900 constituit,
1162 861 1248 905 quo
1278 860 1378 888 cum
1407 844 1558 904 paucis
1587 843 1748 903 equiti-

360 922 441 966 bus
474 923 724 984 profectum
753 924 1055 985 Ambiorigem
1092 924 1311 968 audiebat.
1351 922 1618 979 Discedens,
1652 932 1750 983 post

360 1003 475 1048 diem
506 1006 741 1066 septimum
773 1021 864 1048 sese
898 1021 1177 1048 reversurum
1214 1004 1447 1048 confirmat
1482 1022 1491 1047 :
1527 1019 1659 1064 quam
1694 1002 1749 1046 ad

361 1084 476 1128 diem
501 1085 539 1128 ei
561 1084 719 1146 legioni
752 1101 849 1145 quae
873 1086 917 1128 in
941 1084 1142 1145 praesidio
1167 1083 1519 1144 relinquebatur,
1551 1084 1748 1128 frumen-

362 1174 456 1208 tum
491 1164 639 1209 deberi
666 1165 842 1209 sciebat.
867 1165 1112 1209 Labienum
1141 1164 1499 1224 Treboniumque
1526 1164 1749 1219 hortatur,

362 1246 396 1288 si
419 1244 671 1306 reipublicae
693 1245 926 1290 commodo
948 1245 1091 1289 facere
1117 1245 1310 1306 possint,
1337 1244 1392 1288 ad
1422 1261 1517 1288 eam
1540 1244 1656 1288 diem
1681 1261 1750 1288 re-

362 1336 610 1383 vertantur3
633 1336 706 1385 ut,
730 1343 881 1371 rursus
903 1327 1232 1370 communicato
1264 1324 1467 1381 consilio,
1493 1324 1750 1386 exploratis-

362 1424 447 1468 que
470 1408 664 1452 hostium
688 1407 957 1464 rationibus,
988 1405 1106 1451 aliud
1135 1405 1238 1451 belli
1264 1407 1440 1450 initium
1469 1422 1626 1467 capere
1652 1422 1750 1466 pos-

364 1498 473 1532 sent.

425 1570 634 1613 XXXIV.
657 1572 783 1625 Erat,
801 1579 849 1613 ut
866 1586 999 1630 supra
1015 1568 1411 1613 demonstravimus
1423 1602 1434 1622 ‚
1460 1583 1615 1611 manus
1635 1576 1754 1611 certa

364 1649 508 1708 nulla,
532 1667 622 1694 non
645 1650 880 1712 oppidum,
906 1667 995 1694 non
1021 1649 1293 1711 praesidium,
1317 1648 1435 1709 quod
1457 1664 1502 1692 se
1525 1649 1658 1692 armis
1683 1647 1754 1690 de-

365 1731 584 1788 fenderet3
614 1731 688 1775 sed
716 1733 761 1775 in
795 1748 946 1775 omnes
980 1741 1126 1791 partes
1158 1729 1353 1790 dispersa
1379 1728 1634 1773 multitudo.
1666 1727 1751 1771 Ubi

366 1812 525 1872 cuique
552 1821 626 1855 aut
654 1810 777 1855 vallis
805 1810 981 1864 abdita,
1014 1821 1091 1854 aut
1117 1808 1240 1854 locus
1265 1808 1495 1862 silvestris,
1526 1818 1601 1852 aut
1630 1806 1754 1869 palus

367 1891 574 1953 impedita
608 1909 730 1953 spem
767 1891 955 1952 praesidii
990 1901 1065 1935 aut
1106 1889 1258 1935 salutis
1289 1887 1482 1949 aliquam
1518 1888 1755 1942 offerebat,

366 1972 635 2017 consederat.
659 1975 763 2017 Haec
786 1971 882 2016 loca
901 1971 1199 2016 vicinitatibus
1223 1980 1350 2014 erant
1374 1980 1498 2025 nota,
1526 1985 1755 2032 magnam-

364 2071 448 2114 que
469 2071 537 2098 res
565 2052 840 2115 diligentiam
860 2053 1140 2114 requirebat,
1165 2068 1254 2096 non
1278 2053 1323 2095 in
1345 2067 1517 2095 summa
1538 2051 1755 2095 exercitus

365 2134 529 2180 tuenda
561 2133 760 2196 (nullum
791 2134 908 2178 enim
940 2144 1112 2195 poterat
1148 2133 1387 2188 universis,
1423 2132 1477 2175 ab
1510 2131 1755 2192 perterritis

365 2232 414 2259 ac
438 2216 661 2277 dispersis,
686 2214 931 2276 periculum
955 2213 1190 2273 accidere),
1216 2213 1291 2257 sed
1315 2214 1360 2256 in
1391 2211 1574 2275 singulis
1604 2209 1756 2254 militi-

365 2296 445 2340 bus
476 2295 813 2350 conservandi53
843 2311 941 2356 quae
970 2304 1116 2339 tamen
1147 2311 1197 2337 ex
1227 2304 1353 2355 parte
1381 2309 1449 2336 res
1480 2292 1535 2336 ad
1569 2290 1755 2335 salutem

367 2378 582 2422 exercitus
598 2377 859 2438 pertinebat.
875 2378 991 2422 Nam
1012 2387 1053 2420 et
1072 2375 1227 2437 praedae
1250 2373 1467 2435 cupiditas
1485 2371 1647 2416 multos
1668 2370 1756 2415 lon-

365 2458 461 2519 gius
499 2459 729 2511 evocabat,
761 2468 805 2502 et
845 2456 963 2501 silvae
1005 2457 1182 2501 incertis
1216 2453 1490 2514 occultisque
1524 2451 1755 2495 itineribus

365 2538 585 2582 confertos
618 2537 738 2582 adire
770 2538 1077 2599 prohibebant.
1116 2538 1161 2581 Si
1198 2537 1424 2597 negotium
1454 2532 1635 2581 confici,
1659 2532 1758 2575 stir-

368 2636 556 2680 pemque
584 2620 817 2663 hominum
856 2618 1169 2663 sceleratorum
1205 2615 1390 2660 interfici
1419 2612 1577 2668 vellet,
1609 2611 1756 2655 dimit-

370 2699 509 2743 tondae
529 2699 675 2760 plures
697 2717 877 2755 manus,
897 2698 1217 2758 diducendique
1241 2705 1364 2740 erant
1388 2693 1547 2738 milites
1570 2711 1577 2737 :
1603 2693 1637 2737 si
1656 2707 1758 2736 con-
