1972 3356
512 210 515 211 ⁷
557 195 624 231 DE
656 195 813 231 BELLO
842 194 1054 231 GALLICO
1084 196 1174 230 LIB.
1202 195 1230 231 Ι.
1541 208 1589 244 ⁴29

195 288 344 323 utrum
365 277 482 338 apud
506 295 578 323 eos
601 280 746 341 pudor·
770 289 901 340 atque
926 279 1139 336 officium,
1164 297 1219 324 an
1247 280 1379 324 timor
1408 279 1588 324 valeret.

195 358 331 416 Quod
352 359 387 403 si
411 369 621 420 praeterea
643 378 775 405 nemo
796 370 1024 420 sequatur,
1044 371 1192 404 tamen
1215 378 1259 405 se
1277 377 1377 404 cum
1402 359 1493 404 sola
1516 359 1593 404 de-

196 441 309 485 cima
333 439 506 502 legione
528 443 715 495 iturum,
740 441 794 485 de
817 458 903 501 qua
923 458 1012 484 non
1037 441 1278 496 dubitaret3
1299 443 1469 502 sibique
1495 458 1592 485 eam

197 522 447 582 praetoriam
468 522 697 566 cohortem
717 521 925 564 futuram.
946 541 965 562 »
985 522 1100 565 Huic
1121 521 1284 583 legioni
1305 524 1451 567 Caesar
1472 533 1514 566 et
1533 523 1595 566 in·

198 601 392 646 dulserat
406 602 625 663 praecipue
635 637 645 657 ,
658 611 701 645 et
709 602 1110 662 proptervirtutem
1125 602 1373 646 confidebat
1390 604 1591 648 maxime.

261 685 378 727 XLI.
417 685 511 727 Hac
549 683 748 727 oratione
785 681 958 738 habita,
995 683 1158 726 mirum
1192 684 1237 726 in
1274 683 1457 727 modum
1489 702 1595 728 con-

201 782 333 810 versae
361 774 464 809 sunt
485 765 687 808 omnium
714 774 908 820 mentes,
936 780 1196 825 summaque
1222 763 1425 809 alacritas
1450 776 1492 809 et
1520 783 1596 809 cu-

198 846 358 908 piditas
388 844 494 890 belli
522 845 701 907 gerendi
725 846 874 889 innata
897 855 986 899 est,
1011 846 1307 906 princepsque
1338 845 1506 890 decima
1539 846 1598 891 le-

199 928 270 989 gio
306 944 385 988 per
416 927 617 971 tribunos
649 925 841 970 militum
878 926 917 970 ei
954 926 1118 988 gratias
1158 927 1267 988 egit,
1302 927 1423 987 quod
1466 927 1518 971 de
1555 945 1598 971 se

197 1009 415 1069 optimum
437 1008 656 1070 judicium
679 1007 872 1064 fecisset,
897 1023 1030 1068 seque
1065 1024 1156 1052 esse
1182 1007 1237 1051 ad
1260 1006 1427 1052 bellum
1452 1025 1600 1070 geren-

199 1089 305 1134 dum
334 1090 654 1152 paratissimam
680 1088 974 1134 confirmavit.
1005 1088 1181 1133 Deinde
1206 1087 1382 1150 reliquae
1409 1088 1600 1151 legiones

200 1190 278 1235 per
301 1173 502 1218 tribunos
526 1172 719 1217 militum
740 1182 782 1216 et
804 1173 1054 1234 primorum
1082 1171 1291 1216 ordinum
1318 1173 1600 1216 centuriones

199 1265 407 1317 egerunt,
428 1256 492 1299 uti
515 1256 675 1300 Caesari
699 1253 1003 1299 satisfacerent
1027 1270 1039 1298 :
1064 1270 1110 1299 se
1133 1269 1278 1315 neque
1301 1271 1499 1314 unquam
1528 1253 1602 1297 du-

199 1337 379 1392 bitasse,
401 1353 544 1397 neque
568 1338 788 1393 timuisse,
813 1354 956 1398 neque
977 1337 1031 1380 de
1052 1353 1226 1380 summa
1251 1334 1356 1378 belli
1382 1352 1511 1379 suum
1532 1336 1603 1395 ju-

200 1417 385 1474 dicium,
411 1416 486 1461 sed
522 1418 802 1478 imperatoris
828 1434 943 1474 esse,
976 1417 1308 1461 existimavisse.
1337 1417 1505 1460 Eorum
1536 1431 1604 1459 sa-

199 1499 449 1543 tisfactione
476 1508 675 1560 accepta,
702 1509 745 1542 et
771 1499 930 1543 itinere
956 1497 1175 1559 exquisito
1200 1514 1279 1559 per
1300 1497 1602 1553 Divitiacum,

199 1579 319 1640 quod
333 1597 385 1624 ex
402 1577 544 1624 Gallis
558 1580 596 1623 ei
612 1580 850 1623 maximam
867 1579 997 1623 fidem
1013 1578 1224 1634 habebat,
1242 1588 1292 1622 ut
1309 1576 1498 1622 millium
1514 1595 1605 1622 am-

205 1658 315 1722 plius
337 1661 659 1723 quinquaginta
684 1661 893 1716 circuitu,
918 1660 1026 1704 locis
1048 1661 1231 1721 apertis,
1257 1660 1499 1703 exercitum
1531 1659 1606 1704 du-

203 1753 338 1799 ceret,
377 1741 431 1786 de
456 1753 617 1803 quarta
640 1741 810 1804 vigilia,
842 1752 893 1786 ut
915 1741 1110 1799 dixerat,
1138 1741 1362 1803 profectus
1386 1751 1464 1785 est.
1496 1742 1604 1803 Sep-

201 1825 308 1869 timo
331 1823 402 1868 die
417 1859 428 1881 ,
445 1841 583 1885 quum
604 1825 688 1868 iter
709 1841 799 1867 non
819 1823 1151 1879 intermitteret,
1174 1823 1226 1866 ab
1248 1822 1605 1883 exploratoribus

201 1907 363 1949 certior
386 1905 528 1950 factus
550 1914 634 1960 est,
653 1905 865 1950 Ariovisti
893 1904 1043 1963 copias
1067 1919 1089 1946 a
1113 1904 1276 1947 nostris
1294 1902 1491 1948 millibus
1512 1921 1606 1965 pas-

201 2002 329 2030 suum
354 2002 401 2030 1v
422 1996 465 2030 et
487 2003 549 2030 xx
571 1987 735 2030 abesse.

264 2069 404 2112 XLII.
429 2068 622 2129 Cognito
647 2067 830 2112 Caesaris
851 2065 1066 2123 adventu,
1094 2066 1344 2111 Ariovistus
1362 2065 1530 2127 legatos
1549 2066 1605 2110 ad

203 2165 302 2192 eum
328 2150 468 2193 mittit
492 2165 501 2193 :
527 2149 648 2210 quod
671 2159 800 2193 antea
822 2148 876 2192 de
900 2146 1126 2209 colloquio
1150 2146 1433 2208 postulasset,
1459 2147 1503 2191 id
1527 2164 1606 2208 per

203 2247 246 2275 se
269 2231 364 2275 fieri
388 2229 543 2287 licere,
562 2231 771 2294 quoniam
793 2232 975 2292 propius
997 2230 1268 2284 accessisset3
1290 2245 1422 2290 seque
1444 2228 1488 2272 id
1513 2229 1606 2272 sine

206 2310 402 2374 periculo
429 2311 572 2356 facere
605 2327 731 2372 posse
760 2311 1024 2356 existimare.
1060 2312 1163 2355 Non
1187 2311 1357 2371 respuit
1388 2309 1605 2354 conditio-

206 2412 308 2441 nem
338 2397 485 2440 Caesar
517 2411 526 2438 :
547 2394 728 2455 jamque
757 2410 859 2437 eum
889 2393 945 2437 ad
974 2393 1208 2438 sanitatem
1230 2392 1395 2436 reverti
1420 2389 1608 2436 arbitra-

207 2480 356 2534 batur,
387 2493 524 2539 quum
558 2475 624 2533 id,
667 2475 786 2536 quod
817 2485 944 2520 antea
978 2474 1146 2536 petenti
1179 2473 1457 2536 denegasset,
1487 2471 1606 2517 ultro

210 2558 509 2621 polliceretur3
549 2573 847 2619 magnamque
884 2558 928 2601 in
969 2574 1093 2618 spem
1133 2555 1356 2612 veniebat,
1406 2571 1486 2615 pro
1516 2554 1606 2598 suis

216 2644 345 2688 tantis
367 2644 606 2706 populique
632 2641 803 2685 romani
827 2642 870 2684 in
896 2657 997 2684 eum
1029 2637 1252 2682 beneflciis
1268 2671 1280 2694 ,
1302 2636 1493 2698 cognitis
1518 2636 1607 2680 suis
