1972 3356
387 270 458 305 ‘¹90
615 257 653 290 C.
680 255 809 290 JULII
839 255 1055 290 CAESARIS
1083 254 1342 289 COMMENT.
1378 256 1526 290 LIBER

384 338 584 402 praesidia
610 336 783 382 illorum
809 337 982 381 student
1009 335 1166 381 caedem
1194 335 1351 393 facere,
1380 354 1404 380 a
1434 337 1586 381 turmis
1610 347 1653 380 et
1679 337 1762 381 levi

383 427 604 462 armatura
642 428 744 462 sunt
790 416 1024 462 interclusi.
1058 418 1260 475 Quorum
1299 417 1380 460 nisi
1419 434 1587 461 summa
1626 418 1764 461 virtus

383 499 555 556 fuisset,
583 499 669 542 vivi
689 499 803 559 capti
828 508 969 542 essent
997 515 1006 541 :
1033 514 1134 541 nam
1151 506 1193 540 et
1217 497 1463 541 munitione
1494 497 1678 558 praesidii
1704 498 1765 541 ita

385 582 810 642 coangustabantur,
831 590 879 624 ut
898 597 1050 641 eques,
1077 581 1217 640 spatio
1241 579 1503 634 intercluso,
1526 581 1595 624 vix
1622 597 1666 625 se
1693 580 1766 624 de-

385 661 562 706 fendere
581 671 737 724 posset.
762 665 826 707 Ex
852 662 919 706 his
949 671 1135 722 utroque
1156 677 1314 722 genere
1339 678 1495 723 pugnae
1518 661 1765 723 complures

386 754 489 786 sunt
513 742 769 787 vulneribus
795 743 963 795 affecti,
992 743 1037 785 in
1069 743 1225 802 quibus
1256 743 1385 786 etiam
1415 741 1597 786 Clodius
1625 743 1765 803 Aqui-

386 824 472 867 tius
496 840 504 866 :
534 824 649 867 inter
683 840 792 884 quos
831 823 887 866 ita
911 823 1108 867 cominus
1139 832 1203 866 est
1232 832 1503 884 pugnatum,
1533 832 1581 866 ut
1604 839 1657 866 ex
1687 839 1762 866 no-

386 904 509 960 stris,
529 914 684 965 praeter
703 920 737 948 11
759 905 1059 960 centuriones,
1075 903 1128 946 sit
1153 919 1280 946 nemo
1301 901 1571 946 desideratus
1588 937 1599 959 ,
1626 902 1764 964 gloria

385 999 429 1027 se
452 983 693 1027 efferentes.

450 1065 613 1107 XXIV.
649 1066 830 1107 Postero
855 1063 925 1107 die
949 1063 1002 1106 ab
1032 1064 1249 1107 Soricaria
1293 1073 1583 1124 utrorumque
1611 1079 1768 1107 conve-

388 1159 489 1187 nere
513 1145 663 1205 copiae.
691 1144 841 1188 Nostri
867 1144 1046 1187 brachia
1075 1143 1234 1187 ducere
1260 1152 1502 1204 coeperunt.
1530 1144 1766 1204 Pompeius

387 1240 522 1284 quum
540 1223 925 1278 animadverteret,
953 1223 1129 1268 castello
1157 1241 1200 1268 se
1227 1223 1398 1268 excludi
1425 1223 1768 1284 Aspavia‚quod

386 1314 450 1348 est
473 1304 528 1348 ab
550 1305 693 1350 Ucubi
713 1304 847 1349 millia
874 1321 1078 1366 passuum
1097 1321 1146 1361 v,
1168 1305 1258 1349 haec
1272 1321 1341 1348 res
1366 1304 1611 1349 necessario
1641 1303 1770 1348 devo-

386 1385 540 1442 cabat,
583 1395 630 1430 ut
663 1385 718 1430 ad
758 1385 1055 1430 dimicandum
1095 1385 1373 1430 descenderet
1406 1402 1414 1428 ε
1447 1400 1587 1446 neque
1625 1393 1769 1429 tamen

385 1481 509 1526 aequo
530 1465 626 1511 loco
652 1467 717 1511 sui
741 1475 999 1528 potestatem
1031 1466 1236 1522 faciebat,
1271 1465 1346 1510 sed
1371 1482 1422 1510 ex
1452 1481 1608 1527 grumo
1637 1464 1770 1510 excel-

387 1563 481 1591 sum
508 1547 727 1591 tumulum
762 1548 984 1608 capiebat,
1008 1564 1145 1608 usque
1173 1565 1251 1603 eo,
1282 1556 1329 1591 ut
1363 1547 1607 1591 necessario
1639 1562 1769 1607 coge-

385 1636 509 1670 retur
528 1628 728 1687 iniquum
757 1627 901 1671 locum
930 1627 1089 1671 subire.
1119 1629 1220 1684 Quo
1241 1628 1294 1671 de
1318 1627 1432 1671 facto
1449 1662 1460 1679 ,
1483 1644 1619 1687 quum
1649 1637 1770 1671 utro-

386 1723 574 1767 rumque
595 1709 731 1768 copiae
750 1707 969 1752 tumulum
996 1707 1277 1752 excellentem
1299 1708 1527 1768 petissent,
1555 1707 1768 1767 prohibiti

387 1803 409 1829 a
439 1787 600 1830 nostris
622 1797 747 1839 sunt,
781 1787 1025 1847 dejectique
1063 1787 1258 1849 planitie.
1285 1790 1398 1846 Quae
1431 1803 1497 1831 res
1527 1787 1768 1831 secundum

386 1868 546 1911 nostris
577 1867 794 1911 efficiebat
819 1867 1035 1928 proelium.
1078 1867 1285 1928 Undique
1330 1879 1475 1913 autem
1514 1867 1768 1912 cedentibus

390 1946 670 2001 adversariis,
699 1949 836 1992 nostri
867 1965 1023 2009 magna
1055 1949 1098 1992 in
1127 1948 1242 1992 caede
1269 1949 1567 1992 versabantur.
1597 1948 1771 2005 Quibus

387 2045 536 2084 mons,
566 2045 654 2072 non
683 2030 845 2083 virtus,
876 2027 1002 2073 saluti
1038 2029 1119 2074 fuit
1147 2046 1155 2073 :
1185 2046 1272 2089 quo
1305 2028 1498 2073 subsidio
1527 2039 1658 2085 tunc,
1688 2029 1771 2072 nisi

385 2108 735 2170 advesperasset,
774 2127 798 2153 a
832 2111 1112 2172 paucioribus
1147 2111 1306 2154 nostris
1334 2111 1453 2154 omni
1489 2108 1654 2154 auxilio
1679 2110 1771 2170 pri-

386 2190 474 2233 vati
501 2201 643 2234 essent
672 2208 680 2234 τ
708 2207 807 2235 narn
834 2190 1086 2235 ceciderunt
1108 2207 1159 2234 ex
1185 2190 1268 2235 levi
1296 2201 1518 2234 armatura
1545 2205 1742 2236 cccxxlv
1759 2225 1770 2244 ‚

386 2287 438 2314 ex
477 2269 726 2332 legionariis
762 2288 996 2328 cxxxvln,
1031 2281 1324 2332 praeterquam
1351 2288 1541 2332 quorum
1571 2288 1691 2315 arma
1727 2281 1770 2316 et

342 2388 349 2393 .
385 2349 523 2410 spolia
560 2362 662 2395 sunt
697 2351 840 2396 allata.
871 2354 938 2396 Ita
977 2352 1115 2413 pridie
1154 2368 1187 2397 11
1221 2353 1530 2396 centurionum
1570 2353 1766 2396 interitio

386 2432 466 2475 hac
490 2432 842 2477 adversariorum
867 2449 992 2494 poena
1015 2443 1077 2477 est
1101 2432 1235 2477 litata.

447 2514 591 2558 XXV.
626 2514 881 2574 Insequenti
922 2513 1010 2566 die,
1040 2515 1134 2574 pari
1167 2514 1482 2558 consuetudine
1527 2529 1662 2574 quum
1711 2513 1767 2556 ad

385 2593 585 2638 eumdem
607 2593 749 2639 locum
772 2595 864 2655 ejus
886 2594 1134 2656 praesidium
1151 2596 1364 2650 venisset,
1385 2595 1569 2656 pristino
1588 2592 1662 2637 illo
1687 2610 1768 2637 suo

386 2674 620 2719 utebantur
646 2677 845 2719 instituto
870 2693 878 2718 :
909 2692 1007 2719 nam
1033 2686 1189 2736 praeter
1206 2676 1373 2736 equites
1389 2673 1510 2719 nullo
1530 2673 1624 2718 loco
1642 2691 1768 2735 aequo
