1972 3356
543 229 610 265 DE
638 229 797 266 BELLO
827 230 1043 266 GALLICO
1071 231 1162 266 LIB.
1189 231 1293 266 vlu.
1547 232 1620 267 223

215 325 307 360 erat
339 315 582 374 mediocre,
612 327 660 361 ut
690 318 734 361 in
764 317 1116 378 expeditionibus
1145 334 1235 361 esse
1269 317 1521 379 consuevit)
1552 335 1623 360 co-

215 407 338 459 geret
373 397 628 453 undecima,
666 415 721 442 ne
754 399 933 459 majoris
971 397 1270 442 multitudinis
1312 399 1475 460 species
1512 399 1624 442 acci-

215 479 318 522 dere
343 479 546 523 hostibus
575 489 724 540 posset
753 495 887 539 quam
921 479 1004 539 ipsi
1031 479 1404 540 depoposcissent.
1437 481 1529 523 Hac
1558 495 1625 522 ra-

217 560 335 604 tione
363 576 486 620 paene
518 560 735 620 quadrato
772 560 949 620 agmine
981 560 1219 616 instructo,
1258 561 1302 603 in
1336 571 1624 621 conspectum

216 641 432 694 hostium,
452 639 638 684 celerius
659 641 870 701 opinione
895 657 1070 693 eorum,
1095 641 1339 684 exercitum
1361 641 1554 686 adducit.

280 723 356 764 IX.
381 722 535 779 Quum
553 730 735 781 repente
759 721 999 764 instructas
1021 719 1141 765 velut
1166 722 1210 764 in
1233 722 1325 765 acie
1346 732 1465 766 certo
1485 723 1625 783 gradu

215 801 411 862 legiones
440 801 648 845 accedere
675 800 795 846 Galli
827 801 1045 858 viderent,
1072 819 1265 862 quorum
1299 813 1425 846 erant
1458 803 1512 847 ad
1538 805 1627 848 Cae-

214 898 357 925 sarem
378 881 509 943 plena
533 882 708 927 fiduciae
730 882 915 927 consilia
936 882 1127 945 perlata,
1150 885 1240 928 sive
1270 885 1526 929 certaminis
1551 902 1625 946 pe-

212 962 354 1007 riculo
368 999 379 1018 ,
401 964 492 1007 sive
513 964 659 1007 subito
679 963 897 1020 adventu,
918 982 993 1009 seu
1012 966 1341 1026 exspectatione
1361 967 1501 1010 nostri
1521 983 1626 1010 con-

214 1043 325 1101 silii,
362 1045 513 1106 copias
547 1046 777 1089 instruunt
811 1063 893 1107 pro
929 1047 1109 1104 castris,
1146 1064 1228 1090 nec
1263 1046 1362 1091 loco
1396 1048 1626 1108 superiore

213 1125 446 1170 decedunt.
473 1128 641 1183 Caesar,
666 1129 747 1171 etsi
774 1127 985 1171 dimicare
1009 1138 1262 1189 optaverat,
1289 1139 1459 1186 tamen,
1485 1129 1626 1173 admi-

213 1217 334 1251 ratus
373 1217 543 1252 tantam
575 1207 913 1252 multitudinem
942 1210 1165 1265 hostium,
1196 1208 1310 1253 valle
1348 1211 1624 1266 intermissa,

214 1290 354 1350 inagis
382 1290 427 1333 in
456 1289 740 1334 altitudinem
774 1290 980 1351 depressa
1014 1308 1150 1351 quam
1184 1289 1271 1335 late
1301 1301 1502 1352 patente,
1535 1308 1623 1335 cas-

214 1380 283 1414 tra
315 1372 469 1415 castris
503 1372 698 1415 hostium
735 1371 916 1415 confert.
955 1374 1059 1415 Haec
1092 1373 1282 1432 imperat
1312 1371 1428 1416 vallo
1461 1372 1626 1433 pedum

213 1469 278 1496 xu
323 1452 515 1506 muniri,
552 1451 875 1513 loriculamque
914 1469 996 1513 pro
1033 1453 1206 1496 ratione
1244 1454 1338 1513 ejus
1379 1453 1626 1498 altitudinis

214 1533 495 1589 inaedificari3
524 1533 682 1578 fossam
713 1532 938 1595 duplicem
962 1533 1128 1589 pedum
1152 1534 1341 1592 quinum
1370 1535 1532 1578 denum
1566 1535 1627 1579 la·

214 1615 381 1658 teribus
411 1614 588 1660 directis
617 1615 830 1677 deprimi3
858 1625 1002 1659 turres
1032 1616 1210 1659 crebras
1242 1617 1423 1660 excitari
1456 1618 1498 1660 in
1528 1615 1626 1661 alti-

213 1697 414 1741 tudinem
445 1713 495 1741 111
530 1696 856 1754 tabulatorum,
895 1697 1106 1759 pontibus
1142 1698 1336 1758 trajectis
1371 1700 1627 1743 constratis-

212 1796 298 1840 que
328 1778 562 1840 conjungi,
599 1796 791 1839 quorum
831 1778 999 1822 frontes
1029 1779 1222 1823 viminea
1252 1778 1439 1824 loricula
1479 1781 1627 1824 muni'-

212 1871 390 1917 rentur3
413 1870 463 1904 ut
495 1860 548 1903 al)
574 1860 778 1904 hostibus
803 1859 973 1920 duplici
1003 1859 1144 1914 fossa,
1173 1859 1342 1921 duplici
1374 1878 1627 1922 propugna-

214 1953 364 1986 torum
399 1941 554 1985 ordine
579 1940 914 1996 defenderetur,
939 1957 1132 2001 quorum
1165 1939 1277 1984 alter
1308 1958 1359 1984 ex
1397 1943 1624 2002 pontibus,

212 2040 303 2084 quo
328 2023 468 2066 tutior
492 2021 728 2066 altitudine
752 2032 883 2077 esset,
907 2022 991 2065 hoc
1014 2021 1225 2066 audacius
1252 2021 1518 2084 longiusque
1538 2022 1624 2069 tela

214 2105 518 2166 permitteret,
543 2103 670 2161 alter,
696 2105 771 2164 qui
796 2104 980 2164 propior
1001 2104 1175 2147 hostem
1207 2104 1250 2146 in
1281 2104 1376 2164 ipso
1399 2102 1513 2148 vallo
1537 2105 1623 2149 col—

213 2185 385 2230 locatus
407 2196 541 2242 esset,
564 2195 700 2247 ponte
723 2186 777 2230 ab
805 2185 1102 2229 incidentibus
1129 2183 1225 2229 telis
1252 2194 1487 2246 tegeretur.
1515 2188 1623 2231 Por—

215 2269 268 2312 tis
292 2267 407 2312 fores
431 2266 698 2328 altioresque
724 2276 867 2311 turres
893 2267 1119 2328 imposuit.

276 2353 333 2395 X.
371 2353 515 2411 Hujus
542 2349 804 2393 munitionis
826 2348 989 2410 duplex
1015 2359 1110 2393 crat
1134 2348 1370 2394 consilium
1393 2367 1401 2393 :
1430 2366 1623 2411 namque

217 2443 257 2477 et
298 2449 485 2494 operum
527 2431 881 2493 magnitudinem
917 2441 960 2475 et
1001 2432 1207 2476 timorem
1245 2449 1374 2475 suum
1415 2433 1622 2493 sperabat

212 2514 419 2559 fiduciam
448 2513 649 2557 barbaris
681 2511 950 2569 allaturum3
981 2523 1047 2570 et,
1079 2530 1216 2574 quum
1242 2512 1503 2574 pabulatum
1531 2514 1623 2557 fru—

213 2606 551 2656 mentatumque
579 2594 757 2656 longius
784 2604 895 2638 esset
927 2593 1329 2656 proficiscendum,
1362 2595 1510 2654 parvis
1547 2612 1621 2639 co·-

213 2679 298 2739 piis
327 2688 469 2723 castra
504 2677 751 2721 munitione
779 2676 874 2737 ipsa
905 2675 1084 2720 videbat
1120 2692 1245 2737 posse
1275 2674 1466 2719 defendi.
1500 2678 1620 2721 Inte-

413 2776 441 2804 1.
1375 2753 1426 2800 15
