1972 3356
615 188 682 224 DE
713 188 879 223 BELLO
909 188 1066 224 CIVILI
1095 189 1187 224 LIB.
1216 189 1246 223 Ι.
1607 204 1630 238 9

225 282 270 317 et
296 273 493 335 profugit
522 291 532 317 z
570 273 730 319 milites
753 275 796 318 in
826 274 983 318 itinere
1011 275 1065 318 ab
1092 291 1143 318 eo
1176 273 1434 332 discedunt,
1463 291 1513 319 ac
1547 275 1629 320 do-

225 372 348 399 mum
364 365 663 401 revertuntur.
683 356 822 402 Curio
849 357 1049 400 omnium
1077 373 1249 401 summa
1275 356 1502 401 voluntate
1524 359 1630 419 Igu-

224 437 347 481 vium
373 438 543 499 recipit.
564 437 741 495 Quibus
764 437 897 482 rebus
921 438 1130 499 cognitis,
1152 438 1344 483 confisus
1367 439 1631 501 municipio-

223 536 323 563 rum
350 518 656 564 voluntatibus
689 521 860 577 Caesar,
887 519 1091 563 cohortes
1122 519 1306 581 legionis
1329 537 1413 566 x111
1440 538 1492 566 ex
1519 539 1628 583 prae-

224 600 346 645 sidiis
362 601 554 645 deducit.
572 603 906 662 Auximumque
925 599 1247 662 proficiscitur,
1271 601 1391 662 quod
1413 602 1628 663 oppidum

225 684 370 727 Attius
395 683 653 727 cohortibus
683 681 949 726 introductis
973 683 1175 738 tenebat,
1200 680 1507 743 delectumque
1537 693 1628 727 toto

222 765 409 821 Piceno,
437 765 748 809 circummissis
776 763 1076 820 senatoribus,
1107 763 1313 808 habebat.

286 848 414 890 XIII.
447 846 659 891 Adventu
693 846 877 891 Caesaris
902 846 1107 907 cognito,
1150 844 1412 890 decuriones
1451 846 1628 891 Auximi

220 927 274 973 ad
302 929 474 973 Attium
498 930 669 974 Varum
695 928 946 989 frequentes
968 926 1239 971 conveniunt
1267 944 1277 971 z
1305 926 1465 971 docent
1481 963 1492 985 ,
1521 948 1540 969 «
1561 930 1628 972 sui

219 1008 372 1071 judicii
402 1027 495 1054 rem
525 1027 615 1054 non
644 1027 762 1065 esse,
790 1026 934 1070 neque
962 1025 1027 1066 se,
1048 1025 1192 1069 neque
1218 1007 1413 1070 reliquos
1441 1010 1630 1054 munici-

219 1108 295 1153 pes
321 1093 412 1153 pati
442 1109 593 1154 posse,
618 1093 669 1136 C.
699 1093 916 1137 Caesarem
943 1092 1257 1152 imperatorem
1277 1125 1288 1147 ,
1321 1090 1432 1135 bene
1469 1090 1522 1136 de
1562 1108 1630 1135 re-

220 1173 398 1235 publica
426 1176 632 1218 meritum
649 1209 660 1231 ,
687 1174 821 1217 tantis
858 1173 988 1217 rebus
1013 1173 1164 1234 gestis,
1193 1171 1357 1233 oppido
1390 1172 1629 1216 moenibus-

221 1272 307 1316 que
341 1256 571 1316 prohiberi
600 1255 818 1318 :proinde
847 1255 1009 1299 habeat
1038 1256 1254 1299 rationem
1286 1254 1557 1316 posteritatis
1586 1265 1630 1298 et

221 1336 405 1398 periculi
431 1339 510 1381 sui.
526 1358 547 1379 ))
575 1338 781 1395 Quorum
807 1337 1006 1381 oratione
1033 1346 1261 1397 permotus
1284 1336 1431 1380 Attius
1455 1337 1628 1391 Varus,

220 1418 496 1479 praesidium,
534 1418 655 1479 quod
698 1417 1034 1474 introduxerat,
1073 1434 1123 1461 ex
1167 1416 1332 1478 oppido
1371 1416 1539 1473 educit,
1577 1434 1628 1461 ac

219 1499 430 1561 profugit.
449 1503 580 1546 Hunc
609 1518 664 1545 ex
689 1501 834 1562 primo
855 1499 1013 1544 ordine
1039 1499 1167 1560 pauci
1194 1499 1380 1543 Caesaris
1403 1500 1627 1543 consecuti

219 1581 379 1627 milites
403 1584 644 1627 consistere
662 1593 830 1645 cogunt
858 1600 866 1626 :
891 1582 1126 1626 commisso
1152 1580 1309 1643 proelio
1326 1616 1336 1636 ,
1360 1580 1581 1625 deseritur
1603 1599 1628 1626 a

218 1664 306 1708 suis
324 1667 494 1723 Varus3
522 1664 737 1710 nonnulla
763 1681 866 1726 pars
890 1663 1083 1708 militum
1110 1662 1291 1707 domum
1317 1662 1528 1720 discedit3
1562 1681 1629 1707 re-

218 1745 327 1808 liqui
347 1746 402 1790 ad
427 1749 643 1792 Caesarem
670 1747 936 1808 perveniunt
961 1756 1120 1805 :atque
1152 1762 1239 1788 una
1263 1762 1365 1789 cum
1392 1746 1443 1789 iis
1472 1744 1627 1807 depre-

218 1828 381 1872 hensus
414 1831 463 1872 L.
496 1829 692 1889 Pupius,
735 1825 948 1889 primipili
992 1828 1220 1883 centurio,
1253 1826 1509 1884 adducitur,
1550 1829 1626 1888 qui

220 1909 340 1953 hunc
376 1909 583 1954 eumdem
624 1909 823 1954 ordinem
861 1909 905 1951 in
926 1907 1122 1951 exercitu
1148 1908 1230 1951 Cn.
1263 1908 1463 1968 Pompeii
1498 1917 1627 1952 antea

221 1990 423 2035 duxerat.
456 1993 514 2035 At
551 1993 697 2036 Caesar
729 1988 891 2033 milites
918 1989 1122 2033 Attianos
1151 1986 1398 2044 collaudat,
1430 1989 1625 2049 Pupium

220 2070 426 2129 dimittit,
459 2071 768 2116 Auximatibus
798 2071 889 2132 agit
917 2070 1106 2131 gratias,
1148 2085 1281 2130 seque
1327 2086 1481 2113 eorum
1520 2070 1626 2115 facti

220 2169 462 2198 memorem
489 2153 584 2198 fore
610 2152 857 2215 pollicetur.

284 2237 407 2281 XIV.
447 2236 622 2293 Quibus
640 2235 770 2279 rebus
789 2237 979 2279 Romam
1015 2235 1254 2291 nuntiatis,
1270 2243 1419 2277 tantus
1444 2244 1625 2295 repente

219 2328 363 2362 terror
385 2318 568 2375 invasit,
587 2326 656 2375 ut,
680 2333 817 2378 quum
839 2314 1056 2361 Lentulus
1080 2314 1234 2360 consul
1263 2314 1318 2359 ad
1335 2315 1624 2376 aperiendum

219 2400 422 2444 aerarium
453 2400 666 2457 venisset,
693 2398 749 2443 ad
778 2400 1013 2461 pecuniam
1046 2399 1259 2460 Pompeio
1286 2414 1338 2442 ex
1367 2400 1410 2442 S.
1449 2400 1498 2443 C.
1525 2414 1626 2458 pro-

219 2482 466 2539 ferendam,
509 2482 736 2544 protinus,
761 2492 916 2544 aperto
953 2482 1171 2526 sanctiore
1210 2481 1391 2535 aerario,
1422 2497 1475 2524 ex
1500 2480 1625 2524 Urbe

219 2565 476 2627 profugeret
494 2583 503 2609 ι
525 2566 672 2610 Caesar
691 2565 809 2609 enim
833 2564 1074 2609 adventare
1087 2565 1178 2625 jam
1191 2564 1396 2624 jamque,
1411 2573 1455 2606 et
1475 2562 1625 2607 adesse

220 2647 314 2706 ejus
335 2649 501 2709 equites
522 2646 632 2693 falso
654 2647 987 2692 nuntiabantur.
1015 2650 1146 2692 Hunc
1168 2645 1408 2690 Marcellus
1427 2644 1594 2707 collega
1611 2680 1623 2703 ,
