<?xml version="1.0" encoding="UTF-8"?>
<!DOCTYPE html PUBLIC "-//W3C//DTD XHTML 1.0 Transitional//EN"
    "http://www.w3.org/TR/xhtml1/DTD/xhtml1-transitional.dtd">
<html xmlns="http://www.w3.org/1999/xhtml" xml:lang="en" lang="en">
 <head>
  <title>
</title>
<meta http-equiv="Content-Type" content="text/html;charset=utf-8" />
  <meta name='ocr-system' content='tesseract 3.04.00' />
  <meta name='ocr-capabilities' content='ocr_page ocr_carea ocr_par ocr_line ocrx_word'/>
</head>
<body>
  <div class='ocr_page' id='page_1' title='image "./operajoh0102caesuoft_0457.png"; bbox 0 0 1972 3356; ppageno 0'>
   <div class='ocr_carea' id='block_1_1' title="bbox 609 149 1643 186">
    <p class='ocr_par' dir='ltr' id='par_1_1' title="bbox 609 149 1643 186">
     <span class='ocr_line' id='line_1_1' title="bbox 609 149 1643 186; baseline 0 -1"><span class='ocrx_word' id='word_1_1' title='bbox 609 149 676 185; x_wconf 88' lang='lat' dir='ltr'>DE</span> <span class='ocrx_word' id='word_1_2' title='bbox 703 150 870 185; x_wconf 84' lang='lat' dir='ltr'>BELLO</span> <span class='ocrx_word' id='word_1_3' title='bbox 900 151 1054 186; x_wconf 84' lang='lat' dir='ltr'>CIVILI</span> <span class='ocrx_word' id='word_1_4' title='bbox 1088 150 1180 185; x_wconf 87' lang='lat' dir='ltr'>LIB.</span> <span class='ocrx_word' id='word_1_5' title='bbox 1213 150 1281 184; x_wconf 87' lang='lat'>111.</span> <span class='ocrx_word' id='word_1_6' title='bbox 1577 149 1643 186; x_wconf 78' lang='lat'>151</span> 
     </span>
    </p>
   </div>
   <div class='ocr_carea' id='block_1_2' title="bbox 247 234 1707 2648">
    <p class='ocr_par' dir='ltr' id='par_1_2' title="bbox 252 234 1654 1756">
     <span class='ocr_line' id='line_1_2' title="bbox 258 234 1649 298; baseline 0 -18"><span class='ocrx_word' id='word_1_7' title='bbox 258 235 389 280; x_wconf 86' lang='lat' dir='ltr'>fuisse</span> <span class='ocrx_word' id='word_1_8' title='bbox 416 235 480 279; x_wconf 87' lang='lat' dir='ltr'>uti</span> <span class='ocrx_word' id='word_1_9' title='bbox 508 235 784 279; x_wconf 84' lang='lat' dir='ltr'>amitteretur</span> <span class='ocrx_word' id='word_1_10' title='bbox 814 253 822 279; x_wconf 72' lang='grc' dir='ltr'><em>τ</em></span> <span class='ocrx_word' id='word_1_11' title='bbox 850 235 923 280; x_wconf 88' lang='lat' dir='ltr'>sed</span> <span class='ocrx_word' id='word_1_12' title='bbox 950 234 1325 298; x_wconf 66' lang='lat' dir='ltr'>opportunissime</span> <span class='ocrx_word' id='word_1_13' title='bbox 1351 236 1517 280; x_wconf 90' lang='lat' dir='ltr'>nuntiis</span> <span class='ocrx_word' id='word_1_14' title='bbox 1541 234 1649 281; x_wconf 89' lang='lat' dir='ltr'>alla-</span> 
     </span>
     <span class='ocr_line' id='line_1_3' title="bbox 258 314 1648 378; baseline 0.001 -18"><span class='ocrx_word' id='word_1_15' title='bbox 258 318 314 360; x_wconf 91' lang='lat' dir='ltr'>tis</span> <span class='ocrx_word' id='word_1_16' title='bbox 330 351 341 373; x_wconf 94' lang='lat'>,</span> <span class='ocrx_word' id='word_1_17' title='bbox 367 315 578 378; x_wconf 90' lang='lat' dir='ltr'>oppidum</span> <span class='ocrx_word' id='word_1_18' title='bbox 599 315 682 360; x_wconf 85' lang='lat' dir='ltr'>fuit</span> <span class='ocrx_word' id='word_1_19' title='bbox 705 315 933 361; x_wconf 80' lang='lat' dir='ltr'>defensum</span> <span class='ocrx_word' id='word_1_20' title='bbox 949 351 960 371; x_wconf 95' lang='lat'>,</span> <span class='ocrx_word' id='word_1_21' title='bbox 982 317 1246 377; x_wconf 80' lang='lat' dir='ltr'>Cassiusque</span> <span class='ocrx_word' id='word_1_22' title='bbox 1266 316 1322 361; x_wconf 90' lang='lat' dir='ltr'>ad</span> <span class='ocrx_word' id='word_1_23' title='bbox 1348 314 1648 377; x_wconf 84' lang='lat' dir='ltr'>Sulpicianam</span> 
     </span>
     <span class='ocr_line' id='line_1_4' title="bbox 259 396 1651 458; baseline 0.001 -17"><span class='ocrx_word' id='word_1_24' title='bbox 259 397 360 442; x_wconf 90' lang='lat' dir='ltr'>inde</span> <span class='ocrx_word' id='word_1_25' title='bbox 378 396 558 441; x_wconf 84' lang='lat' dir='ltr'>classem</span> <span class='ocrx_word' id='word_1_26' title='bbox 573 396 795 458; x_wconf 87' lang='lat' dir='ltr'>profectus</span> <span class='ocrx_word' id='word_1_27' title='bbox 810 407 874 441; x_wconf 88' lang='lat' dir='ltr'>est</span> <span class='ocrx_word' id='word_1_28' title='bbox 887 397 1107 442; x_wconf 87' lang='lat' dir='ltr'>Vibonem</span> <span class='ocrx_word' id='word_1_29' title='bbox 1123 414 1133 453; x_wconf 81' lang='lat'>3</span> <span class='ocrx_word' id='word_1_30' title='bbox 1151 396 1472 458; x_wconf 85' lang='lat' dir='ltr'>applicatisque</span> <span class='ocrx_word' id='word_1_31' title='bbox 1490 398 1651 443; x_wconf 91' lang='lat' dir='ltr'>nostris</span> 
     </span>
     <span class='ocr_line' id='line_1_5' title="bbox 260 476 1652 540; baseline 0.001 -18"><span class='ocrx_word' id='word_1_32' title='bbox 260 477 314 522; x_wconf 90' lang='lat' dir='ltr'>ad</span> <span class='ocrx_word' id='word_1_33' title='bbox 335 488 497 522; x_wconf 88' lang='lat' dir='ltr'>terram</span> <span class='ocrx_word' id='word_1_34' title='bbox 514 478 721 534; x_wconf 86' lang='lat' dir='ltr'>navibus,</span> <span class='ocrx_word' id='word_1_35' title='bbox 742 487 924 538; x_wconf 88' lang='lat' dir='ltr'>propter</span> <span class='ocrx_word' id='word_1_36' title='bbox 947 476 1151 521; x_wconf 88' lang='lat' dir='ltr'>eumdem</span> <span class='ocrx_word' id='word_1_37' title='bbox 1174 478 1375 522; x_wconf 88' lang='lat' dir='ltr'>timorem</span> <span class='ocrx_word' id='word_1_38' title='bbox 1404 479 1499 540; x_wconf 88' lang='lat' dir='ltr'>pari</span> <span class='ocrx_word' id='word_1_39' title='bbox 1521 488 1652 540; x_wconf 90' lang='lat' dir='ltr'>atque</span> 
     </span>
     <span class='ocr_line' id='line_1_6' title="bbox 259 557 1651 619; baseline 0 -16"><span class='ocrx_word' id='word_1_40' title='bbox 259 569 360 604; x_wconf 88' lang='lat' dir='ltr'>ante</span> <span class='ocrx_word' id='word_1_41' title='bbox 387 559 554 603; x_wconf 87' lang='lat' dir='ltr'>ratione</span> <span class='ocrx_word' id='word_1_42' title='bbox 573 568 771 619; x_wconf 86' lang='lat' dir='ltr'>egerunt.</span> <span class='ocrx_word' id='word_1_43' title='bbox 798 558 974 602; x_wconf 86' lang='lat' dir='ltr'>Cassius</span> <span class='ocrx_word' id='word_1_44' title='bbox 995 557 1239 602; x_wconf 89' lang='lat' dir='ltr'>secundum</span> <span class='ocrx_word' id='word_1_45' title='bbox 1273 567 1423 602; x_wconf 82' lang='lat' dir='ltr'>nactus</span> <span class='ocrx_word' id='word_1_46' title='bbox 1448 569 1651 616; x_wconf 88' lang='lat' dir='ltr'>ventum,</span> 
     </span>
     <span class='ocr_line' id='line_1_7' title="bbox 259 637 1651 699; baseline -0.001 -14"><span class='ocrx_word' id='word_1_47' title='bbox 259 641 482 685; x_wconf 86' lang='lat' dir='ltr'>onerarias</span> <span class='ocrx_word' id='word_1_48' title='bbox 510 655 643 683; x_wconf 86' lang='lat' dir='ltr'>naves</span> <span class='ocrx_word' id='word_1_49' title='bbox 672 639 847 683; x_wconf 87' lang='lat' dir='ltr'>circiter</span> <span class='ocrx_word' id='word_1_50' title='bbox 868 654 953 695; x_wconf 82' lang='lat' dir='ltr'>XL,</span> <span class='ocrx_word' id='word_1_51' title='bbox 986 648 1253 699; x_wconf 76' lang='lat' dir='ltr'>praeparatas</span> <span class='ocrx_word' id='word_1_52' title='bbox 1283 637 1337 682; x_wconf 89' lang='lat' dir='ltr'>ad</span> <span class='ocrx_word' id='word_1_53' title='bbox 1367 639 1622 684; x_wconf 85' lang='lat' dir='ltr'>incendium</span> <span class='ocrx_word' id='word_1_54' title='bbox 1640 675 1651 696; x_wconf 91' lang='lat'>,</span> 
     </span>
     <span class='ocr_line' id='line_1_8' title="bbox 258 719 1653 781; baseline 0 -16"><span class='ocrx_word' id='word_1_55' title='bbox 258 721 465 775; x_wconf 84' lang='lat' dir='ltr'>immisit,</span> <span class='ocrx_word' id='word_1_56' title='bbox 489 730 532 764; x_wconf 90' lang='lat' dir='ltr'>et</span> <span class='ocrx_word' id='word_1_57' title='bbox 555 719 731 763; x_wconf 85' lang='lat' dir='ltr'>flamma</span> <span class='ocrx_word' id='word_1_58' title='bbox 753 719 806 763; x_wconf 83' lang='lat' dir='ltr'>ab</span> <span class='ocrx_word' id='word_1_59' title='bbox 831 728 1020 780; x_wconf 89' lang='lat' dir='ltr'>utroque</span> <span class='ocrx_word' id='word_1_60' title='bbox 1045 735 1185 764; x_wconf 87' lang='lat' dir='ltr'>cornu</span> <span class='ocrx_word' id='word_1_61' title='bbox 1211 719 1525 781; x_wconf 84' lang='lat' dir='ltr'>comprehensa</span> <span class='ocrx_word' id='word_1_62' title='bbox 1545 755 1556 776; x_wconf 90' lang='lat'>,</span> <span class='ocrx_word' id='word_1_63' title='bbox 1583 737 1653 765; x_wconf 86' lang='lat' dir='ltr'>na-</span> 
     </span>
     <span class='ocr_line' id='line_1_9' title="bbox 257 800 1652 863; baseline -0.001 -17"><span class='ocrx_word' id='word_1_64' title='bbox 257 818 329 846; x_wconf 91' lang='lat' dir='ltr'>ves</span> <span class='ocrx_word' id='word_1_65' title='bbox 349 810 450 845; x_wconf 90' lang='lat' dir='ltr'>sunt</span> <span class='ocrx_word' id='word_1_66' title='bbox 474 801 713 845; x_wconf 87' lang='lat' dir='ltr'>combustae</span> <span class='ocrx_word' id='word_1_67' title='bbox 732 816 774 845; x_wconf 85' lang='lat' dir='ltr'>v.</span> <span class='ocrx_word' id='word_1_68' title='bbox 795 800 1035 861; x_wconf 88' lang='lat' dir='ltr'>Quumque</span> <span class='ocrx_word' id='word_1_69' title='bbox 1061 800 1175 862; x_wconf 84' lang='lat' dir='ltr'>ignis</span> <span class='ocrx_word' id='word_1_70' title='bbox 1205 800 1510 863; x_wconf 83' lang='lat' dir='ltr'>magnitudine</span> <span class='ocrx_word' id='word_1_71' title='bbox 1532 803 1652 846; x_wconf 90' lang='lat' dir='ltr'>venti</span> 
     </span>
     <span class='ocr_line' id='line_1_10' title="bbox 255 880 1652 944; baseline 0.001 -19"><span class='ocrx_word' id='word_1_72' title='bbox 255 881 385 926; x_wconf 86' lang='lat' dir='ltr'>latius</span> <span class='ocrx_word' id='word_1_73' title='bbox 406 891 621 944; x_wconf 82' lang='lat' dir='ltr'>serperet,</span> <span class='ocrx_word' id='word_1_74' title='bbox 647 881 827 938; x_wconf 86' lang='lat' dir='ltr'>milites,</span> <span class='ocrx_word' id='word_1_75' title='bbox 846 883 922 943; x_wconf 90' lang='lat' dir='ltr'>qui</span> <span class='ocrx_word' id='word_1_76' title='bbox 943 898 996 926; x_wconf 83' lang='lat' dir='ltr'>ex</span> <span class='ocrx_word' id='word_1_77' title='bbox 1017 881 1237 926; x_wconf 86' lang='lat' dir='ltr'>veteribus</span> <span class='ocrx_word' id='word_1_78' title='bbox 1261 880 1510 944; x_wconf 85' lang='lat' dir='ltr'>legionibus</span> <span class='ocrx_word' id='word_1_79' title='bbox 1528 893 1652 926; x_wconf 84' lang='lat' dir='ltr'>erant</span> 
     </span>
     <span class='ocr_line' id='line_1_11' title="bbox 254 961 1654 1027; baseline 0.001 -21"><span class='ocrx_word' id='word_1_80' title='bbox 254 961 394 1007; x_wconf 85' lang='lat' dir='ltr'>relicti</span> <span class='ocrx_word' id='word_1_81' title='bbox 422 962 625 1025; x_wconf 87' lang='lat' dir='ltr'>praesidio</span> <span class='ocrx_word' id='word_1_82' title='bbox 656 964 869 1020; x_wconf 88' lang='lat' dir='ltr'>navibus,</span> <span class='ocrx_word' id='word_1_83' title='bbox 898 980 950 1008; x_wconf 83' lang='lat' dir='ltr'>ex</span> <span class='ocrx_word' id='word_1_84' title='bbox 981 980 1168 1008; x_wconf 83' lang='lat' dir='ltr'>numero</span> <span class='ocrx_word' id='word_1_85' title='bbox 1195 981 1438 1026; x_wconf 83' lang='lat' dir='ltr'>aegrorum,</span> <span class='ocrx_word' id='word_1_86' title='bbox 1465 964 1654 1027; x_wconf 78' lang='lat' dir='ltr'>ignomi-</span> 
     </span>
     <span class='ocr_line' id='line_1_12' title="bbox 255 1042 1652 1106; baseline 0.001 -19"><span class='ocrx_word' id='word_1_87' title='bbox 255 1044 375 1087; x_wconf 88' lang='lat' dir='ltr'>niam</span> <span class='ocrx_word' id='word_1_88' title='bbox 404 1061 494 1088; x_wconf 92' lang='lat' dir='ltr'>non</span> <span class='ocrx_word' id='word_1_89' title='bbox 529 1042 753 1102; x_wconf 83' lang='lat' dir='ltr'>tulerunt3</span> <span class='ocrx_word' id='word_1_90' title='bbox 793 1044 865 1089; x_wconf 90' lang='lat' dir='ltr'>sed</span> <span class='ocrx_word' id='word_1_91' title='bbox 906 1061 985 1089; x_wconf 85' lang='lat' dir='ltr'>sua</span> <span class='ocrx_word' id='word_1_92' title='bbox 1020 1055 1177 1106; x_wconf 87' lang='lat' dir='ltr'>sponte</span> <span class='ocrx_word' id='word_1_93' title='bbox 1215 1061 1348 1090; x_wconf 90' lang='lat' dir='ltr'>naves</span> <span class='ocrx_word' id='word_1_94' title='bbox 1387 1045 1652 1090; x_wconf 84' lang='lat' dir='ltr'>conscende-</span> 
     </span>
     <span class='ocr_line' id='line_1_13' title="bbox 254 1125 1649 1190; baseline 0.002 -21"><span class='ocrx_word' id='word_1_95' title='bbox 254 1136 388 1183; x_wconf 86' lang='lat' dir='ltr'>runt,</span> <span class='ocrx_word' id='word_1_96' title='bbox 414 1136 457 1170; x_wconf 91' lang='lat' dir='ltr'>et</span> <span class='ocrx_word' id='word_1_97' title='bbox 483 1143 506 1171; x_wconf 86' lang='lat' dir='ltr'>a</span> <span class='ocrx_word' id='word_1_98' title='bbox 533 1136 648 1170; x_wconf 86' lang='lat' dir='ltr'>terra</span> <span class='ocrx_word' id='word_1_99' title='bbox 681 1125 932 1184; x_wconf 89' lang='lat' dir='ltr'>solverunt,</span> <span class='ocrx_word' id='word_1_100' title='bbox 961 1128 1219 1190; x_wconf 86' lang='lat' dir='ltr'>impetuque</span> <span class='ocrx_word' id='word_1_101' title='bbox 1245 1126 1362 1171; x_wconf 88' lang='lat' dir='ltr'>facto</span> <span class='ocrx_word' id='word_1_102' title='bbox 1398 1128 1440 1171; x_wconf 90' lang='lat' dir='ltr'>in</span> <span class='ocrx_word' id='word_1_103' title='bbox 1473 1128 1649 1172; x_wconf 85' lang='lat' dir='ltr'>Cassia-</span> 
     </span>
     <span class='ocr_line' id='line_1_14' title="bbox 255 1206 1653 1270; baseline 0.001 -20"><span class='ocrx_word' id='word_1_104' title='bbox 255 1223 356 1250; x_wconf 90' lang='lat' dir='ltr'>nam</span> <span class='ocrx_word' id='word_1_105' title='bbox 382 1206 585 1263; x_wconf 85' lang='lat' dir='ltr'>classem,</span> <span class='ocrx_word' id='word_1_106' title='bbox 604 1208 946 1269; x_wconf 78' lang='lat' dir='ltr'>quinqueremes</span> <span class='ocrx_word' id='word_1_107' title='bbox 973 1208 1103 1265; x_wconf 88' lang='lat' dir='ltr'>duas,</span> <span class='ocrx_word' id='word_1_108' title='bbox 1123 1209 1166 1252; x_wconf 89' lang='lat' dir='ltr'>in</span> <span class='ocrx_word' id='word_1_109' title='bbox 1193 1225 1380 1270; x_wconf 84' lang='lat' dir='ltr'>quarum</span> <span class='ocrx_word' id='word_1_110' title='bbox 1400 1206 1537 1253; x_wconf 85' lang='lat' dir='ltr'>altera</span> <span class='ocrx_word' id='word_1_111' title='bbox 1558 1218 1653 1252; x_wconf 88' lang='lat' dir='ltr'>erat</span> 
     </span>
     <span class='ocr_line' id='line_1_15' title="bbox 256 1288 1652 1350; baseline 0.001 -18"><span class='ocrx_word' id='word_1_112' title='bbox 256 1288 459 1345; x_wconf 84' lang='lat' dir='ltr'>Cassius,</span> <span class='ocrx_word' id='word_1_113' title='bbox 488 1299 730 1349; x_wconf 90' lang='lat' dir='ltr'>ceperunt:</span> <span class='ocrx_word' id='word_1_114' title='bbox 756 1289 826 1333; x_wconf 90' lang='lat' dir='ltr'>sed</span> <span class='ocrx_word' id='word_1_115' title='bbox 857 1291 1036 1335; x_wconf 87' lang='lat' dir='ltr'>Cassius</span> <span class='ocrx_word' id='word_1_116' title='bbox 1053 1324 1064 1346; x_wconf 94' lang='lat'>,</span> <span class='ocrx_word' id='word_1_117' title='bbox 1096 1298 1303 1350; x_wconf 76' lang='lat' dir='ltr'>exceptus</span> <span class='ocrx_word' id='word_1_118' title='bbox 1331 1289 1513 1350; x_wconf 84' lang='lat' dir='ltr'>scapha,</span> <span class='ocrx_word' id='word_1_119' title='bbox 1538 1289 1652 1333; x_wconf 86' lang='lat' dir='ltr'>refu-</span> 
     </span>
     <span class='ocr_line' id='line_1_16' title="bbox 255 1369 1653 1431; baseline 0.001 -20"><span class='ocrx_word' id='word_1_120' title='bbox 255 1369 319 1430; x_wconf 82' lang='lat' dir='ltr'>git</span> <span class='ocrx_word' id='word_1_121' title='bbox 351 1385 361 1412; x_wconf 91' lang='lat'>:</span> <span class='ocrx_word' id='word_1_122' title='bbox 400 1378 609 1429; x_wconf 86' lang='lat' dir='ltr'>praeterea</span> <span class='ocrx_word' id='word_1_123' title='bbox 651 1369 747 1413; x_wconf 82' lang='lat' dir='ltr'>duae</span> <span class='ocrx_word' id='word_1_124' title='bbox 783 1379 887 1414; x_wconf 89' lang='lat' dir='ltr'>sunt</span> <span class='ocrx_word' id='word_1_125' title='bbox 918 1369 1201 1431; x_wconf 63' lang='lat' dir='ltr'>deprehensae</span> <span class='ocrx_word' id='word_1_126' title='bbox 1243 1371 1457 1414; x_wconf 79' lang='lat' dir='ltr'>triremes.</span> <span class='ocrx_word' id='word_1_127' title='bbox 1499 1371 1653 1431; x_wconf 83' lang='lat' dir='ltr'>Neque</span> 
     </span>
     <span class='ocr_line' id='line_1_17' title="bbox 254 1448 1653 1512; baseline 0.001 -20"><span class='ocrx_word' id='word_1_128' title='bbox 254 1448 395 1493; x_wconf 87' lang='lat' dir='ltr'>multo</span> <span class='ocrx_word' id='word_1_129' title='bbox 425 1459 524 1510; x_wconf 89' lang='lat' dir='ltr'>post</span> <span class='ocrx_word' id='word_1_130' title='bbox 556 1449 609 1493; x_wconf 89' lang='lat' dir='ltr'>de</span> <span class='ocrx_word' id='word_1_131' title='bbox 641 1449 794 1511; x_wconf 88' lang='lat' dir='ltr'>proelio</span> <span class='ocrx_word' id='word_1_132' title='bbox 823 1450 938 1494; x_wconf 85' lang='lat' dir='ltr'>facto</span> <span class='ocrx_word' id='word_1_133' title='bbox 968 1452 1012 1493; x_wconf 92' lang='lat' dir='ltr'>in</span> <span class='ocrx_word' id='word_1_134' title='bbox 1040 1450 1264 1495; x_wconf 81' lang='lat' dir='ltr'>Thessalia</span> <span class='ocrx_word' id='word_1_135' title='bbox 1300 1451 1528 1512; x_wconf 84' lang='lat' dir='ltr'>cognitum</span> <span class='ocrx_word' id='word_1_136' title='bbox 1562 1461 1653 1507; x_wconf 86' lang='lat' dir='ltr'>est,</span> 
     </span>
     <span class='ocr_line' id='line_1_18' title="bbox 254 1531 1654 1593; baseline 0.001 -19"><span class='ocrx_word' id='word_1_137' title='bbox 254 1540 300 1575; x_wconf 91' lang='lat' dir='ltr'>ut</span> <span class='ocrx_word' id='word_1_138' title='bbox 340 1531 443 1592; x_wconf 89' lang='lat' dir='ltr'>ipsis</span> <span class='ocrx_word' id='word_1_139' title='bbox 475 1532 753 1592; x_wconf 86' lang='lat' dir='ltr'>Pompeianis</span> <span class='ocrx_word' id='word_1_140' title='bbox 787 1531 895 1576; x_wconf 87' lang='lat' dir='ltr'>fides</span> <span class='ocrx_word' id='word_1_141' title='bbox 932 1531 1054 1576; x_wconf 79' lang='lat' dir='ltr'>fieret</span> <span class='ocrx_word' id='word_1_142' title='bbox 1086 1550 1095 1575; x_wconf 73' lang='grc' dir='ltr'><strong><em>ε</em></strong></span> <span class='ocrx_word' id='word_1_143' title='bbox 1128 1549 1230 1576; x_wconf 83' lang='lat' dir='ltr'>nam</span> <span class='ocrx_word' id='word_1_144' title='bbox 1267 1541 1369 1576; x_wconf 85' lang='lat' dir='ltr'>ante</span> <span class='ocrx_word' id='word_1_145' title='bbox 1401 1531 1445 1576; x_wconf 93' lang='lat' dir='ltr'>id</span> <span class='ocrx_word' id='word_1_146' title='bbox 1481 1541 1654 1593; x_wconf 88' lang='lat' dir='ltr'>tempus</span> 
     </span>
     <span class='ocr_line' id='line_1_19' title="bbox 252 1611 1650 1675; baseline 0.002 -20"><span class='ocrx_word' id='word_1_147' title='bbox 252 1611 359 1673; x_wconf 81' lang='lat' dir='ltr'>fingi</span> <span class='ocrx_word' id='word_1_148' title='bbox 382 1628 407 1656; x_wconf 90' lang='lat' dir='ltr'>a</span> <span class='ocrx_word' id='word_1_149' title='bbox 437 1611 588 1675; x_wconf 85' lang='lat' dir='ltr'>legatis</span> <span class='ocrx_word' id='word_1_150' title='bbox 615 1613 853 1674; x_wconf 90' lang='lat' dir='ltr'>amicisque</span> <span class='ocrx_word' id='word_1_151' title='bbox 879 1614 1064 1658; x_wconf 85' lang='lat' dir='ltr'>Caesaris</span> <span class='ocrx_word' id='word_1_152' title='bbox 1095 1613 1443 1657; x_wconf 80' lang='lat' dir='ltr'>arbitrabantur.</span> <span class='ocrx_word' id='word_1_153' title='bbox 1470 1613 1650 1670; x_wconf 86' lang='lat' dir='ltr'>Quibus</span> 
     </span>
     <span class='ocr_line' id='line_1_20' title="bbox 253 1693 1650 1756; baseline 0.001 -19"><span class='ocrx_word' id='word_1_154' title='bbox 253 1693 384 1738; x_wconf 83' lang='lat' dir='ltr'>rebus</span> <span class='ocrx_word' id='word_1_155' title='bbox 412 1694 628 1756; x_wconf 83' lang='lat' dir='ltr'>cognitis,</span> <span class='ocrx_word' id='word_1_156' title='bbox 653 1710 704 1738; x_wconf 80' lang='lat' dir='ltr'>ex</span> <span class='ocrx_word' id='word_1_157' title='bbox 729 1695 779 1738; x_wconf 91' lang='lat' dir='ltr'>iis</span> <span class='ocrx_word' id='word_1_158' title='bbox 808 1693 914 1738; x_wconf 91' lang='lat' dir='ltr'>locis</span> <span class='ocrx_word' id='word_1_159' title='bbox 939 1696 1117 1739; x_wconf 86' lang='lat' dir='ltr'>Cassius</span> <span class='ocrx_word' id='word_1_160' title='bbox 1145 1711 1245 1738; x_wconf 88' lang='lat' dir='ltr'>cum</span> <span class='ocrx_word' id='word_1_161' title='bbox 1277 1693 1412 1739; x_wconf 89' lang='lat' dir='ltr'>classe</span> <span class='ocrx_word' id='word_1_162' title='bbox 1441 1693 1650 1739; x_wconf 88' lang='lat' dir='ltr'>discessit.</span> 
     </span>
    </p>

    <p class='ocr_par' dir='ltr' id='par_1_3' title="bbox 247 1773 1707 2648">
     <span class='ocr_line' id='line_1_21' title="bbox 318 1773 1652 1836; baseline 0 -17"><span class='ocrx_word' id='word_1_163' title='bbox 318 1776 413 1819; x_wconf 89' lang='lat' dir='ltr'>CII.</span> <span class='ocrx_word' id='word_1_164' title='bbox 446 1776 606 1829; x_wconf 81' lang='lat' dir='ltr'>Caesar,</span> <span class='ocrx_word' id='word_1_165' title='bbox 645 1774 852 1818; x_wconf 87' lang='lat' dir='ltr'>omnibus</span> <span class='ocrx_word' id='word_1_166' title='bbox 891 1774 1021 1818; x_wconf 90' lang='lat' dir='ltr'>rebus</span> <span class='ocrx_word' id='word_1_167' title='bbox 1065 1773 1254 1831; x_wconf 86' lang='lat' dir='ltr'>relictis,</span> <span class='ocrx_word' id='word_1_168' title='bbox 1296 1775 1652 1836; x_wconf 88' lang='lat' dir='ltr'>persequendum</span> 
     </span>
     <span class='ocr_line' id='line_1_22' title="bbox 254 1855 1707 1923; baseline 0.001 -24"><span class='ocrx_word' id='word_1_169' title='bbox 254 1855 335 1899; x_wconf 93' lang='lat' dir='ltr'>sibi</span> <span class='ocrx_word' id='word_1_170' title='bbox 369 1856 631 1916; x_wconf 84' lang='lat' dir='ltr'>Pompeium</span> <span class='ocrx_word' id='word_1_171' title='bbox 666 1855 959 1923; x_wconf 65' lang='lat' dir='ltr'>existimavit,</span> <span class='ocrx_word' id='word_1_172' title='bbox 997 1872 1288 1917; x_wconf 85' lang='lat' dir='ltr'>quascunque</span> <span class='ocrx_word' id='word_1_173' title='bbox 1331 1857 1375 1900; x_wconf 92' lang='lat' dir='ltr'>in</span> <span class='ocrx_word' id='word_1_174' title='bbox 1418 1866 1565 1917; x_wconf 89' lang='lat' dir='ltr'>partes</span> <span class='ocrx_word' id='word_1_175' title='bbox 1603 1874 1653 1900; x_wconf 88' lang='lat' dir='ltr'>ex</span> <span class='ocrx_word' id='word_1_176' title='bbox 1704 1859 1707 1864; x_wconf 82' lang='lat'>&#39;</span> 
     </span>
     <span class='ocr_line' id='line_1_23' title="bbox 254 1935 1652 1998; baseline 0.002 -19"><span class='ocrx_word' id='word_1_177' title='bbox 254 1935 358 1997; x_wconf 85' lang='lat' dir='ltr'>suga</span> <span class='ocrx_word' id='word_1_178' title='bbox 381 1953 425 1980; x_wconf 89' lang='lat' dir='ltr'>se</span> <span class='ocrx_word' id='word_1_179' title='bbox 448 1937 710 1998; x_wconf 88' lang='lat' dir='ltr'>recepisset,</span> <span class='ocrx_word' id='word_1_180' title='bbox 738 1953 792 1980; x_wconf 88' lang='lat' dir='ltr'>ne</span> <span class='ocrx_word' id='word_1_181' title='bbox 816 1952 970 1980; x_wconf 89' lang='lat' dir='ltr'>rursus</span> <span class='ocrx_word' id='word_1_182' title='bbox 997 1937 1146 1998; x_wconf 89' lang='lat' dir='ltr'>copias</span> <span class='ocrx_word' id='word_1_183' title='bbox 1173 1953 1432 1998; x_wconf 86' lang='lat' dir='ltr'>comparare</span> <span class='ocrx_word' id='word_1_184' title='bbox 1456 1935 1583 1995; x_wconf 88' lang='lat' dir='ltr'>alias,</span> <span class='ocrx_word' id='word_1_185' title='bbox 1608 1948 1652 1982; x_wconf 87' lang='lat' dir='ltr'>et</span> 
     </span>
     <span class='ocr_line' id='line_1_24' title="bbox 254 2016 1653 2079; baseline 0.001 -18"><span class='ocrx_word' id='word_1_186' title='bbox 254 2016 420 2061; x_wconf 90' lang='lat' dir='ltr'>bellum</span> <span class='ocrx_word' id='word_1_187' title='bbox 466 2034 681 2062; x_wconf 81' lang='lat' dir='ltr'>renovare</span> <span class='ocrx_word' id='word_1_188' title='bbox 723 2027 872 2079; x_wconf 88' lang='lat' dir='ltr'>posset</span> <span class='ocrx_word' id='word_1_189' title='bbox 911 2035 921 2062; x_wconf 71' lang='grc' dir='ltr'>ε</span> <span class='ocrx_word' id='word_1_190' title='bbox 960 2027 1003 2062; x_wconf 88' lang='lat' dir='ltr'>et</span> <span class='ocrx_word' id='word_1_191' title='bbox 1046 2028 1442 2079; x_wconf 89' lang='lat' dir='ltr'>quantumcunque</span> <span class='ocrx_word' id='word_1_192' title='bbox 1483 2019 1653 2063; x_wconf 86' lang='lat' dir='ltr'>itineris</span> 
     </span>
     <span class='ocr_line' id='line_1_25' title="bbox 254 2098 1655 2162; baseline 0.001 -20"><span class='ocrx_word' id='word_1_193' title='bbox 254 2099 451 2159; x_wconf 88' lang='lat' dir='ltr'>equitatu</span> <span class='ocrx_word' id='word_1_194' title='bbox 474 2098 644 2144; x_wconf 86' lang='lat' dir='ltr'>efficere</span> <span class='ocrx_word' id='word_1_195' title='bbox 672 2109 863 2161; x_wconf 88' lang='lat' dir='ltr'>poterat,</span> <span class='ocrx_word' id='word_1_196' title='bbox 884 2098 1083 2161; x_wconf 89' lang='lat' dir='ltr'>quotidie</span> <span class='ocrx_word' id='word_1_197' title='bbox 1107 2099 1499 2162; x_wconf 81' lang='lat' dir='ltr'>progrediebatur3</span> <span class='ocrx_word' id='word_1_198' title='bbox 1521 2098 1655 2162; x_wconf 84' lang='lat' dir='ltr'>legio-</span> 
     </span>
     <span class='ocr_line' id='line_1_26' title="bbox 254 2180 1653 2243; baseline 0.002 -20"><span class='ocrx_word' id='word_1_199' title='bbox 254 2196 446 2241; x_wconf 89' lang='lat' dir='ltr'>nemque</span> <span class='ocrx_word' id='word_1_200' title='bbox 464 2196 598 2224; x_wconf 90' lang='lat' dir='ltr'>unam</span> <span class='ocrx_word' id='word_1_201' title='bbox 618 2180 866 2235; x_wconf 82' lang='lat' dir='ltr'>minoribus</span> <span class='ocrx_word' id='word_1_202' title='bbox 888 2181 1121 2225; x_wconf 86' lang='lat' dir='ltr'>itineribus</span> <span class='ocrx_word' id='word_1_203' title='bbox 1149 2181 1357 2243; x_wconf 90' lang='lat' dir='ltr'>subsequi</span> <span class='ocrx_word' id='word_1_204' title='bbox 1383 2182 1526 2242; x_wconf 87' lang='lat' dir='ltr'>jussit.</span> <span class='ocrx_word' id='word_1_205' title='bbox 1545 2183 1653 2226; x_wconf 86' lang='lat' dir='ltr'>Erat</span> 
     </span>
     <span class='ocr_line' id='line_1_27' title="bbox 253 2260 1652 2324; baseline 0.002 -20"><span class='ocrx_word' id='word_1_206' title='bbox 253 2260 447 2305; x_wconf 88' lang='lat' dir='ltr'>edictum</span> <span class='ocrx_word' id='word_1_207' title='bbox 487 2262 688 2324; x_wconf 88' lang='lat' dir='ltr'>Pompeii</span> <span class='ocrx_word' id='word_1_208' title='bbox 727 2263 906 2306; x_wconf 90' lang='lat' dir='ltr'>nomine</span> <span class='ocrx_word' id='word_1_209' title='bbox 940 2262 1198 2324; x_wconf 87' lang='lat' dir='ltr'>Amphipoli</span> <span class='ocrx_word' id='word_1_210' title='bbox 1241 2264 1549 2324; x_wconf 87' lang='lat' dir='ltr'>propositum,</span> <span class='ocrx_word' id='word_1_211' title='bbox 1588 2264 1652 2307; x_wconf 90' lang='lat' dir='ltr'>uti</span> 
     </span>
     <span class='ocr_line' id='line_1_28' title="bbox 253 2342 1651 2405; baseline 0.001 -19"><span class='ocrx_word' id='word_1_212' title='bbox 253 2359 404 2387; x_wconf 86' lang='lat' dir='ltr'>omnes</span> <span class='ocrx_word' id='word_1_213' title='bbox 426 2342 520 2404; x_wconf 90' lang='lat' dir='ltr'>ejus</span> <span class='ocrx_word' id='word_1_214' title='bbox 547 2344 784 2404; x_wconf 72' lang='lat' dir='ltr'>provinciae</span> <span class='ocrx_word' id='word_1_215' title='bbox 803 2344 1032 2405; x_wconf 83' lang='lat' dir='ltr'>juniores,</span> <span class='ocrx_word' id='word_1_216' title='bbox 1056 2343 1202 2388; x_wconf 84' lang='lat' dir='ltr'>Graeci</span> <span class='ocrx_word' id='word_1_217' title='bbox 1219 2344 1426 2405; x_wconf 88' lang='lat' dir='ltr'>civesque</span> <span class='ocrx_word' id='word_1_218' title='bbox 1452 2346 1651 2400; x_wconf 85' lang='lat' dir='ltr'>romani,</span> 
     </span>
     <span class='ocr_line' id='line_1_29' title="bbox 247 2423 1653 2487; baseline 0.001 -20"><span class='ocrx_word' id='word_1_219' title='bbox 247 2423 428 2484; x_wconf 86' lang='lat' dir='ltr'>jurandi</span> <span class='ocrx_word' id='word_1_220' title='bbox 455 2440 586 2468; x_wconf 89' lang='lat' dir='ltr'>causa</span> <span class='ocrx_word' id='word_1_221' title='bbox 608 2426 919 2481; x_wconf 81' lang='lat' dir='ltr'>convenirent3</span> <span class='ocrx_word' id='word_1_222' title='bbox 939 2425 1033 2483; x_wconf 79' lang='lat' dir='ltr'>sed,</span> <span class='ocrx_word' id='word_1_223' title='bbox 1060 2435 1211 2470; x_wconf 90' lang='lat' dir='ltr'>utrum</span> <span class='ocrx_word' id='word_1_224' title='bbox 1239 2425 1489 2470; x_wconf 85' lang='lat' dir='ltr'>avertendae</span> <span class='ocrx_word' id='word_1_225' title='bbox 1515 2426 1653 2487; x_wconf 90' lang='lat' dir='ltr'>suspi-</span> 
     </span>
     <span class='ocr_line' id='line_1_30' title="bbox 252 2505 1652 2570; baseline 0.002 -22"><span class='ocrx_word' id='word_1_226' title='bbox 252 2505 391 2549; x_wconf 90' lang='lat' dir='ltr'>cionis</span> <span class='ocrx_word' id='word_1_227' title='bbox 419 2521 552 2550; x_wconf 87' lang='lat' dir='ltr'>causa</span> <span class='ocrx_word' id='word_1_228' title='bbox 575 2507 811 2567; x_wconf 90' lang='lat' dir='ltr'>Pompeius</span> <span class='ocrx_word' id='word_1_229' title='bbox 836 2508 1161 2570; x_wconf 88' lang='lat' dir='ltr'>proposuisset,</span> <span class='ocrx_word' id='word_1_230' title='bbox 1182 2517 1230 2551; x_wconf 90' lang='lat' dir='ltr'>ut</span> <span class='ocrx_word' id='word_1_231' title='bbox 1247 2522 1381 2568; x_wconf 81' lang='lat' dir='ltr'>quam</span> <span class='ocrx_word' id='word_1_232' title='bbox 1407 2505 1652 2551; x_wconf 88' lang='lat' dir='ltr'>diutissime</span> 
     </span>
     <span class='ocr_line' id='line_1_31' title="bbox 252 2584 1649 2648; baseline 0.002 -19"><span class='ocrx_word' id='word_1_233' title='bbox 252 2584 465 2648; x_wconf 85' lang='lat' dir='ltr'>longioris</span> <span class='ocrx_word' id='word_1_234' title='bbox 484 2586 596 2648; x_wconf 82' lang='lat' dir='ltr'>fugae</span> <span class='ocrx_word' id='word_1_235' title='bbox 611 2586 844 2632; x_wconf 89' lang='lat' dir='ltr'>consilium</span> <span class='ocrx_word' id='word_1_236' title='bbox 869 2588 1137 2647; x_wconf 88' lang='lat' dir='ltr'>occultaret,</span> <span class='ocrx_word' id='word_1_237' title='bbox 1165 2605 1219 2633; x_wconf 86' lang='lat' dir='ltr'>an</span> <span class='ocrx_word' id='word_1_238' title='bbox 1245 2589 1369 2632; x_wconf 87' lang='lat' dir='ltr'>novis</span> <span class='ocrx_word' id='word_1_239' title='bbox 1392 2587 1649 2644; x_wconf 89' lang='lat' dir='ltr'>dilectibus,</span> 
     </span>
    </p>
   </div>
  </div>
 </body>
</html>
