1972 3356
460 291 534 327 238
673 292 711 327 C.
745 292 874 327 JULII
906 291 1124 327 CAESARIS
1156 292 1647 332 COMMENTARIORUM

458 377 558 420 Non
601 376 717 419 enim
762 375 992 419 dubitabat
1033 376 1141 436 quin
1179 377 1345 419 recenti
1387 376 1637 423 calamitate
1673 382 1862 426 submis-

456 457 590 500 siores
611 466 754 501 essent
777 455 960 509 futurae3
982 455 1086 500 dato
1106 473 1211 500 vero
1236 457 1378 518 spatio
1402 474 1452 501 ac
1472 468 1690 519 tempore,
1708 462 1862 506 eodem

454 537 649 580 instante
677 539 932 592 Dumnaco,
956 547 1133 598 possent
1163 539 1391 582 concitari.
1417 540 1521 597 Qua
1544 539 1589 583 in
1616 557 1663 584 re
1692 558 1863 587 summa

454 616 637 661 felicitas
679 617 971 679 celeritasque
1008 619 1052 662 in
1094 618 1360 679 recipiendis
1393 620 1648 664 civitatibus
1676 622 1861 667 Fabium

451 699 751 760 consequitur.
785 700 901 743 Nam
935 702 1172 758 Carnutes,
1200 700 1276 761 qui
1310 717 1423 761 saepe
1456 702 1600 745 vexati
1634 719 1863 763 nunquam

452 781 574 841 pacis
608 780 805 825 fecerant
836 781 1129 836 mentionem,
1163 780 1276 825 datis
1312 779 1560 837 obsidibus,
1597 783 1783 826 veniunt
1818 784 1859 826 in

450 860 744 917 deditionem
776 871 1018 922 ceteraeque
1047 862 1273 918 civitates,
1302 863 1452 923 positae
1483 863 1527 906 in
1555 862 1723 907 ultimis
1753 862 1863 908 Gal-

452 943 517 986 liae
539 942 726 999 finibus,
751 944 935 987 Oceano
959 943 1227 1002 conjunctae,
1251 960 1346 1004 quae
1373 945 1615 988 Armoricae
1638 944 1863 1006 appellan-

451 1032 543 1079 tur,
579 1025 844 1067 auctoritate
879 1022 1082 1066 adductae
1117 1025 1391 1080 Carnutum,
1420 1024 1614 1068 adventu
1644 1025 1765 1069 Fabii
1799 1025 1860 1069 le—

450 1105 724 1165 gionumque
749 1105 966 1164 imperata
991 1105 1085 1147 sine
1113 1121 1236 1148 mora
1260 1102 1442 1148 faciunt.
1467 1107 1748 1163 Dumnacus,
1774 1108 1862 1152 suis

451 1185 612 1229 finibus
633 1184 862 1246 expulsus,
894 1202 1046 1229 errans
1076 1184 1343 1247 latitansque
1369 1184 1488 1230 solus
1514 1196 1732 1231 extremas
1756 1187 1863 1231 Gal-

451 1264 518 1310 liae
542 1268 744 1329 regiones
770 1277 920 1328 petere
944 1277 1124 1311 coactus
1147 1278 1224 1311 est.

515 1350 703 1394 XXXII.
722 1352 782 1393 At
798 1351 1026 1410 Drappes,
1044 1366 1220 1410 unaque
1239 1351 1495 1406 Lucterius,
1511 1367 1649 1411 quum
1667 1348 1862 1412 legiones

451 1431 779 1492 Caniniumque
803 1431 953 1475 adesse
973 1441 1321 1492 cognoscerent,
1342 1449 1422 1475 nee
1443 1449 1487 1476 se
1510 1433 1603 1475 sine
1622 1441 1740 1476 certa
1764 1449 1862 1493 per-

450 1513 587 1570 nicie,
607 1523 899 1574 persequente
922 1514 1138 1568 exercitu,
1163 1523 1373 1574 putarent
1398 1514 1644 1557 Provinciae
1667 1513 1776 1557 fines
1798 1514 1861 1556 in-

451 1604 568 1638 trare
599 1611 744 1656 posse,
774 1612 855 1639 nec
881 1595 972 1656 jam
1000 1594 1182 1638 liberam
1212 1594 1404 1656 vagandi
1433 1593 1861 1654 latrociniorumque

450 1675 752 1720 faciendorum
797 1675 1051 1720 facultatem
1092 1675 1325 1732 haberent,
1366 1676 1614 1719 consistunt
1659 1675 1703 1718 in
1745 1675 1861 1736 agris

449 1757 772 1802 Cadurcorum.
798 1758 886 1812 Ibi,
904 1774 1042 1818 quum
1058 1757 1290 1801 Lucterius
1304 1756 1422 1817 apud
1437 1773 1538 1800 suos
1562 1757 1699 1813 cives,
1719 1772 1860 1816 quon-

450 1839 549 1881 dam
574 1839 756 1899 integris
775 1838 927 1892 rebus,
948 1837 1140 1881 multum
1164 1838 1400 1898 potuisset,
1421 1852 1683 1898 semperque
1706 1847 1860 1881 auctor

448 1936 667 1963 novorum
703 1918 992 1963 consiliorum
1027 1935 1235 1980 magnam
1271 1917 1389 1979 apud
1422 1918 1633 1962 barbaros
1667 1920 1860 1963 auctori-

450 2010 583 2044 tatem
603 2001 805 2054 haberet,
825 2000 1040 2062 oppidum
1062 1999 1423 2056 Uxellodunum,
1447 1999 1566 2060 qnod
1588 2000 1632 2042 in
1657 1998 1858 2044 clientela

448 2081 591 2126 fuerat
620 2082 732 2142 ejus,
766 2093 924 2126 natura
954 2082 1035 2126 loci
1067 2083 1240 2143 egregie
1272 2083 1515 2137 munitum,
1552 2091 1739 2142 occupat
1770 2083 1858 2126 suis

448 2174 491 2207 et
513 2164 754 2225 Drappetis
777 2165 935 2225 copiis,
963 2163 1298 2224 oppidanosque
1324 2163 1404 2206 sibi
1430 2164 1674 2224 conjungit.

514 2247 730 2290 XXXIII.
758 2246 863 2302 Quo
889 2261 1028 2305 quum
1058 2245 1289 2288 confestim
1319 2246 1368 2288 C.
1400 2245 1615 2289 Caninius
1648 2245 1854 2301 venisset,

448 2325 908 2386 animadverteretque
943 2342 1094 2369 omnes
1123 2325 1275 2386 oppidi
1304 2335 1451 2385 partes
1480 2326 1715 2386 praeruptis
1741 2326 1855 2369 saxis

453 2424 542 2452 esse
588 2408 802 2462 munitas,
847 2424 957 2467 quo,
997 2406 1262 2451 defendente
1304 2405 1447 2463 nullo,
1486 2416 1634 2450 tamen
1675 2407 1854 2450 armatis

449 2488 686 2532 ascendere
713 2497 825 2532 esset
849 2487 1046 2545 difficile,
1072 2505 1232 2549 magna
1256 2498 1405 2532 autem
1432 2487 1747 2548 impedimenta
1775 2503 1854 2547 op-

448 2570 717 2629 pidanorum
754 2569 945 2626 videret,
980 2588 1076 2631 quae
1106 2572 1139 2614 si
1168 2569 1441 2614 clandestina
1468 2570 1570 2630 fuga
1594 2568 1854 2612 subtrahere

449 2660 741 2705 conarentur,
777 2649 971 2711 effugere
1007 2668 1095 2694 non
1125 2651 1258 2694 modo
1289 2652 1557 2711 equitatum,
1590 2648 1665 2691 sed
1701 2665 1755 2692 ne
1790 2648 1851 2692 le-

451 2732 601 2790 giones
647 2731 822 2791 quidem
867 2742 1065 2793 possent,
1114 2733 1339 2793 tripartito
1377 2730 1635 2777 cohortibus
1681 2730 1850 2786 divisis,
1894 2782 1897 2787 y
