1972 3356
563 215 629 251 DE
660 217 820 253 BELLO
851 218 1068 255 GALLICO
1098 220 1190 256 LIB.
1219 222 1322 257 VIII.
1568 236 1642 269 227

236 298 497 360 turnitate),
535 299 783 357 Bellovaci,
823 301 992 347 delecta
1027 321 1163 348 manu
1196 305 1418 367 peditum,
1455 308 1644 369 cognitis

234 379 499 424 stationibus
529 382 802 442 quotidianis
833 384 1032 444 equitum
1059 396 1337 441 nostrorum,
1368 387 1645 434 silvestribus

233 456 342 503 locis
375 461 554 506 insidias
585 462 851 524 disponunt;
883 464 1130 525 eodemque
1163 468 1334 527 equites
1364 479 1542 530 postero
1574 469 1645 514 die

232 541 439 596 mittunt,
469 545 545 603 qui
576 545 772 604 primum
809 543 1024 588 elicerent
1052 556 1230 591 nostros
1264 549 1454 606 insidiis,
1483 550 1645 595 deinde

233 624 563 667 circumventos
587 624 954 686 aggrederentur.
980 627 1120 687 Cujus
1139 627 1243 671 mali
1264 646 1356 673 sors
1375 631 1535 675 incidit
1559 634 1644 676 Re-

234 705 340 760 mis,
368 704 528 764 quibus
554 704 626 748 ille
647 705 739 749 dies
762 705 977 767 fungendi
1003 708 1203 751 muneris
1226 709 1481 754 obvenerat.
1505 713 1643 755 Nam-

231 802 316 846 que
343 786 392 841 ii,
414 802 552 846 quum
583 796 766 847 repente
790 787 987 831 hostium
1014 789 1184 849 equites
1205 790 1643 848 animadvertissent,

230 884 278 911 ac
302 884 491 911 numero
521 869 770 929 superiores
797 869 1068 929 paucitatem
1096 873 1492 933 contempsissent,
1518 875 1644 935 cupi-

229 946 325 991 dius
350 948 559 1000 insecuti,
585 966 607 992 a
635 949 857 1010 peditibus
880 950 1078 1012 undique
1102 962 1207 996 sunt
1230 953 1510 999 circumdati.
1538 956 1643 1013 Quo

227 1029 343 1073 facto
372 1030 642 1091 perturbati,
669 1030 855 1076 celerius
885 1049 1018 1093 quam
1048 1035 1325 1078 consuetudo
1367 1036 1451 1080 fert
1486 1054 1643 1098 eques-

229 1112 308 1156 tris
334 1111 477 1173 proelii
511 1129 554 1157 se
590 1123 873 1174 receperunt,
903 1115 1064 1158 amisso
1090 1116 1316 1172 Vertisco,
1350 1119 1552 1180 principe
1581 1121 1642 1164 ci-

227 1193 394 1248 vitatis,
426 1193 636 1254 praefecto
670 1195 893 1255 equitum,
920 1197 1016 1256 qui,
1044 1213 1185 1257 quum
1214 1198 1287 1241 vix
1314 1214 1428 1259 equo
1457 1211 1643 1262 propter

228 1284 402 1319 aetatem
422 1286 569 1336 posset
587 1277 671 1331 uti,
691 1286 865 1332 tamen,
883 1277 1206 1322 consuetudine
1223 1278 1459 1324 Gallorum
1472 1315 1483 1336 ,
1496 1299 1641 1343 neque

228 1356 366 1401 aetatis
401 1358 684 1401 excusatione
717 1358 761 1400 in
791 1358 1070 1418 suscipienda
1101 1359 1362 1419 praefectura
1392 1378 1496 1407 usus
1524 1374 1639 1421 erat,

227 1454 372 1498 neque
400 1437 600 1482 dimicari
629 1439 722 1481 sine
747 1455 791 1481 se
816 1437 1029 1482 voluerat.
1052 1439 1277 1484 Inflantur
1299 1450 1433 1502 atque
1457 1444 1640 1489 incitan-

228 1528 301 1562 tur
329 1519 525 1563 hostium
546 1520 681 1563 animi
713 1518 910 1563 secundo
931 1519 1109 1580 proelio,
1137 1521 1340 1582 principe
1368 1532 1411 1567 et
1431 1524 1639 1584 praefecto

225 1602 470 1645 Remorum
502 1600 761 1655 interfecto,
784 1602 1014 1662 nostrique
1040 1601 1310 1647 detrimento
1337 1603 1639 1659 admonentur

226 1680 484 1743 diligentius
513 1680 753 1743 exploratis
785 1681 894 1727 locis
931 1683 1142 1727 stationes
1177 1683 1437 1745 disponere,
1466 1704 1515 1731 ac
1544 1705 1637 1733 mo-

225 1762 419 1808 deratius
446 1763 675 1808 cedentem
702 1765 872 1825 insequi
896 1765 1085 1809 hostem.

289 1847 411 1889 XIII.
446 1845 549 1889 Non
588 1846 947 1889 intermittuntur
979 1846 1158 1890 interim
1189 1848 1448 1908 quotidiana
1481 1851 1635 1912 proelia

227 1928 269 1970 in
302 1936 545 1987 conspectu
565 1936 860 1986 utrorumque
881 1936 1152 1983 castrorum,
1173 1944 1270 1988 quae
1287 1929 1342 1973 ad
1362 1931 1474 1976 vada
1497 1942 1636 1978 trans-

226 2009 402 2068 itusque
425 2007 594 2051 fiebant
627 2006 814 2068 paludis.
840 2009 944 2065 Qua
969 2010 1259 2053 contentione
1283 2012 1498 2056 Germani
1524 2030 1634 2074 quos

227 2098 461 2150 propterea
494 2089 641 2132 Caesar
676 2087 934 2132 traduxerat
969 2089 1178 2133 Rhenum
1223 2101 1269 2134 ut
1303 2093 1528 2153 equitibus
1564 2096 1633 2139 in—

229 2170 427 2230 terpositi
464 2168 800 2230 proeliarentur,
829 2186 967 2230 quum
1011 2172 1288 2216 constantius
1330 2175 1522 2219 universi
1555 2194 1633 2238 pa-

228 2250 373 2295 ludem
398 2251 675 2306 transissent,
694 2251 933 2311 paucisque
949 2252 1255 2296 resistentibus
1276 2254 1522 2301 interfectis
1538 2274 1633 2318 per-

227 2333 414 2377 tinacius
439 2330 656 2393 reliquam
681 2331 1016 2376 multitudinem
1047 2344 1190 2377 essent
1220 2335 1434 2392 insecuti,
1462 2348 1631 2399 perter-

225 2415 298 2458 riti
339 2431 427 2457 non
465 2412 608 2457 solum
646 2414 675 2456 ii
718 2413 794 2474 qui
822 2424 898 2457 aut
933 2415 1133 2458 cominus
1160 2417 1528 2476 opprimebantur
1554 2431 1630 2465 aut

226 2496 397 2539 eminus
430 2493 800 2551 vulnerabantur,
829 2495 900 2539 sed
926 2497 1057 2539 etiam
1083 2498 1158 2557 qui
1193 2496 1369 2559 longius
1393 2500 1628 2546 subsidiari

226 2585 568 2632 consueverant,
600 2576 790 2636 turpiter
820 2576 1057 2638 fugerunt3
1088 2594 1168 2621 nec
1196 2579 1317 2639 prius
1345 2579 1479 2624 finem
1514 2582 1627 2645 fugae

226 2657 442 2714 fecerunt,
472 2673 583 2717 saepe
618 2657 787 2701 amissis
821 2658 1123 2718 superioribus
1162 2657 1286 2716 locis,
1318 2676 1451 2720 quam
1478 2679 1522 2706 se
1549 2674 1626 2708 aut

1359 2739 1426 2784 15.
