1972 3356
290 267 337 312 84
500 270 538 304 C.
571 269 697 304 JULII
729 268 945 303 CAESARIS
977 267 1461 305 COMMENTARIORUM

288 363 503 413 quantum
533 355 625 414 jam
665 353 783 413 apud
814 369 887 395 eos
916 352 1064 396 hostes
1101 368 1191 395 uno
1228 352 1382 413 proelio
1408 354 1682 398 auctoritatis

288 448 431 481 essent
457 438 681 481 consecuti
698 470 709 492 ,
738 436 971 492 sentiebat3
996 436 1156 497 quibus
1184 435 1239 479 ad
1269 435 1450 480 consilia
1473 436 1683 496 capienda

288 520 397 564 nihil
425 521 553 581 spatii
586 520 784 564 dandum
819 520 1108 564 existimabat.
1141 520 1219 563 His
1255 520 1504 563 constitutis
1533 518 1683 568 rebus,

286 611 330 646 et
362 601 546 646 consilio
579 620 682 647 cum
718 602 874 665 legatis
911 612 952 647 et
993 612 1211 664 quaestore
1246 603 1593 659 communicato,
1630 619 1684 645 ne

284 702 416 746 quem
455 686 571 730 diem
605 703 765 748 pugnae
796 688 1175 748 praetermitteret,
1212 686 1586 747 opportunissima
1615 703 1684 729 res

284 769 466 828 accidit,
488 769 607 831 quod
630 770 842 831 postridie
867 772 959 832 ejus
979 770 1065 814 diei
1092 787 1244 826 mane,
1265 769 1417 813 eadem
1439 779 1480 813 et
1499 768 1684 830 perfidia

284 862 327 896 et
351 852 633 898 simulatione
662 856 728 898 usi
757 856 995 913 Germani,
1022 854 1298 915 frequentes,
1334 853 1540 896 omnibus
1566 853 1686 913 prin-

285 937 457 999 cipibus
490 939 822 1000 majoribusque
852 948 959 982 natu
996 938 1226 992 adhibitis,
1256 937 1311 981 ad
1343 954 1444 981 eum
1469 938 1513 980 in
1542 946 1684 981 castra

281 1032 520 1078 venerunt3
542 1022 691 1080 simul,
717 1033 766 1067 ut
784 1022 1039 1076 dicebatur,
1065 1023 1129 1066 sui
1153 1021 1372 1083 purgandi
1395 1037 1545 1077 causa,
1565 1021 1685 1081 quod

281 1115 434 1149 contra
472 1116 605 1167 atque
640 1116 751 1150 esset
783 1106 972 1162 dictum,
1010 1117 1050 1150 et
1086 1107 1167 1167 ipsi
1204 1106 1440 1166 petissent,
1478 1105 1684 1166 proelium

281 1188 424 1249 pridie
444 1191 789 1246 commisissent3
814 1189 944 1234 simul
968 1201 1041 1245 ut,
1066 1191 1100 1234 si
1123 1189 1231 1250 quid
1252 1199 1451 1250 possent,
1478 1189 1531 1232 de
1555 1189 1685 1233 indu-

282 1272 359 1316 ciis
390 1272 582 1317 fallendo
614 1275 917 1335 impetrarent.
950 1275 1076 1331 Quos
1111 1274 1191 1317 sibi
1229 1275 1374 1318 Caesar
1401 1271 1571 1317 oblatos
1609 1290 1684 1335 ga-

279 1357 424 1413 visus,
472 1356 569 1402 illos
605 1360 787 1403 retineri
818 1360 949 1420 jussit
985 1376 993 1401 :
1029 1359 1122 1419 ipse
1161 1374 1312 1402 omnes
1347 1358 1497 1418 copias
1533 1358 1684 1402 castris

277 1440 451 1497 eduxit,
476 1443 832 1503 equitatumque,
863 1442 984 1503 quod
1013 1443 1181 1486 recenti
1210 1440 1365 1502 proelio
1398 1442 1684 1502 perterritum

277 1540 368 1568 esse
391 1525 702 1582 existimabat,
732 1544 892 1588 agmen
920 1527 1127 1587 subsequi
1148 1527 1292 1587 jussit.

338 1610 459 1654 XIV.
491 1610 596 1654 Acie
629 1609 794 1671 triplici
822 1613 1043 1666 instituta,
1071 1621 1114 1654 et
1145 1610 1347 1655 celeriter
1383 1627 1463 1655 v111
1495 1609 1684 1654 millium

274 1693 432 1736 itinere
456 1693 678 1749 confecto,
692 1695 816 1755 prius
837 1695 892 1738 ad
910 1694 1107 1739 hostium
1127 1705 1269 1738 castra
1284 1695 1506 1755 pervenit,
1527 1711 1684 1756 quam,

272 1776 381 1837 quid
409 1788 638 1839 ageretur,
663 1780 879 1822 Germani
910 1780 1073 1823 sentire
1107 1768 1299 1840 possent.
1332 1780 1444 1835 Qui,
1476 1779 1683 1824 omnibus

272 1861 403 1905 rebus
427 1862 574 1906 subito
606 1863 852 1923 perterriti,
883 1873 925 1906 ct
951 1862 1175 1907 celeritate
1204 1863 1421 1907 adventus
1450 1865 1615 1921 nostri,
1640 1875 1684 1908 et

271 1944 461 1989 discessu
498 1963 709 2001 suorum,
744 1964 889 2007 neque
923 1947 1095 1991 consilii
1128 1947 1341 2004 habendi,
1381 1965 1524 2009 neque
1560 1965 1683 1993 arina

269 2029 472 2089 capiendi
504 2031 657 2091 spatio
691 2031 816 2087 dato,
855 2033 1195 2094 perturbantur,
1231 2034 1438 2094 copiasne
1471 2032 1681 2077 adversus

270 2113 442 2157 hostem
474 2114 687 2171 educere,
716 2133 772 2160 an
813 2127 955 2161 castra
989 2116 1250 2175 defendere,
1279 2135 1334 2162 an
1361 2117 1463 2180 fuga
1494 2116 1680 2162 salutem

270 2205 437 2257 petere,
464 2209 706 2259 praestaret.
738 2201 946 2259 Quorum
974 2202 1109 2245 timor
1133 2219 1271 2262 quum
1303 2203 1482 2247 fremitu
1511 2213 1554 2247 et
1573 2220 1679 2248 con·

268 2297 400 2325 cursu
426 2283 772 2344 significaretur,
803 2283 965 2329 milites
994 2287 1154 2343 nostri,
1179 2287 1356 2348 pristini
1381 2287 1465 2332 diei
1491 2287 1678 2349 perfidia

268 2364 459 2421 incitati,
475 2366 519 2410 in
537 2377 680 2411 castra
696 2368 970 2429 irruperunt.
988 2370 1093 2426 Quo
1110 2369 1227 2428 loeo,
1243 2372 1318 2432 qui
1336 2370 1539 2415 celeriter
1554 2388 1675 2415 arma

267 2463 424 2508 capere
457 2460 730 2510 potuerunt,
769 2451 994 2513 paulisper
1024 2455 1186 2499 nostris
1227 2457 1508 2512 restiterunt,
1542 2465 1675 2517 atque

267 2532 382 2576 inter
409 2551 557 2580 carros
587 2536 996 2599 impedimentaque
1021 2538 1228 2600 proelium
1254 2541 1573 2584 commiserunt
1597 2558 1606 2584 ε
1629 2551 1673 2585 at

269 2614 437 2676 reliqua
479 2619 723 2664 multitudo
758 2638 1000 2683 puerorum
1038 2623 1364 2685 mulierumque
1396 2625 1527 2684 (nam
1570 2641 1671 2669 cum

267 2701 470 2745 omnibus
509 2706 596 2749 suis
635 2706 768 2750 domo
807 2719 1110 2765 excesserant,
1154 2709 1449 2770 Rhenumque
1489 2709 1671 2753 transie-
