1972 3356
583 229 648 263 DE
677 228 840 263 BELLO
874 228 1097 263 GALLICO
1128 229 1208 264 Lm
1248 230 1274 263 I.
1577 226 1624 259 1³1⁷}

226 322 296 356 tus
323 312 479 373 proelio
504 312 794 366 contendere,
814 314 852 356 ci
889 322 1081 373 potestas
1111 330 1200 357 non
1227 312 1407 358 deesset.
1435 313 1622 357 Ariovis-

227 403 297 438 tus
336 394 402 437 his
447 394 653 437 omnibus
699 393 855 437 diebus
894 395 1137 438 exercitum
1186 395 1339 440 castris
1374 394 1597 439 continuit
1621 411 1629 437 :

229 475 423 536 equestri
452 473 608 535 proelio
636 474 836 534 quotidie
866 474 1110 518 contendit.
1142 478 1295 520 Genus
1324 476 1407 520 hoc
1431 485 1523 519 erat
1550 492 1633 536 pu-

230 573 345 618 gnae,
370 572 459 616 quo
477 571 520 599 se
540 555 754 598 Germani
779 564 1080 598 exercuerant.
1107 556 1321 615 Equitum
1346 555 1484 600 millia
1509 567 1634 600 erant

231 654 322 690 sex;
339 635 523 680 totidem
539 651 728 679 numero
744 634 912 696 pedites
924 634 1248 679 velocissimiac
1263 636 1511 691 fortissimi,
1525 654 1637 697 quos

231 735 281 762 ex
309 718 431 763 omni
460 717 587 777 copia
615 715 777 777 singuli
808 715 1026 778 singulos,
1051 733 1137 760 suae
1165 715 1318 761 salutis
1343 734 1493 771 causa,
1524 716 1632 761 dele-

233 807 385 861 gerant
412 815 420 841 :
450 814 549 841 cuni
574 797 641 841 his
671 799 713 840 in
738 796 903 858 proeliis
928 798 1244 854 versabantur,
1268 798 1322 841 ad
1346 799 1427 843 hos
1454 816 1499 843 se
1523 800 1641 860 equi—

234 891 297 924 tes
321 879 595 940 recipiebant
618 896 626 922 τ
654 879 720 935 hi,
751 880 786 922 si
815 878 923 940 quid
953 889 1048 923 erat
1072 879 1247 936 durius,
1271 880 1599 924 concurrebant
1631 899 1638 924 :

235 962 268 1005 si
290 961 386 1022 qui,
407 960 609 1022 graviore
633 959 818 1005 vulnere
833 970 1035 1021 accepto,
1057 977 1171 1021 equo
1189 960 1438 1015 deciderat,
1458 962 1645 1006 circum-

236 1043 448 1087 sistebant
473 1059 481 1085 :
509 1042 543 1085 si
566 1058 656 1102 quo
680 1050 772 1085 erat
796 1040 972 1103 longius
994 1040 1329 1103 prodeundum,
1356 1053 1433 1086 aut
1459 1042 1645 1087 celerius

236 1122 568 1185 recipiendum,
600 1132 723 1166 tanta
754 1132 849 1166 erat
877 1121 1037 1167 horum
1070 1123 1386 1167 exercitatione
1418 1122 1646 1176 celeritas,

240 1214 309 1259 ut,
331 1204 451 1265 jubis
480 1219 699 1263 equorum
723 1202 960 1260 sublevati,
980 1221 1159 1248 cursum
1182 1203 1479 1265 adaequarent.

302 1287 466 1330 XLIX.
493 1284 583 1329 Ubi
606 1300 706 1327 eum
739 1284 895 1328 castris
917 1301 961 1328 se
985 1295 1135 1329 tenere
1161 1287 1307 1330 Caesar
1333 1283 1568 1344 intellexit,
1594 1304 1649 1330 ne

240 1365 404 1409 (liutius
425 1375 677 1409 commeatu
696 1364 1036 1426 prohiberetur,
1053 1365 1168 1410 ultra
1189 1383 1291 1410 enm
1312 1365 1482 1422 locum,
1502 1369 1649 1427 quoin

241 1446 338 1491 loco
352 1447 570 1517 §ermani
593 1446 909 1503 consederant,
926 1447 1117 1501 circiter,
1138 1464 1292 1509 passus
1309 1464 1368 1493 DC
1387 1448 1441 1491 ab
1458 1448 1539 1505 eis,
1567 1465 1652 1492 cas-

243 1530 319 1573 tris
349 1528 558 1572 idoneum
596 1528 741 1573 locum
779 1527 967 1590 delegit,
1003 1528 1184 1590 acieque
1218 1528 1381 1591 triplici
1414 1530 1651 1584 instructa,

241 1610 294 1654 ad
320 1626 421 1654 eum
447 1608 593 1654 locum
618 1611 754 1654 venit.
779 1611 975 1654 Primam
1006 1620 1049 1654 et
1074 1609 1312 1654 secundam
1346 1612 1484 1655 aciem
1516 1612 1560 1654 in
1586 1629 1654 1655 ar·-

244 1693 327 1737 mis
347 1709 462 1749 esse,
485 1692 661 1736 tertiam
681 1702 827 1736 castra
848 1692 1023 1736 munire
1041 1692 1183 1753 jussit.
1207 1693 1292 1737 Hic
1318 1691 1441 1736 locus
1459 1693 1512 1737 ab
1528 1693 1654 1737 hoste

245 1775 421 1818 circiter
442 1791 595 1835 passus
620 1783 869 1829 sexcentos,
893 1774 959 1817 uti
985 1773 1153 1818 dictum
1184 1784 1267 1829 est,
1292 1774 1458 1818 aberat.
1482 1776 1548 1818 Eo
1574 1775 1656 1818 cir—

244 1856 354 1900 citer
389 1855 624 1899 hominum
657 1871 846 1898 numero
886 1871 960 1898 XVI
998 1853 1136 1898 millia
1172 1854 1378 1915 expedita
1403 1872 1503 1899 cuin
1533 1856 1655 1899 omni

247 1937 446 1997 equitatu
473 1936 725 1980 Ariovistus
761 1935 901 1990 misit,
938 1951 1035 1994 quae
1067 1935 1204 1995 copiae
1236 1945 1411 1979 nostros
1441 1946 1657 1997 perterre-

249 2027 368 2073 rent,
389 2027 432 2060 et
460 2016 711 2060 munitione
740 2015 1044 2076 prohiberent.
1071 2013 1224 2059 Nihilo
1244 2017 1394 2060 ‘secius
1417 2019 1583 2074 Caesar,
1610 2027 1658 2061 ut

252 2110 354 2144 ante
380 2097 695 2152 constituerat,
719 2096 829 2140 duas
852 2097 967 2140 acies
990 2097 1163 2141 hostem
1189 2096 1455 2158 populsare,
1481 2099 1657 2142 tertiam

252 2197 364 2243 opus
390 2177 603 2239 perficere
629 2179 772 2240 jussit.
799 2178 988 2222 Munitis
1015 2179 1192 2232 castris,
1229 2179 1337 2223 duas
1365 2179 1427 2223 ibi
1464 2178 1659 2241 legiones

252 2260 452 2321 reliquit,
479 2270 522 2304 et
544 2270 717 2321 partem
745 2258 1033 2317 auxiliorum3
1057 2270 1249 2322 quatuor
1273 2259 1466 2322 reliquas
1494 2262 1539 2304 in
1568 2278 1660 2305 cas-

255 2352 319 2387 tra
344 2342 512 2403 majora
535 2341 724 2387 reduxit.
1690 2398 1694 2401 ι

318 2425 370 2467 L.
399 2423 609 2467 Proximo
636 2423 730 2480 die,
764 2425 967 2469 instituto
994 2441 1093 2480 suo,
1125 2425 1273 2469 Caesar
1297 2440 1321 2468 e
1350 2430 1504 2469 castris
1534 2425 1663 2468 utris-

256 2522 341 2566 que
376 2505 526 2566 copias
559 2521 657 2549 suas
683 2504 854 2562 eduxit3
886 2504 1160 2567 paulumque
1187 2522 1212 2549 a
1237 2505 1481 2567 majoribus
1509 2507 1663 2550 castris

258 2603 534 2649 progressus,
568 2586 706 2630 aciem
735 2587 971 2643 instruxit,
1001 2587 1293 2648 hostibusque
1326 2587 1552 2649 pugnandi
1588 2604 1665 2649 po—

261 2677 458 2713 testatem
482 2667 599 2712 fecit.
625 2667 713 2712 Ubi
735 2684 788 2711 ne
813 2677 906 2712 tum
929 2668 1107 2730 quidem
1131 2685 1203 2713 eos
1227 2668 1406 2729 prodire
1426 2667 1663 2722 intellexit,

1460 2748 1497 2792 3.
