1972 3356
641 227 708 262 DE
738 226 904 261 BELLO
935 226 1213 263 AFRICANO.
1556 231 1624 265 231

294 313 436 356 XXX.
464 311 613 373 Scipio
640 312 815 355 interim
843 311 932 355 fere
956 310 1155 372 quotidie
1180 328 1268 355 non
1297 311 1471 376 longius
1491 332 1516 359 a
1540 318 1629 359 suis

226 394 378 438 eastris
398 393 598 455 passibus
617 409 697 438 ccc
715 393 932 436 instruere
950 393 1110 448 aciem,
1131 409 1181 436 ac
1203 394 1370 454 majore
1394 395 1479 440 diei
1504 407 1629 458 parte

227 484 509 536 consumpta,
532 490 683 517 rursus
709 490 752 517 se
778 474 822 516 in
846 482 990 517 castra
1010 473 1218 532 recipere.
1243 475 1379 532 Quod
1400 493 1538 537 quum
1559 495 1630 523 sae-

225 557 322 616 pius
353 555 499 611 fieret,
534 569 676 614 neque
710 570 762 597 ex
803 555 988 598 Caesaris
1027 554 1182 597 castris
1216 555 1449 616 quisquam
1486 560 1630 620 prodi-

225 648 315 689 ret,
346 653 488 697 neque
515 637 695 697 propius
722 635 814 695 ejus
846 636 995 696 copias
1027 634 1278 691 accederet,
1314 637 1514 699 despecta
1552 658 1627 702 pa-

226 719 372 763 tientia
399 717 585 761 Caesaris
621 717 928 775 exercitusque
953 716 1070 776 ejuS,
1098 717 1315 761 universis
1346 721 1483 780 copiis
1527 739 1627 782 pro-

221 799 388 854 ductis,
412 797 746 859 elephantisque
770 797 937 840 turritis
965 814 1056 841 xxx
1084 808 1184 842 ante
1210 800 1346 843 aciem
1376 801 1626 857 instructis,

222 896 354 940 qnam
401 877 608 922 latissime
650 878 794 940 potuit
838 888 1039 939 porrecta
1089 880 1287 940 equitum
1341 881 1627 944 peditumque

220 959 524 1015 multitudiue,
569 977 658 1004 uno
696 970 892 1020 tempore
929 977 1210 1022 progressus,
1247 961 1367 1006 haud
1406 964 1465 1007 ita
1496 963 1626 1025 long(¹

216 1059 239 1084 a
264 1043 446 1086 Caesaris
471 1043 623 1086 castris
645 1042 845 1086 constitit
871 1043 914 1085 in
943 1058 1114 1103 campo.

280 1125 447 1167 XXXI.
478 1124 655 1181 Quibus
684 1123 813 1167 rebus
844 1124 1060 1184 cognitis,
1088 1127 1234 1169 Caesar
1268 1125 1396 1185 jubet
1437 1126 1623 1183 milites,

215 1205 288 1264 qui
320 1215 443 1248 extra
475 1206 744 1249 munitiones
781 1216 1112 1266 processerant,
1150 1207 1314 1267 quique
1353 1207 1623 1268 pabulandi,

214 1296 291 1329 aut
336 1285 562 1347 lignandi,
590 1296 666 1330 aut
694 1287 826 1330 etiam
859 1286 1085 1330 muniendi
1121 1289 1260 1348 gratia
1292 1287 1447 1333 vallem
1488 1292 1623 1350 petie·

216 1377 333 1419 rant,
359 1368 524 1429 quique
548 1368 601 1412 ad
631 1385 726 1412 eam
759 1385 849 1411 rem
879 1385 990 1429 opus
1018 1379 1173 1424 erant,
1203 1386 1357 1414 omnes
1388 1372 1501 1415 intra
1530 1389 1624 1416 mu-

216 1449 406 1492 nitiones
446 1450 695 1493 minutatim
736 1450 1018 1510 modesteque
1057 1452 1149 1494 sine
1189 1450 1383 1497 tumultu
1419 1463 1495 1497 aut
1538 1464 1622 1498 ter-

211 1546 310 1574 rore
334 1548 378 1574 se
419 1531 635 1592 recipere,
676 1541 810 1591 atque
852 1532 894 1574 in
938 1547 1070 1591 opere
1117 1534 1359 1577 consistere
1406 1551 1413 1577 :
1464 1535 1623 1595 equiti-

210 1611 290 1655 bus
316 1621 484 1665 autem,
511 1613 586 1672 qui
616 1613 660 1655 in
687 1613 876 1656 statione
905 1612 1103 1668 fuerant,
1135 1614 1359 1675 praecipit,
1396 1624 1442 1659 ut
1481 1632 1621 1676 usque

209 1710 260 1737 eo
297 1692 442 1737 locum
468 1693 747 1749 obtinerent,
788 1695 830 1738 in
869 1711 958 1755 quo
995 1693 1128 1756 paulo
1159 1705 1261 1738 ante
1293 1697 1621 1751 constitissent,

209 1774 348 1818 donec
372 1774 427 1818 ab
459 1775 583 1819 hoste
609 1775 789 1818 missum
825 1775 960 1818 telum
993 1776 1047 1818 ad
1079 1793 1123 1819 se
1161 1778 1412 1836 perveniret
1453 1795 1460 1820 :
1498 1777 1619 1838 quod

210 1856 243 1899 si
271 1858 453 1918 propius
481 1855 792 1910 accederetur,
820 1873 952 1916 quam
981 1857 1292 1901 honestissime
1317 1874 1362 1901 se
1389 1859 1502 1902 intra
1530 1875 1619 1901 mu-

210 1938 400 1981 nitiones
426 1939 685 1999 reciperent.
715 1936 798 1981 Alii
826 1954 1003 1998 quoque
1029 1939 1243 1998 equitatui
1272 1939 1424 1994 edicit,
1454 1941 1515 1983 uti
1537 1956 1618 1983 suo

209 2019 395 2080 quisque
421 2018 518 2063 loco
548 2028 726 2080 paratus
753 2028 1038 2079 armatusque
1068 2029 1226 2080 praesto
1255 2030 1378 2064 esset.
1424 2019 1488 2064 Ad
1529 2020 1618 2064 baec

211 2118 299 2145 non
328 2102 420 2163 ipse
448 2118 523 2162 per
551 2119 594 2145 sc
623 2118 792 2156 coram,
816 2117 953 2161 quum
982 2101 1034 2144 tle
1066 2100 1180 2146 vallo
1205 2101 1618 2163 prospecularetur,

209 2182 307 2238 sed,
337 2182 527 2226 mirabili
569 2183 735 2243 peritus
765 2183 944 2226 scientia
988 2181 1199 2238 bellandi,
1239 2184 1282 2226 in
1316 2185 1525 2245 praetorio
1560 2200 1620 2226 se·

209 2263 338 2321 dens,
362 2281 441 2325 per
470 2262 768 2325 speculatores
795 2275 837 2308 ct
872 2266 1051 2308 nuntios
1088 2265 1354 2325 imperabat,
1384 2282 1481 2325 quae
1525 2265 1619 2309 fieri

211 2343 386 2389 volebat
408 2362 417 2389 ε
443 2344 822 2390 animadvertebat
840 2347 980 2402 enim,
1002 2362 1256 2406 quanquam
1282 2348 1455 2408 magnis
1475 2355 1619 2390 essent

209 2427 347 2488 copiis
376 2426 613 2471 adversarii
640 2426 767 2483 freti,
802 2437 948 2471 tamen
981 2444 1094 2489 saepe
1123 2444 1148 2471 a
1185 2444 1229 2472 se
1262 2427 1450 2490 fugatis,
1482 2425 1620 2487 pulsis

211 2509 562 2570 perterritisque,
593 2518 638 2552 et
665 2525 915 2553 concessam
946 2510 1080 2553 vitam
1104 2544 1114 2564 ,
1145 2518 1186 2553 et
1225 2510 1375 2570 ignota
1407 2516 1620 2569 peccata3

209 2591 371 2651 quibus
393 2590 521 2635 rebus
546 2607 772 2651 nunquam
799 2600 917 2635 tanta
943 2601 1195 2653 suppeteret
1218 2608 1268 2635 ex
1289 2592 1484 2652 ipsorum
1505 2590 1620 2632 iner-

213 2672 270 2715 tia
302 2672 661 2732 conscientiaque
690 2672 823 2715 animi
857 2674 1048 2717 victoriae
1082 2672 1269 2731 fiducia,
1300 2682 1346 2716 ut
1373 2681 1513 2716 castra
1542 2685 1619 2712 sua
