1972 3356
567 228 633 262 DE
663 229 822 263 BELLO
852 229 1237 265 ALEXANDRINO.
1526 228 1593 263 163

209 312 479 368 acutissimi,
517 328 613 371 quae
638 328 660 355 a
691 312 815 356 nobis
843 312 934 356 fleri
972 312 1197 365 viderant,
1224 328 1272 356 ea
1306 310 1481 356 solertia
1507 310 1597 354 effi-

209 394 410 449 ciebant,
440 402 489 436 ut
516 393 655 437 nostri
686 391 862 437 illorum
893 409 1025 454 opera
1055 393 1218 437 imitari
1249 392 1525 450 viderentur3
1554 402 1597 436 et

209 490 285 517 sua
324 482 481 534 sponte
510 464 647 516 multa
673 472 979 532 reperiebant,
1005 488 1183 532 unoque
1216 482 1413 534 tempore
1449 482 1492 517 et
1516 489 1596 516 no·

208 563 316 597 stras
337 553 605 596 munitiones
628 551 912 606 infestabant,
931 561 975 595 et
999 568 1098 595 suas
1114 551 1409 597 defendebant
1434 571 1443 597 ε
1466 563 1598 614 atque

207 634 298 677 haec
337 632 557 694 principes
601 632 644 674 in
684 629 881 675 conciliis
922 631 1297 692 concionibusque
1342 634 1596 694 agitabant,

208 733 229 755 «
244 710 459 774 populum
485 727 719 755 romanum
737 710 951 772 paulatim
977 712 1019 754 in
1039 711 1403 756 consuetudinem
1422 714 1514 773 ejus
1533 731 1598 758 re-

207 793 280 854 gni
299 791 542 852 occupandi
562 792 711 835 venire
733 808 742 834 z
763 791 914 853 paucis
933 792 1059 835 annis
1083 802 1210 836 antea
1235 792 1474 836 Gabinium
1499 808 1597 837 cum

206 873 400 917 exercitu
430 872 562 916 fuisse
581 872 625 916 in
646 873 860 934 AEgypt03
881 873 1141 932 Pompeium
1172 889 1216 916 se
1243 889 1295 916 ex
1323 872 1425 934 fuga
1445 873 1597 917 eodem

207 945 448 1013 recepisse;
484 954 701 997 Caesareni
736 954 908 996 venisse
942 970 1041 997 cum
1074 953 1239 1015 copiis3
1276 970 1419 1014 neque
1458 963 1600 998 morte

204 1033 404 1095 Pompeii
433 1032 675 1094 quidquam
703 1033 982 1094 profectum,
1013 1050 1102 1094 quo
1132 1034 1277 1079 minus
1306 1036 1451 1080 Caesar
1480 1034 1598 1097 apud

205 1130 250 1158 se
275 1123 628 1158 commoraretur
651 1130 661 1158 ε
682 1130 810 1175 quem
838 1114 872 1158 si
898 1131 988 1158 non
1014 1114 1306 1175 expulissent,
1334 1115 1530 1160 futuram
1547 1131 1597 1159 ex

206 1211 342 1255 regno
383 1195 658 1255 provinciam
693 1211 702 1238 ε
741 1194 871 1256 idque
906 1194 1124 1257 agendum
1160 1206 1332 1240 mature
1366 1213 1375 1239 z
1410 1212 1599 1257 namque

206 1291 333 1331 eum,
372 1274 660 1320 interclusum
692 1276 1026 1337 tempestatibus
1055 1287 1236 1339 propter
1265 1278 1368 1321 anni
1404 1286 1598 1339 tempus,

206 1357 398 1416 recipere
426 1356 721 1400 transmarina
748 1356 909 1401 auxilia
936 1374 1022 1400 non
1050 1374 1227 1419 posse.»

271 1439 349 1481 IV.
378 1438 563 1481 Interim
587 1437 856 1482 dissensione
881 1448 975 1482 orta
1001 1440 1116 1482 inter
1130 1437 1369 1495 Achillam,
1394 1441 1468 1499 qui
1493 1449 1601 1483 vete-

206 1535 316 1561 rano
342 1518 553 1562 exercitui
582 1528 790 1580 praeerat,
814 1528 856 1562 et
878 1520 1116 1573 Arsinoen,
1145 1520 1259 1580 regis
1279 1518 1500 1563 Ptolemaei
1525 1520 1602 1562 mi-

206 1615 359 1642 norem
379 1597 536 1655 filiam,
560 1608 607 1642 ut
625 1615 756 1660 supra
782 1599 1134 1643 demonstratum
1152 1609 1237 1655 est,
1258 1616 1393 1660 quum
1416 1609 1603 1660 uterque

208 1680 385 1740 utrique
420 1680 722 1736 insidiaretur,
752 1690 796 1723 et
827 1696 1042 1724 summam
1081 1681 1250 1742 imperii
1279 1681 1370 1742 ipse
1404 1681 1603 1725 obtinere

209 1759 339 1805 vellet
354 1795 366 1817 ,
390 1770 671 1822 praeoccupat
699 1761 885 1804 Arsinoe
910 1777 988 1820 per
1008 1760 1309 1821 Ganymedem
1331 1761 1602 1818 eunuchum,

211 1842 451 1885 nutricium
477 1858 634 1896 suum,
663 1851 796 1901 atque
823 1839 1040 1885 Achillam
1067 1841 1287 1884 interficit.
1314 1843 1409 1885 Hoc
1437 1843 1602 1897 occiso,

210 1924 302 1984 ipsa
331 1924 424 1966 sine
457 1921 547 1966 ullo
582 1923 700 1966 socio
732 1931 775 1965 et
811 1920 992 1965 custode
1017 1938 1146 1965 omne
1176 1922 1406 1982 imperium
1434 1922 1605 1966 obtine·

212 2004 283 2047 bat
300 2020 311 2058 3
332 2004 549 2047 exercitus
568 2001 819 2063 Ganymedi
844 2001 1088 2046 transditur
1105 2018 1113 2044 :
1136 2002 1171 2045 is
1185 2036 1196 2057 ,
1215 2013 1417 2063 suscepto
1435 2002 1604 2060 officio,

211 2083 492 2145 largitionem
517 2084 562 2126 in
592 2081 753 2126 milites
781 2092 936 2144 auget,
964 2081 1134 2143 reliqua
1155 2084 1249 2143 pari
1275 2081 1502 2144 diligentia
1530 2083 1605 2127 ad-

210 2165 444 2208 ministrat.

277 2248 332 2289 V.
359 2244 625 2290 Alexandria
650 2254 713 2288 est
740 2244 828 2288 fere
853 2254 944 2289 tota
969 2244 1182 2302 suffossa,
1210 2261 1452 2306 specusque
1475 2245 1607 2289 habet

212 2325 267 2370 ad
293 2324 444 2371 Nilum
481 2326 776 2387 pertinentes,
809 2326 969 2386 quibus
1005 2342 1119 2387 aqua
1147 2326 1192 2369 in
1222 2327 1416 2387 privatas
1451 2326 1606 2370 domos

214 2406 454 2463 inducitur,
495 2423 590 2467 quae
627 2405 838 2468 paulatim
880 2407 1022 2467 spatio
1064 2407 1274 2467 temporis
1315 2405 1516 2467 liquescit
1558 2423 1606 2450 ac

214 2487 415 2533 subsidit.
448 2490 541 2532 Hac
570 2488 634 2531 uti
670 2486 836 2531 domini
864 2487 1149 2531 aedificiorum
1186 2495 1317 2548 atque
1356 2503 1508 2531 eorum
1542 2486 1606 2530 fa-

215 2568 345 2613 miliae
364 2578 688 2613 consueverunt
712 2584 720 2611 :
741 2584 840 2612 nam
868 2585 963 2630 quae
982 2568 1164 2612 flumine
1190 2566 1295 2612 Nilo
1324 2567 1476 2623 fertur,
1499 2566 1607 2610 adeo

220 2660 285 2694 est
310 2649 465 2695 limosa
498 2660 629 2711 atque
660 2649 862 2705 tui-bida,
894 2661 941 2695 ut
973 2649 1136 2694 multos
1169 2649 1403 2709 variosque
1431 2647 1607 2692 morbos

1343 2746 1357 2773 1
1374 2745 1409 2773 1.
