1972 3356
623 263 691 298 DE
722 262 879 298 BELLO
910 261 1075 297 CIVILI.
1475 256 1548 302 307

155 340 293 389 legitur
314 341 417 389 apud
449 341 622 384 florum,
652 341 721 377 lib.
755 354 816 384 w,
850 352 932 387 cap.
961 350 982 373 2
1008 352 1015 373 :
1044 356 1059 371 a
1083 337 1252 373 aerarium
1285 349 1438 386 quoque
1464 348 1553 372 san—

154 410 252 439 ctum
267 433 276 450 ‚
306 404 393 452 quia
418 403 562 440 tardius
586 403 810 451 aperiebant
828 401 996 445 tribuni,
1020 398 1171 450 [Caesar]
1188 400 1298 446 jussit
1319 399 1482 447 effringi.
1501 414 1517 429 υ

208 466 293 501 CAP.
322 467 408 505 XV.
436 466 630 501 Asculum.
652 464 834 500 straboni
864 462 1009 508 Ᾰσκλςν,
1032 462 1235 497 Ptolemaeo
1278 460 1460 507 Ᾰσκςυὶω,
1492 460 1554 495 Pi-

154 538 335 563 cenorum
361 526 567 575 oppidum,
592 526 641 561 ad
665 526 788 573 ripam
813 524 1037 560 orientalem
1059 521 1098 557 fl.
1113 522 1272 557 Truenti
1294 522 1417 557 situm.
1454 521 1555 557 Dicit

153 594 278 624 autem
303 589 424 625 Caesar
436 589 616 624 Asculum
641 588 845 628 Picenum,
871 584 959 632 quia
978 591 1034 620 est
1059 591 1095 618 et
1119 583 1194 619 alia
1217 583 1309 618 urbs
1323 583 1502 618 Asculum
1515 583 1552 618 in

153 651 301 697 Apulia.

206 712 325 756 Alba,
347 725 396 747 ex
414 711 567 746 Marsis.
594 709 694 744 Cave
719 720 767 743 ne
787 707 921 743 urbem
940 707 1050 742 istam
1074 719 1159 742 cum
1179 707 1276 742 Alba
1294 708 1427 754 Longa
1456 720 1554 742 con-

152 771 298 809 fundas.
314 774 386 810 Hic
400 773 499 809 enim
522 772 646 820 agitur
665 772 713 807 de
733 770 835 806 AJba
855 770 957 818 apud
975 771 1142 814 Μαι-505,
1162 769 1212 805 ad
1236 769 1419 805 Fucinum
1433 769 1555 805 lacum

152 835 290 882 posita.
316 837 466 872 Nomen
496 846 586 869 vero
623 833 777 880 hujusce
804 832 910 868 urbis
940 832 1113 867 celticum
1144 838 1222 876 est,
1251 831 1438 879 siquidem
1464 833 1552 880 alp,

150 896 214 931 alb
241 897 344 933 idem
363 897 486 932 valeat
508 908 551 931 ac
575 901 747 930 nostrum
776 894 1005 941 adjectivum
1018 894 1139 929 blanc.

202 958 287 996 CAP.
323 959 468 995 XVIII.
495 957 586 993 Cum
612 957 768 1004 legionis
794 964 940 991 octavoe
966 956 1174 991 cohortibus
1202 956 1376 1004 quinque.
1401 956 1556 992 Rectius

148 1020 247 1057 forte
282 1035 354 1070 pro
381 1039 397 1054 «ι
420 1028 561 1057 octavae
579 1037 593 1052 υ
625 1019 829 1068 legendum
859 1019 958 1055 foret
985 1018 1303 1055 «tertiaedecimae.
1332 1035 1348 1051 n
1374 1019 1556 1055 Nondum

149 1083 274 1128 enim,
302 1091 340 1119 ut
362 1084 460 1120 infra
486 1083 700 1127 videbitur,
726 1082 855 1118 aderat
883 1089 1014 1118 octava
1038 1082 1151 1130 legio.

201 1146 288 1183 Cir.
303 1147 409 1183 XIX.
429 1146 581 1182 Litteris
601 1146 788 1194 perlectis.
813 1146 918 1189 Quas
933 1143 1087 1192 quidem
1115 1143 1241 1179 videas
1264 1144 1353 1180 licet
1373 1143 1473 1192 apud
1487 1143 1555 1180 Ci-

149 1220 348 1253 ceronem,
380 1209 522 1257 Epist„
545 1220 646 1251 v111,
673 1219 714 1250 2,
743 1207 798 1241 ad
816 1207 995 1242 Atticum.

205 1271 291 1307 CAP.
306 1271 451 1307 XXIV.
479 1270 696 1306 Tarracina.
712 1269 814 1304 [rbs
828 1269 1054 1304 Volscorum
1068 1267 1107 1303 iu
1124 1267 1232 1303 Italia
1242 1295 1252 1312 ,
1267 1280 1378 1316 quam
1398 1268 1536 1304 Strabo
1546 1296 1555 1312 ‚

150 1331 216 1367 lib.
252 1345 293 1377 v,
319 1333 370 1368 ait
406 1332 510 1381 prius
540 1338 714 1368 vocatam
750 1331 862 1367 fuisse
890 1330 1138 1375 Trachinam‚
1167 1330 1206 1365 id
1228 1337 1282 1366 est
1309 1343 1502 1379 asperam,
1536 1344 1554 1365 a

149 1406 269 1442 graeca
295 1407 389 1431 VOCe
410 1402 542 1446 τραχύς,
571 1406 691 1442 asper.

201 1458 286 1494 Cn.
301 1458 449 1494 XXIX.
467 1459 574 1493 Duas
589 1455 812 1504 Hispanias.
829 1454 1053 1490 Citeriorem
1076 1453 1234 1498 scilicet,
1251 1461 1286 1490 et
1312 1454 1554 1490 L‘lteriorem.

204 1520 289 1556 CAP.
308 1520 525 1556 XXXVIII.
559 1519 689 1556 Varro.
716 1520 768 1553 Μ.
790 1517 991 1553 Terentius
1005 1519 1150 1560 Varro,
1175 1529 1250 1564 quo
1264 1530 1377 1552 nemo
1393 1517 1555 1561 doctior,

147 1588 242 1618 teste
268 1581 484 1626 Lactantio,
508 1595 557 1617 ne
582 1581 683 1630 apud
707 1583 857 1615 Graecos
886 1579 1063 1627 quidem,
1090 1579 1230 1614 nedum
1256 1580 1356 1628 apud
1382 1580 1556 1624 Latinos,

148 1644 296 1680 vixerit.

203 1708 289 1743 Cn.
311 1706 488 1742 XLVIII.
509 1707 558 1741 Ut
573 1706 653 1741 sine
672 1703 811 1739 utribus
829 1703 884 1738 ad
894 1703 1096 1738 exercitum
1110 1716 1184 1739 non
1209 1711 1308 1739 eant.
1326 1703 1438 1751 Cujus
1457 1716 1554 1739 con-

148 1767 357 1804 suetudinis
389 1767 552 1815 plurima
585 1766 752 1814 reperias
788 1765 887 1812 apud
919 1772 1090 1800 auctores
1126 1767 1309 1813 exempla.
1342 1766 1440 1801 Vide
1465 1767 1555 1801 Τιτ.

148 1832 254 1876 L1v.‚
280 1844 370 1874 xxi,
394 1842 462 1876 ²73
485 1831 622 1875 Smer„
654 1829 772 1873 Coes.,
802 1827 862 1874 57.
1558 1819 1564 1826 ¹

206 1894 292 1929 Cu.
329 1894 414 1930 LII.
442 1894 607 1942 Jamque
640 1892 696 1927 ad
729 1891 909 1927 denarios
952 1903 974 1926 ῐ,
1006 1893 1042 1926 in
1070 1892 1237 1940 singulos
1274 1891 1429 1926 modios.
1456 1891 1556 1927 AEris

151 1957 273 1993 nostri
300 1962 344 2000 41
368 1956 414 1992 fr.

202 2020 288 2056 Car.
311 2021 388 2056 LV.
406 2019 694 2068 cohortibusque
712 2019 940 2055 centuriatis.
962 2017 1008 2053 Id
1035 2024 1089 2053 est
1103 2030 1172 2066 per
1197 2016 1384 2053 centurias
1408 2016 1457 2052 ad
1470 2029 1555 2052 ma-

145 2082 271 2130 jorem
307 2082 400 2118 belli
434 2081 636 2118 utilitatem
660 2081 810 2126 divisis,
834 2080 1021 2130 siquidem
1052 2080 1167 2128 vulgo
1198 2079 1373 2114 cohortes
1410 2078 1555 2114 duabus

151 2151 367 2181 constarent
392 2142 582 2180 centuriis.
608 2144 782 2180 Ceterum
806 2143 940 2187 Aldus,
969 2142 1153 2190 Scaliger,
1189 2153 1399 2189 omnesque
1422 2153 1555 2177 reeen-

149 2206 267 2243 tiores
292 2206 480 2242 editiones
504 2206 648 2242 habent
673 2206 999 2254 «cohortibusque
1031 2204 1200 2248 cetratis,
1217 2221 1231 2235 υ
1264 2203 1369 2251 quod
1403 2202 1556 2251 quidem

151 2268 314 2317 intelligi
338 2269 459 2304 velint
484 2268 530 2305 de
554 2268 749 2305 Citerioris
771 2269 963 2317 Hispaniae
982 2267 1138 2312 incolis;
1165 2267 1308 2315 quippe
1333 2265 1398 2314 qui
1423 2266 1552 2307 cetris,

152 2338 344 2367 scutorum
370 2330 472 2375 vice,
498 2330 555 2366 usi
581 2330 733 2367 fuerint.

204 2394 290 2430 Cn.
316 2393 415 2432 LXI.
435 2394 580 2442 Magno
603 2394 758 2430 circuitu
769 2406 848 2443 per
857 2401 1028 2442 pontem.
1047 2394 1207 2428 Pontem
1230 2391 1339 2427 illum
1359 2391 1528 2440 intellige
1546 2419 1555 2433 ‚

152 2454 200 2491 de
222 2467 301 2503 quo
323 2467 436 2503 supra
457 2455 601 2491 mentio
623 2455 710 2500 fuit,
735 2468 817 2505 cap.
834 2455 895 2500 54.

207 2519 294 2554 Cn.
318 2519 452 2554 LXVI.
479 2520 522 2554 L.
545 2519 724 2555 Decidius
758 2520 878 2556 Saxa.
904 2519 1001 2564 Qui,
1026 2518 1066 2554 in
1089 2517 1295 2554 Celtiberia
1321 2523 1447 2559 natus,
1473 2515 1553 2551 Cae-

151 2581 243 2616 saris
272 2579 462 2617 beneficio
488 2581 663 2617 tribunus
696 2582 819 2630 plebis
848 2583 966 2618 factus
993 2588 1093 2625 erat,
1118 2587 1160 2616 ut
1185 2579 1315 2615 videre
1340 2586 1394 2614 est
1418 2591 1463 2614 ex
1488 2578 1552 2613 Ci-

153 2655 312 2689 cerone,
337 2643 439 2679 Phil.
460 2657 520 2688 xl,
545 2656 625 2692 cap.
645 2642 679 2680 5.

207 2705 291 2740 (ΠΛΡ.
324 2706 475 2741 LXXV.
505 2706 683 2742 Sinistms
717 2707 821 2754 sagis·
849 2708 1042 2743 involvunt.
1080 2706 1209 2749 Quum
1246 2703 1348 2739 enim
1378 2701 1487 2737 amici
1513 2701 1550 2736 in

1285 2787 1358 2816 20.
