1972 3356
542 209 607 243 DE
640 208 800 244 BELLO
833 209 1050 243 GAmeo
1083 207 1174 241 LIB.
1204 207 1249 241 H.
1554 207 1598 249 ,43

197 290 354 343 11611315
380 308 481 335 113111
505 309 643 352 quum
670 302 793 336 131113
818 291 1059 335 multitudo
1084 291 1248 352 lapides
1274 307 1325 334 ac
1355 290 1437 334 {ela
1462 292 1593 351 conji-

198 381 376 427 cerent,
415 373 459 416 in
492 389 621 417 muro
654 372 923 416 consistendi
951 381 1144 433 potestas
1173 381 1264 415 erat
1294 370 1418 415 nulli.
1448 373 1599 430 Quum

196 453 330 497 finem
360 453 651 516 oppugnandi
682 470 771 497 nox
802 452 1000 509 fecisset,
1036 453 1176 497 Iccius
1212 456 1398 509 Remus,
1432 469 1599 497 summa

199 534 431 579 nobilitate
454 544 496 578 et
520 534 661 595 gratia
687 534 803 577 inter
828 550 950 589 51105,
974 534 1050 594 qui
1073 543 1170 576 tum
1198 533 1362 595 oppido
1390 544 1576 595 praeerat
1592 570 1602 586 ,

131 646 133 648 -
199 632 311 659 1111115
346 632 398 659 ex
427 616 500 669 iis,
535 615 612 675 qui
641 613 773 676 legati
803 614 855 658 de
883 631 990 675 pace
1025 613 1079 658 ad
1113 615 1332 658 Caesarem
1361 624 1602 668 venerant,

196 697 376 740 nuntios
402 696 457 740 ad
485 712 587 739 eum
611 696 770 753 mittit,
800 696 885 740 nisi
912 694 1159 740 subsidium
1189 695 1272 739 sibi
1295 695 1604 751 submittatur,

195 794 286 822 sese
306 777 473 822 diutius
504 778 721 822 sustinere
749 794 839 821 non
865 794 1004 839 posse.

258 861 357 904 VH.
384 861 448 903 Eo
472 858 526 902 de
556 858 701 902 media
731 868 861 903 nocte
885 861 1056 915 Caesar,
1082 858 1237 902 iisdem
1264 857 1450 903 ducibus
1479 875 1605 914 usus,

194 942 270 1001 qui
296 940 441 985 nuntii
465 940 520 984 ab
546 941 666 985 Iccio
684 950 920 998 venerant,
947 939 1188 997 Numidas,
1213 950 1257 984 et
1286 941 1442 985 Cretas
1474 941 1607 1002 sagit-

197 1022 352 1079 tarios,
382 1031 426 1066 et
445 1021 694 1066 funditores
724 1021 928 1067 Baleares
954 1021 1152 1066 subsidio
1175 1022 1410 1083 oppidanis
1439 1023 1604 1069 mittit:

196 1119 391 1164 quorum
430 1102 623 1147 adventu
652 1113 695 1147 et
726 1104 905 1160 Remis,
936 1120 1039 1147 cum
1072 1120 1149 1165 spe
1181 1103 1475 1161 defensionis,
1514 1114 1607 1148 stu-

201 1187 319 1231 dium
343 1184 658 1246 propugnandi
682 1186 891 1239 accessit,
916 1195 960 1229 et
984 1185 1185 1230 nostibus
1215 1184 1368 1230 eadem
1398 1184 1452 1229 de
1477 1202 1609 1230 causa

197 1283 296 1327 spes
330 1265 537 1326 potiundi
580 1266 734 1327 oppidi
772 1266 984 1311 discessit.
1020 1268 1197 1327 Itaque,
1230 1266 1456 1328 paulisper
1489 1267 1608 1327 apud

195 1347 411 1408 oppidum
436 1347 617 1400 morati,
642 1363 861 1409 agrosque
888 1349 1133 1391 Remorum
1159 1346 1441 1408 depopulati,
1466 1348 1609 1391 omni-

200 1431 278 1474 hus
302 1428 408 1472 vicis
438 1427 742 1488 aedificiisque,
768 1444 878 1488 quos
903 1427 1027 1472 adire
1053 1437 1283 1492 poterant,
1308 1428 1525 1485 incensis,
1553 1421 1609 1472 ad

194 1520 337 1556 castra
360 1509 545 1555 Caesaris
569 1509 777 1553 omnibus
805 1510 946 1571 copiis
976 1509 1323 1565 contenderunt,
1355 1519 1398 1554 et
1425 1510 1480 1554 ab
1512 1508 1610 1554 mil-

196 1593 310 1638 libus
339 1608 548 1654 passuum
578 1592 726 1635 minus
762 1607 794 1635 11
825 1601 968 1636 castra
997 1601 1246 1653 posuerunt
1277 1609 1286 1636 :
1318 1609 1415 1653 quae
1446 1603 1609 1650 castra,

203 1685 247 1719 ut
275 1674 399 1718 fumo
434 1683 567 1735 atque
595 1673 774 1735 ignibus
803 1673 1158 1736 significabatur,
1192 1671 1384 1735 amplius
1412 1674 1609 1721 millibus

195 1773 406 1818 passuum
433 1771 517 1800 v111
542 1757 587 1799 in
615 1753 898 1800 latitudinem
923 1756 1146 1817 patebant.

259 1840 384 1883 VIII.
407 1840 556 1883 Caesar
580 1839 745 1900 primo,
770 1847 814 1882 et
832 1848 1016 1899 propter
1037 1837 1371 1883 multitudinem
1391 1840 1608 1897 hostium,

195 1929 237 1964 et
267 1930 453 1981 propter
477 1920 684 1964 eximiam
714 1919 971 1980 opinionem
1000 1920 1200 1976 virtutis,
1227 1919 1386 1982 proelio
1415 1938 1611 1983 superse-

198 2000 303 2045 dere
338 2002 493 2045 statuit
523 2018 533 2044 t
566 1999 766 2061 quotidie
795 2009 945 2044 tamen
980 2000 1258 2061 equestribus
1282 2000 1473 2063 proeliis,
1502 2002 1610 2063 quid

199 2082 338 2126 hostis
368 2083 533 2126 virtute
558 2092 727 2143 posset,
751 2091 796 2126 et
823 2081 932 2143 quid
954 2082 1097 2126 nostri
1119 2082 1362 2139 auderent,
1390 2082 1611 2145 periclita-

196 2164 340 2208 batur.
359 2164 449 2209 Ubi
468 2172 642 2208 nostros
662 2180 754 2207 non
774 2179 866 2208 esse
887 2163 1118 2208 inferiores
1142 2162 1379 2220 intellexit,
1405 2163 1504 2209 loco
1527 2182 1609 2226 pro

196 2245 371 2299 castris,
400 2245 454 2289 ad
482 2245 619 2289 aciem
657 2245 965 2290 instruendam
995 2254 1155 2290 natura
1189 2255 1447 2307 opportuno
1476 2257 1609 2307 atque

199 2326 359 2371 idoneo
398 2326 547 2388 (quod
576 2327 611 2371 is
636 2325 780 2384 collis,
815 2326 891 2371 ubi
923 2337 1065 2371 eastra
1096 2327 1240 2388 posita
1268 2336 1421 2384 erant,
1454 2326 1609 2390 paulu-

197 2407 291 2453 lum
320 2424 373 2452 ex
402 2407 588 2469 planitie
613 2408 778 2466 editus,
808 2418 984 2453 tantum
1014 2409 1225 2453 adversus
1250 2410 1296 2453 in
1325 2407 1608 2453 latitudinem

197 2490 397 2551 patebat,
424 2499 645 2552 quantum
673 2488 759 2534 loci
783 2491 898 2535 acies
925 2491 1143 2535 instructa
1165 2507 1384 2552 occupare
1406 2500 1608 2551 poterat,

197 2581 330 2633 atque
349 2588 402 2615 ex
426 2581 615 2633 utraque
639 2582 766 2632 parte
794 2570 944 2617 lateris
966 2571 1161 2634 dejectus
1184 2571 1396 2626 habebat,
1422 2581 1467 2615 et
1491 2571 1606 2615 fron-

200 2663 288 2697 tem
313 2653 473 2698 leniter
498 2653 705 2715 fatigatus
734 2653 948 2715 paulatim
978 2653 1033 2698 ad
1062 2652 1292 2714 planitiem
1318 2650 1530 2714 redibat),
1554 2649 1608 2695 311
