1972 3356
421 252 490 283 170
648 238 686 273 C.
715 238 845 272 JULII
875 237 1090 272 CAESARIS
1120 238 1379 273 COMMENT.
1408 240 1553 275 LIBER

477 322 572 364 XV.
602 319 784 363 Rhodiis
814 318 997 362 navibus
1024 329 1204 379 praeerat
1230 320 1519 380 Euphranor,
1544 322 1676 365 animi
1699 339 1787 366 ma-

414 398 643 461 gnitudine
664 415 713 443 ac
734 399 891 443 virtute
912 400 1046 460 magis
1069 415 1168 443 cum
1188 400 1346 444 nostris
1364 400 1636 458 hominibus,
1657 419 1786 462 quam

414 496 511 523 cum
532 479 718 536 Graecis,
734 479 1067 540 comparandus.
1089 482 1168 523 Hic
1186 480 1242 524 ob
1260 480 1526 524 notissimam
1542 482 1761 528 scientiam
1775 519 1786 541 ,

415 569 546 620 atque
567 560 700 603 animi
719 559 1065 621 magnitudinem
1085 595 1095 614 ‚
1117 558 1308 604 delectus
1327 570 1391 604 est
1407 561 1460 604 ab
1480 561 1685 618 Rhodiis,
1713 566 1786 623 qui

415 640 647 700 imperium
673 639 819 684 classis
846 640 1075 685 obtineret.
1117 640 1227 697 Qui,
1256 641 1329 684 ubi
1371 642 1553 685 Caesaris
1593 643 1787 688 animum

413 720 597 765 advertit
627 737 636 764 :
666 740 687 762 α
714 720 886 764 Videris
912 720 1039 774 mihi,
1071 721 1229 781 inquit,
1259 722 1420 778 Caesar,
1449 722 1607 777 vereri,
1636 723 1670 766 si
1697 722 1788 767 haec

412 799 522 844 vada
544 801 694 862 primis
720 800 900 844 navibus
929 801 1176 856 intraveris,
1203 818 1258 844 ne
1285 801 1406 862 prius
1435 800 1639 845 dimicare
1665 819 1789 863 coga-

415 881 498 938 ris,
525 897 655 942 quam
680 880 893 942 reliquam
920 880 1097 925 classem
1122 881 1258 942 possis
1280 880 1508 942 explicare.
1532 882 1670 926 Nobis
1695 898 1786 926 rem

413 962 633 1004 committe
660 978 669 1004 :
698 978 775 1005 nos
803 960 1005 1021 proelium
1036 961 1344 1005 sustinebimus
1372 960 1546 1022 (neque
1573 971 1697 1005 tuum
1719 962 1788 1022 ju-

413 1039 572 1084 dicium
603 1038 800 1084 fallemus
824 1040 867 1101 )‚
895 1039 998 1083 dum
1028 1039 1182 1100 reliqui
1212 1041 1543 1101 subsequantur.
1572 1044 1661 1085 Hos
1688 1043 1787 1102 qui·

414 1119 511 1162 dem
539 1119 704 1163 diutius
732 1119 775 1163 in
801 1128 950 1163 nostro
976 1128 1211 1180 conspectu
1240 1118 1436 1181 gloriari,
1478 1136 1636 1182 magno
1664 1121 1788 1165 nobis

412 1208 454 1242 et
478 1198 679 1242 dedecori
715 1208 755 1243 et
785 1198 924 1243 dolori
949 1209 1023 1243 est.
1053 1218 1072 1240 n
1100 1200 1243 1244 Caesar
1270 1198 1392 1244 illum
1420 1200 1694 1255 adhortatus,
1721 1211 1788 1245 at-

414 1296 497 1340 quc
523 1280 724 1323 omnibus
755 1279 954 1324 laudibus
982 1289 1256 1340 prosecutus,
1286 1279 1361 1324 dat
1404 1281 1576 1342 signum
1621 1298 1787 1343 pugnae.

418 1361 669 1420 progressas
697 1359 809 1404 ultra
843 1359 1000 1404 vadum
1033 1376 1075 1404 iv
1103 1360 1279 1404 rhodias
1309 1377 1439 1405 naves
1463 1361 1789 1406 circumsistunt

414 1438 721 1497 Alexandrini,
747 1449 878 1501 atque
906 1441 948 1484 in
977 1456 1048 1484 eas
1075 1442 1284 1501 impetum
1329 1441 1507 1486 faciunt.
1563 1443 1788 1487 Sustinent

412 1518 496 1576 illi,
522 1530 653 1581 atque
677 1529 770 1564 arte
795 1519 1055 1581 solertiaque
1079 1537 1123 1564 se
1150 1520 1367 1581 explicant
1391 1539 1400 1565 :
1425 1538 1474 1566 ac
1501 1532 1667 1566 tantum
1691 1523 1790 1566 doc-

413 1600 525 1643 trina
551 1601 715 1660 potuit,
741 1611 791 1644 ut
814 1601 858 1644 in
881 1600 1041 1662 dispari
1065 1617 1248 1644 numero
1274 1600 1392 1645 nulla
1411 1611 1652 1646 transversa
1676 1603 1787 1646 hosti

413 1679 697 1740 objiceretur,
724 1679 888 1724 nullius
915 1681 1021 1724 remi
1052 1681 1402 1741 detergerentur‚
1430 1681 1503 1725 sed
1527 1698 1699 1743 semper
1725 1699 1790 1726 ve-

413 1760 631 1804 nientibus
650 1759 837 1804 adversae
855 1770 1147 1804 occurrerent.
1179 1761 1357 1804 Interim
1379 1771 1479 1805 sunt
1499 1761 1674 1823 reliquae
1697 1763 1789 1807 sub-

414 1849 579 1883 secutae.
606 1841 718 1883 Tum
743 1841 987 1883 necessario
1016 1839 1249 1884 discessum
1287 1840 1340 1883 ab
1366 1850 1457 1885 arte
1489 1851 1572 1897 est,
1611 1852 1789 1902 propter

412 1920 635 1980 angustias
662 1918 766 1973 loci,
791 1929 921 1980 atque
946 1936 1077 1963 omne
1104 1929 1320 1963 certamen
1356 1921 1399 1964 in
1433 1921 1591 1965 virtute
1627 1923 1788 1966 consti-

412 2001 477 2043 tit.
511 2001 664 2059 Neque
692 2016 797 2043 vero
826 1998 1097 2043 Alexandriae
1128 1999 1207 2043 fuit
1236 2000 1486 2060 quisquam,
1515 2011 1589 2044 aut
1619 2012 1788 2046 nostro-

412 2096 506 2122 rum
535 2089 608 2123 aut
633 2079 953 2141 oppidanorum
971 2114 981 2132 ‚
1024 2081 1098 2139 qui
1128 2089 1202 2123 aut
1230 2081 1272 2123 in
1299 2096 1452 2140 opere,
1481 2090 1556 2124 aut
1581 2081 1624 2124 in
1648 2098 1787 2142 oppu-

414 2159 620 2220 gnatione
655 2170 915 2221 occupatum
965 2161 1158 2203 animum
1193 2160 1395 2217 haberet,
1440 2161 1546 2221 quin
1581 2159 1787 2205 altissima

413 2249 528 2283 tecta
555 2249 742 2301 petere-t,
778 2249 908 2300 atque
934 2256 982 2284 ex
1016 2241 1135 2284 omni
1170 2250 1404 2302 prospectu
1440 2239 1582 2284 locum
1621 2251 1787 2301 specta-

414 2319 513 2365 culo
534 2331 731 2382 caperet,
755 2321 1043 2383 precibusque
1070 2331 1112 2365 et
1139 2330 1239 2364 voto
1268 2321 1490 2365 victoriam
1517 2322 1605 2365 suis
1629 2338 1678 2365 ac
1704 2321 1785 2364 diis

370 2441 375 2444 .
414 2400 733 2446 immortalibus
750 2411 1013 2463 exposceret.

477 2475 595 2526 XVI.
622 2483 806 2526 Minime
844 2491 986 2525 autem
1019 2498 1096 2542 par
1134 2492 1226 2525 erat
1254 2480 1393 2542 proelii
1434 2490 1663 2525 certamen.
1695 2480 1782 2522 No-

413 2562 509 2605 stris
530 2563 646 2606 enim
672 2578 851 2623 prorsus
877 2577 1014 2622 neque
1037 2572 1150 2606 terra
1178 2578 1320 2622 neque
1343 2562 1449 2605 mari
1474 2559 1681 2621 effugium
1711 2560 1784 2604 da-

413 2641 540 2685 batur
560 2643 699 2700 victis,
717 2643 947 2703 omniaque
969 2643 1205 2687 victoribus
1221 2651 1340 2686 erant
1362 2640 1505 2684 futura
1524 2641 1566 2684 in
1585 2640 1752 2684 incerto
1774 2657 1784 2683 :
