1972 3356
490 259 556 293 DE
588 258 746 293 BELLO
776 256 988 292 GALLICO
1018 255 1108 290 LIB.
1136 256 1236 290 vm.
1496 261 1566 301 ²47

168 341 370 395 vulnera,
408 341 593 402 perfidia
631 342 914 402 interposita,
956 350 1214 402 paterentur
1253 338 1420 396 inulta,
1463 356 1569 383 con-

168 440 381 484 versoque
412 440 553 484 equo,
586 440 629 466 se
658 440 680 466 a
708 423 862 466 ceteris
892 422 1112 465 incautius
1139 420 1360 482 permittit
1386 420 1431 465 in
1456 436 1568 480 prae-

168 505 345 549 sectum.
382 506 570 548 Faciunt
607 503 722 547 idem
765 520 918 546 omnes
962 504 1054 563 ejus
1091 503 1282 562 equites,
1318 517 1570 563 paucosque

168 596 342 630 nostros
370 594 636 629 convertunt
663 594 793 644 atque
827 585 1134 644 insequuntur.
1163 583 1392 627 Commius
1420 583 1570 627 incen-

169 684 264 710 sum
310 665 554 710 calcaribus
591 681 755 725 equum
788 665 935 726 jungit
974 680 1088 725 equo
1122 663 1363 721 Quadrati,
1401 662 1571 707 lancea-

168 765 252 808 que
279 747 435 791 infesta
467 746 661 790 medium
695 746 838 789 femur
867 746 961 806 ejus
994 746 1165 806 magnis
1191 745 1358 788 viribus
1390 744 1567 804 trajicit.

166 828 376 872 Praefecto
415 827 670 882 vulnerato,
713 844 801 871 non
843 826 1050 870 dubitant
1091 826 1230 870 nostri
1266 825 1492 881 resistere,
1528 836 1570 870 et

165 910 365 952 conversi
401 909 574 952 hostem
612 906 788 969 pellere.
826 907 962 964 Quod
994 907 1069 950 ubi
1108 906 1287 962 accidit,
1319 905 1570 968 complures

166 990 379 1045 hostium,
416 1007 578 1051 magno
610 998 866 1033 nostrorum
894 990 1062 1049 impetu
1091 986 1224 1050 pulsi,
1251 986 1571 1045 vulnerantur,

167 1082 208 1116 et
243 1072 403 1133 partim
443 1072 487 1114 in
522 1071 624 1132 fuga
660 1080 973 1131 proteruntur,
1005 1070 1167 1130 partim
1208 1069 1566 1130 intercipiuntur.

165 1152 299 1211 Quod
337 1152 410 1196 ubi
441 1151 606 1195 malum
636 1151 726 1194 dux
755 1151 857 1211 equi
887 1149 1117 1194 velocitate
1147 1151 1350 1206 evitavit,
1377 1150 1570 1211 graviter

167 1232 423 1277 vulneratus
453 1232 703 1294 praefectus,
738 1241 786 1275 ut
816 1232 915 1275 vitae
941 1230 1189 1292 periculum
1217 1230 1420 1275 aditurus
1448 1229 1571 1274 vide-

167 1323 308 1368 retur,
339 1314 529 1358 refertur
559 1314 602 1356 in
627 1323 783 1356 castra.
817 1313 1046 1357 Commius
1074 1322 1244 1368 autem,
1273 1313 1363 1357 sive
1394 1314 1569 1374 expiato

168 1412 246 1438 suo
283 1395 455 1452 dolore,
493 1397 583 1438 sive
619 1411 779 1455 magna
813 1405 938 1455 parte
969 1395 1129 1438 amissa
1164 1411 1366 1452 suorum,
1402 1395 1569 1457 legatos

165 1476 220 1519 ad
257 1477 503 1520 Antonium
539 1476 697 1529 mittit,
746 1492 878 1536 seque
914 1485 955 1518 et
998 1476 1057 1519 ibi
1098 1475 1299 1518 futurum
1347 1476 1421 1519 ubi
1461 1493 1570 1536 prae-

167 1557 408 1617 scripserit,
453 1567 496 1600 et
520 1574 581 1600 ea
611 1557 830 1600 facturum
874 1573 970 1617 quae
1006 1557 1309 1617 imperaverit,
1343 1556 1571 1602 obsidibus

166 1637 278 1681 datis
296 1638 458 1682 firmat.
480 1640 634 1683 Unum
662 1637 772 1681 illud
796 1648 912 1695 orat,
938 1648 986 1681 ut
1017 1638 1166 1681 timori
1192 1654 1271 1681 suo
1301 1637 1572 1681 concedatur

163 1735 216 1762 ne
241 1718 286 1761 in
310 1728 599 1780 conspectum
621 1719 769 1762 veniat
793 1719 1056 1780 cujusquam
1080 1719 1285 1763 Romani.
1307 1720 1456 1776 Quam
1476 1735 1572 1779 pos-

162 1798 427 1843 tulationem
461 1801 676 1844 Antonius
715 1817 852 1860 quum
884 1799 1107 1860 judicaret
1143 1800 1196 1843 ab
1217 1801 1338 1860 justo
1369 1801 1488 1844 nasci
1518 1801 1572 1844 ti-

164 1898 309 1939 more,
336 1883 508 1925 veniam
536 1883 701 1942 petenti
732 1881 872 1935 dedit,
898 1880 1070 1924 obsides
1094 1883 1277 1943 accepit.

231 1963 331 2006 Scio
374 1964 592 2007 Caesarem
630 1961 906 2023 singulorum
948 1979 1169 2005 annorum
1214 1962 1411 2024 singulos
1452 1979 1572 2006 com-

166 2044 404 2087 mentarios
427 2043 693 2098 confecisse,
715 2043 834 2104 quod
866 2060 947 2104 ego
962 2059 1052 2086 non
1076 2044 1323 2087 existimavi
1348 2044 1456 2087 mihi
1481 2060 1573 2087 esse

164 2124 436 2181 faciendum,
463 2135 696 2186 propterea
725 2124 844 2185 quod
870 2125 1106 2186 insequens
1137 2141 1299 2180 annus,
1321 2126 1371 2168 L.
1406 2124 1544 2170 Paulo
1561 2160 1572 2179 ,

164 2208 213 2249 C.
242 2205 456 2250 filare-ello
479 2223 610 2261 coss.,
638 2205 782 2250 nullas
812 2223 879 2250 res
905 2205 1061 2251 Galliae
1088 2206 1221 2251 habet
1248 2223 1409 2269 magno
1438 2224 1572 2269 opere

166 2297 321 2348 gestas.
357 2288 424 2331 Ne
451 2288 548 2347 quis
584 2297 727 2331 tamen
755 2288 980 2350 ignoraret
1012 2288 1173 2349 quibus
1204 2289 1248 2331 in
1286 2286 1394 2332 locis
1425 2291 1574 2334 Caesar

165 2369 471 2428 exercitusque
502 2385 553 2412 eo
579 2379 777 2430 tempore
799 2369 1007 2426 fuissent,
1034 2386 1173 2430 pauca
1205 2369 1439 2414 scribenda
1469 2388 1574 2414 con-

163 2449 481 2511 jungendaque
505 2449 609 2493 huic
633 2452 954 2495 commentario
973 2453 1120 2495 statui.

229 2532 392 2575 XLIX.
426 2532 590 2585 Caesar,
619 2532 662 2574 iu
688 2531 837 2594 Belgio
860 2549 1000 2594 quum
1030 2533 1264 2590 hiemaret,
1297 2550 1435 2577 unum
1462 2533 1573 2578 illud

166 2613 440 2673 propositum
489 2613 702 2669 habebat,
749 2615 976 2658 continere
1020 2616 1064 2658 in
1108 2615 1302 2658 amicitia
1353 2614 1572 2671 civitates,

166 2693 274 2737 nulli
300 2711 421 2755 spem
446 2704 519 2738 aut
544 2712 720 2738 causam
746 2695 850 2739 dare
871 2712 1113 2740 armorum.
1142 2694 1262 2739 Nihil
1288 2696 1404 2738 enim
1427 2696 1571 2739 minus
