1972 3356
506 200 571 235 DE
600 201 760 236 BELLO
791 202 1005 237 GALLICO
1035 203 1125 238 LIB.
1150 203 1204 250 ΙΙ.Ἰ
1490 204 1536 250 49

163 282 277 326 hanc
294 283 372 327 sub
389 284 567 328 sarcinis
583 284 746 328 adoriri
765 303 772 329 :
789 302 872 346 qua
890 284 1032 346 pulsa,
1052 285 1462 348 impedimentisque
1479 289 1543 332 di-

163 364 319 424 reptis,
344 364 541 408 futurum
556 400 566 420 ,
592 375 641 408 ut
668 365 843 426 reliquae
867 376 1019 410 contra
1043 367 1278 410 consistere
1301 384 1389 410 non
1413 368 1547 412 aude-

165 453 276 487 rent.
299 443 548 504 Adjuvabat
571 446 702 488 etiam
727 462 880 488 eorum
904 445 1133 490 consilium
1149 482 1159 499 ,
1178 449 1254 507 qui
1277 464 1368 490 rem
1387 447 1549 493 defere—

163 524 290 579 bant,
305 524 424 584 quod
438 525 610 568 Nerviis
626 525 892 583 antiquitus,
909 542 1010 568 cum
1025 527 1223 585 equitatu
1242 527 1351 571 nihil
1374 539 1549 587 possent

165 604 325 663 (neque
338 604 456 648 enim
467 601 618 646 adhoc
640 613 814 664 tempus
837 605 876 646 ei
902 605 963 647 rei
989 604 1186 659 student,
1215 606 1308 662 sed,
1336 608 1549 667 quidquid

165 696 370 746 possunt,
390 685 663 746 pedestribus
684 684 829 729 valent
848 685 1020 746 copiis),
1040 702 1127 745 quo
1148 685 1316 730 facilius
1335 689 1547 733 finitimo-

165 782 264 809 rum
286 766 552 826 equitatum,
573 765 606 808 si
628 764 852 825 praedandi
871 782 998 809 causa
1022 765 1077 809 ad
1097 783 1170 810 eos
1191 766 1398 823 venisset,
1418 768 1553 827 impe-

165 845 330 901 dirent,
350 846 509 890 teneris
530 845 759 889 arboribus
780 846 927 889 incisis
944 856 1075 906 atque
1098 846 1287 903 inflexis,
1304 847 1553 907 crebrisque

166 927 209 969 in
234 925 513 970 latitudinem
542 926 674 969 ramis
703 927 862 981 enatis,
889 936 933 969 et
959 927 1080 970 rubis
1111 927 1393 987 sentibusque
1419 929 1554 971 inter-

163 1006 290 1066 jectis
329 1005 590 1060 effecerant,
628 1016 675 1050 ut
710 1006 848 1050 instar
878 1007 993 1050 muri
1026 1007 1091 1050 hae
1127 1024 1249 1068 sepes
1282 1009 1555 1052 munimenta

167 1087 431 1148 praeberent3
451 1104 538 1148 quo
557 1104 645 1131 non
664 1087 795 1130 modo
819 1088 996 1143 intrari,
1013 1087 1087 1131 sed
1108 1104 1162 1131 ne
1178 1089 1363 1149 perspici
1378 1089 1555 1149 quidem

169 1179 326 1230 posset.
350 1168 429 1212 His
453 1168 582 1211 rebus
605 1184 741 1228 quum
768 1169 850 1211 iter
878 1169 1063 1228 agminis
1087 1169 1225 1211 nostri
1246 1168 1556 1229 impediretur,

169 1266 257 1293 non
281 1248 579 1293 omittendum
607 1248 687 1291 sibi
716 1246 948 1291 consilium
976 1249 1130 1293 Nervii
1155 1250 1531 1292 existimaverunt.

231 1332 397 1374 XVIII.
426 1329 534 1373 Loci
556 1338 712 1372 natura
735 1338 829 1371 erat
852 1329 963 1384 haec,
989 1345 1119 1387 quem
1145 1329 1291 1372 locum
1315 1330 1452 1372 nostri
1474 1346 1556 1372 cas-

170 1412 246 1454 tris
269 1409 536 1470 delegerant.
562 1408 717 1465 Collis,
740 1409 794 1451 ab
825 1425 996 1452 summo
1020 1407 1244 1468 aequaliter
1269 1408 1473 1464 declivis,
1505 1408 1558 1452 ad

169 1491 332 1535 flumen
358 1490 530 1544 Sabim,
560 1489 679 1549 quod
708 1505 840 1549 supra
866 1488 1210 1545 nominavimus,
1238 1489 1459 1550 vergebat.
1491 1489 1558 1532 Ab

170 1588 221 1616 eo
250 1571 432 1614 flumine
467 1570 562 1631 pari
595 1568 843 1613 acclivitate
880 1568 1001 1613 collis
1037 1569 1317 1625 nascebatur,
1353 1569 1560 1613 adversus

170 1653 272 1696 huie
296 1662 338 1695 et
357 1652 623 1707 contrarius,
645 1666 799 1711 passus
822 1651 995 1693 circiter
1015 1649 1248 1705 ducentos,
1268 1649 1418 1693 infima
1438 1667 1561 1710 aper-

171 1743 258 1789 tus,
283 1732 336 1776 ab
363 1731 589 1792 superiore
615 1740 738 1790 parte
763 1729 991 1786 silvestris,
1016 1739 1063 1772 ut
1089 1746 1177 1773 non
1201 1728 1327 1773 facile
1347 1730 1562 1774 introrsus

173 1814 360 1874 perspici
396 1821 554 1872 posset.
591 1814 714 1854 Intra
743 1827 813 1854 eas
845 1809 973 1853 silvas
1006 1810 1149 1853 hostes
1179 1811 1225 1853 in
1263 1809 1436 1854 occulto
1472 1827 1563 1854 scs-e

173 1894 459 1938 continebant
485 1910 493 1936 :
519 1894 564 1935 in
593 1901 745 1951 aperto
776 1890 892 1944 loco,
925 1889 1167 1933 seeundum
1200 1890 1384 1945 flumen,
1413 1907 1564 1950 paucae

175 1976 385 2019 stationes
409 1974 609 2033 equitum
628 1970 905 2014 videbantur.
928 1968 1143 2013 Fluminis
1165 1979 1258 2013 erat
1281 1969 1468 2014 altitudo
1492 1988 1564 2031 pe-

176 2055 281 2100 dum
305 2055 480 2098 circiter
503 2053 650 2096 trium.

240 2137 362 2179 XIX.
400 2136 564 2189 Caesar,
595 2132 795 2193 equitatu
824 2131 1067 2191 praemisso,
1095 2130 1442 2191 subsequebatur
1473 2146 1567 2174 om-

178 2218 306 2261 nibus
325 2216 462 2276 copiis
481 2231 489 2257 :
508 2212 583 2258 sed
597 2213 709 2256 ratio
728 2211 925 2272 ordoque
945 2212 1132 2273 agminis
1147 2210 1275 2256 aliter
1297 2228 1340 2255 se
1362 2212 1566 2267 habebat,

178 2315 228 2342 ae
254 2295 397 2358 Belgae
429 2294 484 2338 ad
514 2294 701 2339 Nervios
726 2291 989 2336 detulerant.
1019 2293 1161 2347 Nam,
1194 2292 1313 2352 quod
1343 2292 1398 2335 ad
1422 2291 1567 2335 hostes

179 2375 580 2440 appropinquabat,
603 2372 921 2418 consuetudine
941 2388 1018 2416 sua
1033 2374 1178 2417 Caesar
1194 2388 1266 2415 sex
1285 2371 1479 2433 legiones
1497 2388 1569 2414 ex-

180 2459 348 2521 peditas
377 2456 565 2500 ducebat
593 2472 602 2497 :
631 2464 731 2515 post
759 2470 829 2498 eas
859 2454 992 2497 totius
1017 2452 1233 2496 exercitus
1256 2452 1570 2513 impedimenta

181 2539 418 2584 collocarat
443 2554 451 2579 :
482 2534 584 2579 inde
610 2534 705 2578 duae
733 2533 946 2595 legiones,
973 2550 1069 2594 quae
1092 2534 1289 2594 proxime
1313 2533 1571 2593 conscripta>

182 2630 334 2676 erant,
374 2626 516 2662 totum
547 2632 703 2676 agmen
741 2613 1030 2669 claudebant,
1065 2612 1356 2674 praesidioque
1387 2611 1572 2673 impedi-

382 2722 408 2749 1.
1352 2694 1379 2745 li
