1972 3356
524 220 590 256 DE
621 221 780 256 BELLO
810 221 1028 258 GALLICO
1056 222 1150 257 LIB.
1177 221 1261 256 VII.
1522 216 1595 253 205

195 303 505 349 transcendere
548 315 781 350 conantur.
826 305 1013 350 Paulum
1058 304 1252 368 legiones
1289 305 1452 353 Caesar,
1490 319 1598 363 quas

195 402 275 446 pro
299 384 415 430 vallo
440 387 755 442 constituerat,
779 387 1033 448 promoveri
1063 387 1202 448 jubet.
1226 386 1328 431 Non
1351 385 1498 429 minus
1524 386 1600 445 qui

195 467 312 510 intra
349 468 620 512 munitiones
663 478 790 512 erant
822 467 941 512 Galli
979 468 1330 529 perturbantur3
1362 466 1506 511 veniri
1546 465 1603 510 ad

197 564 240 591 se
276 548 508 593 confestim
541 549 866 603 existimantes,
902 548 957 592 ad
992 565 1115 592 arma
1150 548 1461 603 conclamant3
1492 565 1603 592 non-

197 628 307 673 nulli
350 630 575 691 perterriti
615 630 661 673 in
698 629 916 690 oppidum
953 630 1225 689 irrumpunt.
1262 630 1604 690 Vercingetorix

194 711 319 771 jubet
358 720 508 771 portas
541 708 716 765 claudi,
753 726 808 753 ne
835 719 979 754 castra
1009 709 1250 753 nudentur.
1288 708 1445 753 Multis
1475 710 1606 753 inter-

199 791 348 847 fectis,
386 789 691 852 compluribus
738 792 862 851 equis
904 791 1070 852 captis,
1107 791 1325 834 Germani
1363 807 1456 834 sese
1496 791 1606 834 reci-

200 874 342 935 piunt.

264 956 426 999 LXXI.
452 956 814 1018 Vercingetorix,
847 957 1109 1017 priusquam
1137 956 1408 1000 munitiones
1437 955 1490 999 ab
1519 957 1610 1000 Ro-

201 1037 342 1080 manis
375 1036 685 1098 perficiantur,
714 1035 948 1081 consilium
975 1037 1095 1098 capit
1129 1053 1307 1081 omnem
1335 1037 1388 1080 ab
1418 1054 1462 1080 se
1491 1037 1611 1098 equi-

203 1127 346 1162 tatum
382 1128 517 1162 noctu
546 1118 781 1162 dimittere.
816 1117 1158 1163 Discedentibus
1190 1118 1374 1162 mandat
1401 1128 1449 1162 ut
1488 1135 1612 1162 suam

204 1199 391 1260 quisque
415 1216 570 1243 eorum
595 1200 821 1243 civitatem
849 1199 999 1256 adeat,
1031 1216 1275 1260 omnesque
1298 1200 1374 1260 qui
1400 1216 1480 1261 per
1507 1209 1611 1243 aeta-

207 1290 296 1324 tem
326 1297 449 1324 arma
481 1280 594 1324 ferre
624 1281 795 1342 possint
832 1281 887 1325 ad
916 1280 1085 1325 bellum
1111 1291 1286 1343 cogant.
1321 1282 1407 1325 Sua
1438 1282 1482 1324 in
1516 1279 1614 1325 illos

207 1362 362 1405 merita
386 1362 621 1422 proponit;
645 1362 980 1423 obtestaturque
1002 1381 1022 1403 «
1045 1371 1093 1405 ut
1111 1379 1198 1406 suae
1219 1361 1373 1406 salutis
1396 1363 1615 1406 rationem

208 1442 425 1494 habeant,
443 1459 529 1486 neu
551 1459 615 1495 se,
641 1443 694 1486 de
715 1444 944 1487 communi
967 1442 1173 1487 libertate
1192 1444 1360 1504 optime
1385 1444 1616 1499 meritum,

209 1524 254 1567 in
291 1525 537 1567 cruciatum
573 1524 772 1568 hostibus
809 1523 988 1568 dedant.
1025 1524 1162 1582 Quod
1197 1524 1232 1568 si
1267 1522 1618 1586 indiligentiores

208 1604 397 1660 fuerint,
430 1604 568 1649 millia
596 1605 831 1650 hominum
867 1605 1037 1650 delecta
1064 1622 1183 1650 Lxxx
1215 1622 1303 1649 una
1332 1622 1478 1650 secum
1509 1606 1621 1649 inte-

209 1687 349 1730 ritura
374 1685 661 1731 demonstrat.
687 1688 881 1733 Ratione
911 1689 1047 1744 inita,
1072 1687 1349 1732 frumentum
1384 1703 1429 1731 se
1464 1688 1621 1749 exigue

211 1767 384 1812 dierum
419 1785 512 1813 xxx
547 1768 741 1823 habere,
777 1769 854 1814 sed
888 1768 1022 1831 paulo
1057 1770 1190 1813 etiam
1225 1767 1400 1831 longius
1433 1767 1622 1813 tolerare

211 1867 338 1911 posse
362 1849 597 1912 parcendo.
618 1870 639 1892 »
664 1851 744 1895 His
771 1851 885 1895 datis
910 1850 1158 1906 mandatis,
1183 1867 1271 1911 qua
1298 1860 1392 1894 erat
1418 1860 1622 1894 nostrum

211 1949 324 1993 opus
365 1933 697 1988 intermissum,
738 1931 931 1976 secunda
962 1929 1117 1993 vigilia
1161 1929 1338 1974 silentio
1374 1931 1621 1991 equitatum

214 2012 411 2057 dimittit.
453 2016 750 2059 Frumentum
788 2030 919 2058 omne
958 2012 1014 2057 ad
1053 2029 1096 2056 se
1136 2011 1240 2055 ferri
1273 2011 1427 2071 jubet3
1466 2011 1623 2071 capitis

214 2111 390 2155 poenam
422 2098 475 2142 iis
506 2098 583 2159 qui
617 2113 707 2140 non
740 2096 970 2157 paruerint
1010 2094 1256 2138 constituit.
1294 2095 1462 2147 Pecus,
1497 2092 1622 2153 cujus

218 2198 381 2244 magna
408 2190 502 2225 erat
531 2180 585 2224 ab
614 2177 871 2223 Mandubiis
898 2176 1127 2238 compulsa
1161 2176 1314 2237 copia,
1344 2174 1510 2218 viritim
1540 2173 1626 2218 dis-

220 2263 390 2308 tribuit.
421 2265 718 2306 Frumentum
749 2276 881 2321 parce
910 2268 954 2303 et
986 2257 1201 2319 paulatim
1234 2256 1381 2300 metiri
1420 2255 1623 2299 instituit.

221 2345 384 2406 Copias
420 2360 573 2388 omnes
612 2359 721 2404 quas
765 2358 845 2403 pro
890 2340 1055 2402 oppido
1092 2337 1387 2383 collocaverat
1428 2337 1473 2380 in
1502 2337 1628 2398 oppi-

223 2427 330 2471 dum
361 2426 531 2487 recipit.
567 2426 647 2468 His
680 2422 927 2468 rationibus
962 2420 1125 2465 auxilia
1161 2418 1318 2465 Galliae
1352 2427 1624 2480 exspectare,

224 2520 268 2554 et
290 2507 457 2554 bellum
483 2507 794 2551 administrare
817 2514 957 2566 parat.

291 2591 478 2635 LXXII.
510 2588 687 2647 Quibus
714 2587 845 2631 rebus
878 2603 931 2630 ex
958 2585 1153 2647 perfugis
1185 2594 1229 2627 et
1263 2582 1447 2643 captivis
1478 2581 1630 2643 cogni-

229 2674 304 2726 tis,
335 2674 480 2718 Caesar
510 2671 605 2715 haec
637 2685 800 2731 genera
834 2668 1096 2712 munitionis
1121 2664 1327 2710 instituit.
1353 2665 1531 2707 Fossam
1558 2678 1631 2722 pe-
