1972 3356
388 279 402 301 1
414 277 457 300 ιο
591 266 630 299 C.
663 265 790 300 JULII
822 263 1040 298 CAESARIS
1069 263 1560 300 COMMENTARIORUM

442 351 606 395 XVIII.
643 350 809 402 Caesar,
849 347 1030 408 cognito
1071 346 1256 391 consilio
1290 363 1471 405 eorum,
1512 347 1567 391 ad
1609 347 1772 392 flumen

376 430 582 476 Tamesin
617 429 661 472 in
697 428 806 472 fines
836 425 1155 472 Cassivellauni
1191 427 1437 471 exercitum
1471 427 1620 483 duxit3
1655 428 1774 489 quod

379 513 543 556 [lumen
566 527 654 555 uno
674 509 857 554 omnino
880 507 978 552 loco
1002 507 1208 569 pedibus,
1227 518 1360 570 atque
1381 508 1464 553 hoc
1487 524 1621 570 aegre,
1641 518 1776 553 trans-

378 595 429 637 iri
461 601 622 654 potest.
645 593 713 636 Eo
742 606 881 652 quum
906 590 1116 647 venisset,
1143 589 1484 645 animadvertit,
1511 589 1568 634 ad
1592 588 1774 634 alteram

378 673 573 718 ssuminis
606 673 749 733 ripam
781 687 963 733 magnas
988 687 1079 714 esse
1107 669 1255 731 copias
1287 669 1480 715 hostium
1509 671 1775 714 instructas:

377 756 474 816 ripa
506 764 653 798 autem
689 763 782 797 erat
817 752 959 796 acutis
993 750 1177 796 sudibus
1210 750 1398 812 praefixis
1431 752 1629 808 munita;
1661 754 1777 812 ejus-

378 836 567 896 demque
591 835 763 897 generis
788 833 869 878 sub
892 849 1007 894 aqua
1032 831 1184 878 defixae
1205 831 1333 876 sudes
1363 831 1546 876 flumine
1570 833 1777 894 tegeban-

379 929 465 962 tur.
496 917 576 961 His
611 916 741 960 rebus
775 914 964 977 cognitis
998 931 1022 958 a
1056 914 1241 975 captivis
1280 913 1581 976 perfugisque,
1611 915 1776 971 Caesar,

378 998 603 1060 praemisso
640 997 865 1057 equitatu,
896 993 1129 1039 confestim
1169 993 1364 1056 legiones
1399 995 1606 1056 subsequi
1632 995 1775 1056 jussit.

377 1080 462 1124 Sed
494 1096 543 1122 ea
570 1077 792 1122 celeritate
817 1087 950 1137 atque
979 1092 1029 1120 eo
1058 1077 1227 1136 impetu
1257 1074 1417 1119 milites
1446 1076 1614 1132 ierunt,
1639 1092 1777 1137 quum

378 1161 519 1222 capite
542 1158 635 1203 solo
659 1176 710 1202 ex
740 1174 853 1219 aqua
881 1166 1126 1212 exstem-‚ent
1152 1165 1200 1200 ut
1229 1156 1375 1200 hostes
1404 1157 1619 1218 impetum
1644 1156 1779 1219 legio-

379 1259 486 1286 num
510 1251 642 1301 atque
668 1240 870 1300 equitum
896 1239 1112 1283 sustinere
1140 1254 1231 1282 non
1254 1247 1454 1299 possent,
1485 1237 1690 1298 ripasque
1714 1238 1779 1282 di-

379 1323 626 1378 mitterent,
655 1338 704 1366 ac
728 1337 773 1365 se
797 1320 908 1382 fugae
932 1320 1215 1364 mandarent

442 1406 565 1448 XIX.
588 1401 967 1454 Cassivellaunus,
985 1410 1036 1444 ut
1054 1417 1189 1462 supra
1212 1401 1638 1459 demonstravimus,
1658 1404 1780 1447 omni

379 1485 578 1546 deposita
616 1500 691 1544 spe
726 1484 1049 1535 contentionis,
1083 1482 1274 1527 dimissis
1304 1482 1594 1544 amplioribus
1621 1485 1779 1546 copiis,

379 1564 576 1609 millibus
610 1565 786 1608 circiter
815 1572 1008 1625 quatuor
1040 1563 1361 1607 essedariorum
1398 1563 1585 1622 relictis,
1623 1566 1780 1610 itinera

381 1656 531 1691 nostra
553 1646 773 1700 servabat,
795 1643 1115 1706 paululumque
1136 1661 1187 1689 ex
1213 1645 1280 1688 via
1304 1645 1561 1701 excedebat,
1587 1644 1781 1707 locisque

382 1727 604 1789 impeditis
627 1744 676 1771 ac
701 1725 975 1771 silvestribus
996 1743 1086 1771 sese
1110 1725 1380 1782 occultabat,
1404 1736 1536 1788 atque
1566 1728 1616 1771 iis
1640 1729 1781 1790 regio-

379 1809 528 1864 nibus,
560 1808 719 1869 quibus
740 1824 818 1852 nos
840 1808 923 1851 iter
946 1807 1138 1851 facturos
1159 1819 1445 1868 cognoverat,
1471 1824 1629 1869 pecora
1649 1819 1781 1870 atque

379 1891 579 1934 homines
608 1906 660 1933 ex
683 1890 800 1951 agris
825 1890 869 1932 in
899 1887 1029 1932 silvas
1059 1887 1371 1949 compellebat,
1396 1899 1458 1943 et,
1487 1906 1625 1950 quum
1657 1893 1781 1952 equi-

380 1980 496 2014 tatus
528 1980 677 2014 noster
703 1969 886 2013 liberius
920 1968 1146 2030 praedandi
1180 1969 1469 2030 vastandique
1495 1986 1625 2016 causa
1658 1988 1702 2015 se
1736 1973 1779 2016 in

379 2068 507 2113 agros
540 2050 807 2105 effunderet,
838 2051 1045 2095 omnibus
1076 2051 1154 2094 viis
1183 2051 1298 2094 notis
1323 2052 1578 2112 semitisque
1612 2053 1780 2097 esseda-

378 2133 466 2176 rios
494 2149 544 2176 ex
575 2133 693 2177 silvis
724 2132 975 2184 emittebat,
1006 2142 1047 2175 ct
1073 2147 1237 2193 magno
1261 2149 1363 2176 cum
1388 2131 1585 2192 periculo
1610 2144 1780 2178 nostro-

378 2229 474 2257 rum
507 2214 708 2273 equitum
737 2229 838 2257 cum
862 2197 912 2256 iis
935 2213 1220 2274 confligebat,
1246 2221 1377 2273 atquc
1397 2213 1481 2257 hoc
1505 2223 1623 2257 metu
1649 2213 1778 2258 latius

378 2295 527 2355 vagari
559 2294 834 2355 prohibebat.
866 2292 1240 2354 Relinquebatur,
1273 2303 1322 2337 ut
1350 2310 1493 2355 neque
1522 2293 1694 2355 longius
1725 2295 1777 2338 ab

378 2375 552 2435 agmine
576 2374 799 2436 legionum
828 2374 991 2418 discedi
1019 2377 1162 2419 Caesar
1188 2384 1438 2435 pateretur,
1465 2385 1507 2418 et
1532 2384 1703 2418 tantum
1734 2377 1775 2419 in

379 2456 494 2515 agris
529 2455 754 2499 vastandis
782 2454 1086 2516 incendiisque
1124 2454 1339 2499 faciendis
1368 2455 1564 2499 hostibus
1598 2471 1778 2499 nocere-

380 2545 471 2591 tur,
497 2546 712 2596 quantum
737 2535 889 2580 lab01e
912 2546 1045 2596 atque
1074 2537 1230 2580 itinere
1253 2535 1483 2597 legionarii
1505 2534 1665 2579 milites
1692 2536 1778 2579 effl-

380 2631 476 2659 cere
497 2626 623 2676 potc1
626 2626 715 2660 ant.

444 2699 542 2739 XX.
584 2698 768 2741 Interim
803 2699 1125 2755 Trinobantes,
1166 2714 1302 2758 prope
1338 2695 1582 2740 firmissima
1624 2714 1775 2741 carum
