1972 3356
432 254 503 291 244
662 247 701 281 C.
729 246 858 281 JULll
889 245 1104 280 CAESARIS
1134 245 1394 280 COMMENT.
1423 247 1568 281 LIBER

428 329 594 385 diendi,
618 343 756 388 neque
783 327 892 370 ultra
916 327 1179 387 procedendi
1202 327 1346 371 oblata
1370 326 1597 383 facultate,
1619 329 1803 372 circum-

427 418 581 454 ventus
605 407 923 452 concideretur.
949 408 1117 463 Caesar,
1137 407 1332 467 equitatu
1355 416 1455 450 ante
1477 407 1698 467 praemisso
1713 441 1724 463 ,
1744 409 1806 451 in-

427 490 540 534 scius
558 488 812 532 insidiarum
828 522 839 544 ,
858 504 993 548 quum
1011 487 1064 530 ad
1081 504 1178 531 eum
1199 486 1342 531 locum
1358 487 1562 542 venisset,
1581 487 1703 531 abusi
1718 489 1807 532 sive

427 567 550 613 obliti
578 578 893 630 praeceptorum
920 568 1123 623 Labieni,
1154 569 1242 611 sive
1269 568 1417 621 veriti,
1450 583 1502 610 ne
1537 567 1579 610 in
1609 567 1723 611 fossa
1754 567 1809 611 ab

428 649 648 709 equitibus
668 650 1040 710 opprimerentur,
1059 649 1146 691 rari
1167 665 1216 692 ac
1231 646 1390 709 singuli
1410 647 1463 691 de
1481 664 1589 708 rupe
1610 647 1809 708 prodire,

429 739 472 773 et
494 746 662 773 summa
690 739 836 790 petere
863 727 985 772 collis
1015 746 1024 772 :
1055 745 1162 788 quos
1186 730 1365 773 Caesaris
1397 728 1563 788 equites
1591 730 1808 771 consecuti

430 811 588 871 partim
609 809 943 864 interfecerunt,
966 810 1124 869 partim
1140 810 1337 852 vivorum
1355 817 1456 852 sunt
1476 809 1601 869 potiti
1622 825 1631 851 ε
1659 807 1810 852 deinde

430 891 631 950 protinus
643 889 798 933 collem
813 900 960 950 petere
975 889 1297 933 contenderunt
1316 923 1325 943 ,
1343 899 1472 948 atque
1488 905 1607 942 eum,
1629 887 1810 932 decusso

430 971 609 1014 Labieni
633 970 833 1031 praesidio
849 1004 859 1023 ,
885 967 1083 1012 celeriter
1105 979 1444 1029 occupaverunt.
1471 969 1687 1013 Labienus
1711 985 1811 1012 cum

431 1061 554 1111 parte
579 1051 774 1110 equitum
801 1050 870 1092 vix
900 1049 1002 1110 fuga
1027 1049 1109 1092 sibi
1138 1050 1305 1110 peperit
1332 1048 1528 1092 salutem.

495 1133 565 1174 LI.
597 1133 689 1174 Hac
714 1146 761 1173 re
789 1147 866 1191 per
890 1130 1057 1189 equites
1080 1138 1217 1190 gesta,
1240 1130 1384 1173 Caesar
1407 1127 1652 1189 legionibus
1680 1145 1812 1190 opera

431 1210 676 1265 distribuit,
706 1220 836 1270 atque
874 1211 917 1252 in
953 1226 1004 1253 eo
1036 1208 1168 1264 colle,
1192 1226 1280 1270 quo
1318 1218 1409 1252 erat
1446 1209 1637 1270 potitus,
1672 1219 1812 1252 castra

430 1292 630 1335 munivit.
669 1289 839 1334 Deinde
868 1290 920 1333 ab
958 1290 1043 1333 suis
1082 1290 1279 1333 maximis
1321 1289 1471 1332 castris
1511 1305 1590 1350 per
1618 1288 1813 1333 medium

430 1388 663 1433 campum,
703 1388 725 1415 e
759 1372 936 1433 regione
963 1370 1115 1432 oppidi
1147 1371 1307 1424 Uzitae‚
1338 1368 1455 1430 quod
1487 1370 1599 1413 inter
1635 1385 1712 1414 sua
1741 1386 1813 1414 ca-

430 1461 520 1495 stra
546 1461 588 1496 et
612 1453 828 1512 Scipionis
856 1453 897 1495 in
927 1450 1105 1513 planitie
1137 1452 1328 1511 positum
1360 1460 1471 1506 crat,
1499 1449 1814 1511 tenebaturque

429 1549 453 1575 a
480 1533 703 1592 Scipione,
741 1532 829 1575 duo
865 1532 1042 1575 brachia
1068 1532 1258 1574 instituit
1296 1529 1419 1586 duci,
1456 1539 1498 1573 et
1532 1530 1591 1573 ita
1622 1531 1811 1591 erigere,

430 1622 478 1654 ut
503 1611 557 1654 ad
587 1611 796 1672 angulum
822 1611 1023 1654 dextrum
1057 1611 1369 1669 sinistrumque
1399 1610 1491 1669 ejus
1519 1608 1669 1670 oppidi
1708 1625 1812 1653 con-

429 1691 637 1734 venirent.
664 1691 712 1734 Id
739 1691 820 1734 hac
847 1693 1013 1734 ratione
1039 1707 1148 1751 opus
1171 1690 1437 1745 instruebat,
1460 1698 1526 1744 ut,
1554 1706 1690 1750 quum
1717 1706 1812 1750 pro-

428 1773 525 1830 pius
553 1770 764 1830 oppidum
792 1771 938 1829 copias
969 1769 1255 1824 admovisset,
1286 1784 1630 1830 oppugnareque
1659 1770 1812 1829 coepis-

429 1859 510 1905 set,
535 1859 648 1893 tecta
670 1848 804 1892 latera
828 1850 916 1892 suis
943 1850 1261 1893 munitionibus
1287 1851 1489 1906 haberet,
1517 1866 1589 1905 ne,
1618 1850 1672 1894 ab
1697 1850 1812 1911 equi-

430 1940 543 1973 tatus
570 1928 852 1973 multitudine
874 1930 1219 1983 circumventus,
1246 1932 1299 1975 ab
1326 1932 1654 1993 oppugnatione
1676 1930 1813 1976 deter-

428 2019 615 2065 reretur3
646 2019 871 2071 praeterea,
913 2026 1000 2069 quo
1038 2009 1205 2054 facilius
1240 2009 1457 2072 colloquia
1485 2011 1579 2056 fieri
1609 2021 1808 2073 possent3

429 2100 493 2144 et,
519 2092 553 2134 si
579 2091 654 2150 qui
682 2090 911 2151 perfugere
941 2088 1119 2144 vellent,
1149 2090 1191 2134 id
1217 2090 1335 2150 quod
1360 2101 1488 2135 antea
1518 2108 1628 2152 saepe
1651 2091 1812 2136 accide-

428 2180 495 2214 rat
521 2186 680 2231 magno
701 2187 800 2213 cum
821 2186 971 2213 eorum
997 2169 1215 2229 periculo,
1243 2180 1335 2214 tum
1361 2170 1484 2215 facile
1509 2181 1549 2215 et
1576 2172 1668 2215 sine
1695 2172 1811 2232 peri-

428 2250 528 2295 culo
567 2250 702 2294 fieret.
739 2249 893 2294 Voluit
930 2251 1058 2293 etiam
1103 2251 1312 2311 experiri,
1347 2268 1482 2311 quum
1516 2253 1697 2313 propius
1728 2251 1809 2296 ho-

429 2341 538 2376 stem
555 2332 799 2375 accessisset
816 2366 826 2388 ,
846 2330 1081 2375 haberetne
1099 2332 1141 2373 in
1162 2332 1309 2374 animo
1332 2330 1553 2376 dimicare.
1567 2331 1811 2377 Accedebat

429 2413 560 2456 etiam
585 2411 640 2455 ad
667 2411 854 2471 reliquas
883 2427 1032 2454 causas
1050 2445 1060 2465 ,
1089 2411 1207 2471 quod
1236 2412 1269 2455 is
1298 2410 1417 2456 locus
1445 2412 1673 2474 depressus
1700 2421 1793 2456 erat

429 2494 635 2554 puteique
665 2493 725 2536 ibi
754 2490 1001 2553 complures
1029 2490 1120 2534 fieri
1156 2501 1358 2552 poterant
1390 2509 1399 2535 ε
1428 2493 1660 2553 aquatione
1692 2492 1807 2535 enim

430 2573 559 2635 longa
590 2583 633 2617 et
660 2584 843 2635 angusta
871 2572 1119 2617 utebantur.
1148 2574 1266 2616 Dum
1291 2573 1381 2617 haec
1405 2589 1559 2634 opera,
1588 2588 1682 2633 quae
1709 2581 1809 2615 ante

430 2654 549 2711 dixi,
576 2653 738 2698 fiebant
761 2671 784 2698 a
811 2652 1074 2714 legionibus,
1104 2654 1276 2696 iuterim
1308 2669 1405 2713 pars
1435 2654 1527 2697 acie
1562 2662 1661 2697 ante
1697 2669 1807 2713 opus
