1972 3356
310 274 380 311 168
516 278 555 312 C.
587 277 713 312 JULll
744 277 962 313 CAESARIS
993 277 1476 314 COMMENTARIORUM

305 370 449 403 neant.
477 361 659 404 Duabus
690 360 904 422 Agendici
937 360 1183 423 legionibus
1211 371 1343 422 atque
1373 359 1691 421 impedimentis

305 439 438 482 totius
462 441 679 485 exercitus
700 440 882 499 relictis,
906 441 959 486 ad
985 443 1114 486 Boios
1137 441 1443 502 proficiscitur.

370 520 448 563 XI.
469 518 620 565 Altero
645 521 714 566 die
728 557 739 578 ,
758 539 895 583 quum
911 522 967 566 ad
985 521 1198 584 oppidum
1218 524 1444 567 Senonum
1463 520 1697 567 Vellauno-

304 599 475 643 dunum
509 603 719 658 venisset,
749 619 802 646 ne
832 620 964 663 quem
999 613 1099 664 post
1130 620 1174 647 se
1199 603 1373 648 hostem
1402 601 1698 664 relinqueret,

303 699 392 743 quo
420 682 691 744 expeditiore
716 700 762 727 re
788 683 1078 728 frumentaria
1107 694 1324 740 uteretur,
1349 700 1608 745 oppugnare
1632 683 1699 726 in-

302 764 466 818 stituit,
494 762 625 824 idque
652 763 789 809 biduo
817 763 1167 809 circumvallavit
1192 782 1200 808 :
1229 765 1359 809 tertio
1385 764 1454 808 die
1478 765 1618 808 missis
1647 780 1699 808 ex

302 843 468 904 oppido
491 842 645 905 legatis
668 843 721 888 de
745 844 987 902 deditione,
1011 862 1132 890 arma
1151 841 1357 906 proferri,
1379 846 1579 906 jumenta
1599 861 1700 906 pro-

303 923 428 980 duci,
457 941 516 970 Dc
549 925 720 969 obsides
749 925 841 970 dari
867 927 1006 987 jubet.
1033 929 1095 972 Ea
1123 928 1198 988 qui
1228 926 1485 982 conficeret,
1515 927 1563 970 C.
1596 928 1700 969 Tre-

303 1004 486 1049 bonium
514 1004 707 1067 legatum
742 1005 954 1067 relinquit
979 1025 988 1051 ε
1017 1007 1132 1069 ipse,
1163 1018 1214 1052 ut
1241 1023 1372 1067 quam
1399 1008 1588 1068 primum
1617 1007 1697 1049 iter

302 1085 559 1142 conficeret,
586 1087 823 1130 Cenabum
853 1089 1102 1132 Carnutum
1136 1087 1451 1149 proficiscitur3
1481 1089 1578 1147 qui,
1607 1097 1699 1130 tuin

303 1167 497 1227 primum
531 1165 664 1211 allato
700 1169 860 1212 nuntio
898 1168 951 1212 de
986 1168 1318 1230 oppugnatione
1347 1165 1704 1220 Vellaunoduni‚

302 1263 440 1307 quum
467 1247 643 1309 longius
668 1265 764 1293 eam
790 1265 883 1293 rem
912 1248 1094 1293 ductum
1122 1249 1175 1293 iri
1199 1249 1528 1301 existimarent,
1551 1247 1693 1308 praesi-

302 1327 447 1385 dium,
470 1329 643 1374 Genabi
658 1329 812 1374 tuendi
834 1346 978 1387 causa,
1004 1329 1123 1391 quod
1142 1347 1192 1374 eo
1215 1331 1462 1385 mitterent,
1479 1344 1703 1389 compara-

301 1409 422 1453 bant.
450 1412 546 1454 Huc
565 1410 701 1454 biduo
724 1412 924 1472 pervenit
949 1429 957 1455 :
984 1412 1138 1455 castris
1166 1420 1267 1455 ante
1290 1410 1504 1472 oppidum
1529 1409 1703 1470 positis,

303 1488 389 1533 diei
417 1499 616 1551 tempore
647 1491 866 1549 exclusus,
894 1493 938 1535 in
966 1501 1193 1553 posterum
1220 1491 1598 1553 oppugnationem
1623 1489 1703 1533 dif-

304 1569 411 1627 fert,
445 1587 630 1632 quaeque
671 1572 725 1615 ad
754 1589 850 1616 eam
879 1589 971 1616 rem
1004 1574 1101 1616 usui
1130 1574 1217 1616 sint
1246 1571 1458 1616 militibus
1488 1572 1700 1632 imperat,

303 1661 364 1707 et,
394 1651 514 1712 quod
531 1652 746 1713 oppidum
764 1653 998 1697 Genabum
1024 1670 1134 1714 pons
1158 1653 1353 1697 fluminis
1376 1652 1546 1713 Ligeris
1568 1651 1704 1696 conti·

304 1732 457 1787 nebat,
488 1734 653 1777 veritus
690 1750 745 1777 ne
788 1743 924 1777 noctu
960 1750 1012 1777 ex
1048 1733 1214 1796 oppido
1250 1732 1558 1794 profugerent,
1597 1732 1703 1776 duas

304 1810 497 1875 legiones
535 1814 579 1856 in
619 1814 753 1857 armis
796 1814 1013 1858 excubare
1047 1814 1186 1874 jubet.
1225 1813 1530 1868 Genabenses,
1573 1811 1704 1873 paulo

303 1903 404 1937 ante
432 1892 622 1936 mediam
647 1903 823 1937 noctem
851 1893 1027 1946 silentio
1055 1911 1107 1938 ex
1132 1894 1298 1955 oppido
1322 1894 1508 1955 egressi,
1539 1893 1703 1936 flumen

305 1975 494 2018 transire
525 1985 769 2036 coeperunt.
807 1976 910 2033 Qua
944 1992 991 2019 re
1028 1992 1106 2036 per
1135 1974 1438 2036 exploratores
1474 1974 1704 2028 nuntiata,

303 2057 448 2099 Caesar
480 2054 674 2117 legiones
710 2071 819 2116 quas
850 2055 1076 2116 expeditas
1107 2073 1198 2100 esse
1225 2056 1439 2116 jusserat,
1464 2055 1604 2115 portis
1637 2055 1705 2098 in-

303 2137 468 2192 censis,
499 2137 780 2193 intromittit,
814 2146 945 2197 atque
976 2137 1143 2198 oppido
1173 2137 1361 2197 potitur,
1393 2135 1624 2197 perpaucis
1653 2150 1703 2178 ex

302 2217 497 2261 hostium
529 2234 717 2261 numero
751 2217 1007 2262 desideratis
1043 2219 1149 2278 quin
1187 2218 1336 2261 cuncti
1377 2217 1464 2260 vivi
1503 2231 1705 2277 caperen-

304 2309 397 2354 tur,
432 2299 552 2360 quod
586 2300 735 2360 pontis
771 2309 903 2359 atque
936 2300 1146 2344 itinerum
1179 2299 1391 2360 augustiae
1428 2295 1704 2341 multitudini

303 2379 453 2442 fugam
491 2379 844 2425 intercluserant.
883 2379 1114 2441 Oppidum
1147 2379 1301 2440 diripit
1330 2389 1462 2439 atque
1490 2376 1704 2429 incendit,

303 2460 497 2520 praedam
522 2460 736 2505 militibus
764 2460 919 2517 donat,
950 2462 1192 2505 exercitum
1217 2461 1412 2522 Ligerim
1435 2457 1703 2513 transducit,

306 2550 436 2599 atque
461 2542 504 2584 in
530 2542 783 2602 Biturigum
803 2541 911 2585 fines
935 2542 1148 2602 pervenit.

369 2622 470 2664 XII.
495 2622 857 2682 Vercingetorix,
879 2621 953 2666 ubi
973 2621 1026 2665 de
1049 2622 1233 2667 Caesaris
1257 2621 1449 2666 adventu
1473 2620 1705 2682 cognovit,

307 2702 640 2760 oppugnatione
671 2702 857 2759 desistit,
891 2711 1022 2762 atque
1065 2703 1238 2747 obviam
1269 2702 1427 2746 Caesari
1466 2700 1704 2761 proficisci-
