1972 3356
524 211 786 247 COMMENT.
819 212 886 247 DE
917 212 1082 247 BELLO
1112 213 1342 247 GALLICO.
1557 225 1623 258 27¹

294 291 377 323 CAP.
393 289 469 322 LV.
492 288 678 324 Bibracte.
700 289 887 333 Bibracte,
916 287 1108 335 Βὶβρακτα
1122 290 1319 333 Straboni,
1333 291 1510 337 oppidum
1525 291 1633 338 longe

240 352 448 386 maximum
466 358 502 385 et
515 351 826 397 copiosissimum,
846 359 882 385 et
894 353 1002 400 apud
1017 353 1158 386 AEduos
1173 352 1355 386 maxima?
1380 352 1629 393 auctoritatae,

240 413 309 448 dea
335 425 483 459 quoque
509 419 587 447 erat
611 412 759 457 hahita,
786 413 878 447 sicut
906 414 1025 447 Roma
1046 421 1081 448 et
1106 414 1229 447 multae
1255 413 1333 448 aliae
1355 414 1466 449 urbes
1492 427 1571 462 quae
1589 414 1627 449 in

240 474 397 509 deorum
417 485 612 508 numerum
630 474 754 508 relatae
773 481 868 507 sunt.
895 474 1166 520 Inscriptiones
1186 474 1265 509 duae
1285 475 1546 522 Augustoduni
1566 489 1628 511 re·-

239 543 352 583 pertae
379 535 519 569 habent
544 547 641 569 DEAE
669 546 864 569 mmmmm
891 537 947 569 An
973 535 1103 569 eadem
1127 535 1173 569 sit
1199 548 1278 582 quae
1301 537 1631 583 Augustodunum,

240 597 353 632 hodie
371 598 512 639 Autan,
532 603 661 642 postea
680 595 777 630 dicta
797 602 868 639 est,
887 595 1080 642 inquirunt
1100 596 1252 640 eruditi,
1272 610 1312 631 ac
1336 610 1376 632 ea
1403 598 1450 632 de
1468 611 1508 633 re
1534 599 1631 634 inter

241 672 279 694 se
288 658 479 693 dissident.
493 658 567 692 Sed
581 670 625 692 ex
636 657 694 691 his
703 656 1011 704 inscriptionibus
1022 658 1435 704 augustodunensibus,
1454 667 1488 694 et
1506 661 1629 695 verbis

239 719 411 755 Eumenii
429 719 609 762 rhetoris,
623 718 759 753 confici
773 732 851 753 non
865 725 988 766 potest
1002 719 1176 754 Bibracte
1191 726 1227 754 et
1239 721 1553 767 Augustodunum
1571 722 1629 756 di*

238 795 343 817 versa
362 781 503 829 oppida
523 780 705 825 extitisse,
719 781 785 816 sed
803 780 928 828 potius
953 794 1066 816 unam
1086 781 1330 828 eamdemque
1350 782 1482 818 urbem
1505 783 1628 819 fuisse.

290 862 373 896 CAP.
395 860 513 894 LVII.
535 860 731 895 Lutetiam.
759 859 883 894 Hodie
903 860 1034 902 Paris,
1060 858 1190 894 Galliae
1209 866 1319 906 caput
1339 867 1374 895 et
1393 859 1543 895 urbium
1570 873 1630 895 re—

237 923 334 970 gina.
349 922 543 957 Mediocre
558 928 637 956 erat
650 920 851 968 oppidum;
865 921 953 955 hinc
968 921 1184 956 Ammianus
1201 921 1406 956 Castellum
1420 929 1548 967 vocat,
1562 923 1581 957 J
1586 936 1630 957 u-

237 984 356 1019 lianus
381 990 418 1018 et
441 983 608 1018 Zosimus
630 983 842 1031 Πολίχνην,
863 983 1098 1030 oppidulum.
1124 986 1154 1017 A
1179 983 1330 1018 Juliano
1355 985 1451 1019 male
1477 991 1630 1019 vocatur

237 1044 446 1089 Λευκετία,
464 1045 658 1080 metathesi
679 1057 750 1092 pro
767 1045 938 1088 Lutecia,
959 1044 1064 1091 quasi
1083 1057 1103 1079 a
1123 1054 1251 1080 λευκος
1264 1073 1272 1089 ,
1287 1045 1409 1089 albus3
1424 1058 1443 1079 a
1462 1045 1630 1092 plurimis

236 1109 412 1151 Lutecia5
431 1107 497 1142 sed
514 1107 649 1142 rectius
669 1120 689 1141 a
708 1107 894 1141 Strabone
911 1106 1165 1151 onn070n1u3
1185 1119 1205 1142 a
1222 1109 1425 1143 Ptolemaeo
1445 1106 1629 1154 Παρισίων

238 1168 491 1213 Λουκοτεκιόι,
508 1182 578 1216 pro
597 1167 850 1213 Λουκοτοκίσι,
870 1182 889 1203 a
904 1181 1025 1216 graeco
1041 1169 1259 1214 λυκοτόκος,
1273 1170 1351 1216 lupi
1364 1177 1500 1215 mater,
1515 1171 1629 1206 latine

237 1232 455 1279 Lupzjmra,
470 1231 571 1266 unde
591 1230 851 1266 contractione
865 1232 1022 1279 Luparcz
1033 1259 1041 1269 ,
1058 1231 1173 1266 hodie
1193 1233 1228 1266 le
1246 1233 1385 1265 Lozwre
1396 1258 1407 1273 ‚
1424 1233 1526 1278 quod
1540 1233 1630 1267 alibi

237 1292 517 1327 demonstrabo.

289 1378 373 1412 cip.
396 1377 532 1411 LVIII.
560 1377 814 1411 Melodunum.
844 1376 968 1412 Hodie
992 1378 1134 1413 Melan.
1155 1377 1321 1424 Scaliger
1345 1378 1417 1413 hoc
1442 1379 1526 1413 loco
1555 1377 1629 1414 fide

236 1438 508 1472 nonnullorum
521 1437 696 1472 codicum
708 1438 879 1485 reposuit
891 1439 1156 1483 Metiosedum,
1174 1452 1256 1486 quae
1273 1439 1364 1474 urbs
1383 1440 1531 1475 diversa
1551 1454 1629 1475 non

235 1506 290 1534 est
310 1512 329 1533 a
348 1498 576 1543 Meloduno,
592 1498 700 1545 juxta
717 1501 762 1534 V.
777 1499 816 1535 C.
831 1500 1039 1536 D'Anville.
1055 1501 1183 1536 Codex
1204 1507 1334 1536 noster
1350 1501 1494 1548 regius,
1511 1500 1630 1548 5763,

234 1560 307 1595 hoc
327 1561 411 1595 loco
430 1561 544 1596 habet
557 1562 832 1605 Mellodunum,
856 1569 891 1597 et
913 1562 1010 1597 infra
1024 1563 1256 1606 Medodone,
1274 1570 1310 1598 et
1329 1576 1408 1610 cap.
1424 1563 1474 1598 60
1493 1564 1630 1599 iterum

233 1623 446 1657 Medodone
469 1635 539 1669 pro
562 1623 780 1658 lllellodone
806 1624 864 1658 vel
884 1623 1021 1659 rectius
1046 1625 1276 1659 Melloduno.
1301 1627 1347 1659 At
1366 1625 1486 1660 codex
1505 1625 1630 1672 regius

235 1681 334 1728 5764
347 1710 357 1728 ,
380 1691 479 1719 notae
497 1684 600 1719 haud
617 1684 807 1720 inferioris
826 1686 940 1721 habet
960 1686 1228 1729 Metiosedum,
1251 1693 1287 1721 et
1307 1687 1402 1721 infra
1423 1686 1480 1721 bis
1498 1687 1631 1722 Metio-

232 1746 340 1788 sedo,
363 1752 399 1780 et
421 1758 567 1790 rursus,
592 1759 671 1793 cap.
696 1746 740 1781 61
754 1775 763 1791 ,
784 1748 1044 1782 Metiosedum.
1065 1748 1165 1783 Urbs
1186 1749 1317 1783 eadem
1336 1755 1390 1783 est
1410 1748 1524 1795 igitur
1543 1750 1629 1784 Me-

233 1807 409 1841 loctunam
433 1814 469 1842 et
487 1808 746 1842 Metiosedum.
768 1809 867 1843 Male
888 1810 1034 1844 Sanson
1054 1816 1090 1843 et
1110 1809 1225 1844 Hadr.
1241 1811 1363 1844 Vales.
1384 1808 1509 1858 (Notit.
1534 1811 1628 1845 Gal-

233 1867 381 1916 liarum)
402 1870 538 1903 volunt
551 1870 799 1904 Metiosedum
819 1883 896 1905 esse
916 1870 1039 1905 vicum
1052 1882 1154 1905 nunc
1175 1871 1316 1905 dictum
1330 1871 1515 1914 Meudon,
1532 1871 1627 1906 infra

234 1929 436 1975 Lutetiam,
455 1930 494 1964 in
512 1937 641 1966 monte
660 1931 835 1977 positum.

286 2012 369 2047 CAP.
379 2014 555 2049 LXVIII.
565 2015 744 2050 Alesiam.
759 2017 867 2050 Nunc
881 2015 983 2050 vicus
995 2019 1028 2050 A
1033 2017 1110 2059 lise,
1127 2016 1233 2051 aliter
1247 2018 1278 2050 le
1294 2016 1408 2064 bourg
1419 2017 1467 2051 de
1481 2016 1629 2052 Sainte—

235 2074 365 2116 Reine,
392 2074 459 2109 ubi
478 2075 561 2110 fons
581 2076 769 2111 miraculis
787 2084 921 2112 sanetae
935 2077 1089 2124 Reginae
1109 2077 1283 2122 celebris,
1299 2077 1389 2112 olim
1406 2078 1497 2113 urbs
1516 2079 1629 2113 Man—

233 2135 456 2180 dubiorum,
476 2137 541 2183 qui
559 2137 598 2172 in
618 2138 829 2173 AEduorum
853 2138 1025 2174 clientela
1048 2146 1153 2174 erant
1175 2139 1377 2186 «primaria
1401 2139 1517 2174 totius
1539 2139 1626 2174 Cel-

231 2196 311 2231 ticae
330 2197 453 2242 sedes,
466 2199 694 2246 urbiumque
710 2207 830 2235 mater
845 2213 879 2244 »3
897 2201 1000 2235 unde
1018 2212 1136 2248 pagus
1156 2201 1422 2247 circumjacens
1433 2200 1555 2236 dictus
1575 2210 1629 2236 est

231 2258 428 2294 Alisiensis
436 2272 585 2307 pagus,
613 2261 783 2296 l'Auoeois
803 2274 853 2297 ou
872 2263 1070 2306 l'Aussois,
1098 2269 1133 2297 et
1153 2263 1186 2297 le
1206 2269 1314 2297 mont
1331 2263 1500 2306 Auoeois,
1522 2263 1627 2298 collis

231 2319 352 2355 editus
365 2320 432 2355 ubi
446 2328 524 2356 erat
538 2322 722 2370 oppidum
742 2324 883 2359 Alesia.
899 2325 953 2359 Ita
967 2323 1136 2359 scribunt
1147 2323 1277 2368 Caesar,
1287 2323 1445 2369 Plinius,
1457 2325 1606 2360 Tacitus
1616 2353 1625 2369 ,

229 2381 404 2427 Orosiu53
423 2383 542 2418 Graeci
560 2396 651 2419 vero
669 2386 887 2421 Plutarchus
908 2393 944 2421 et
962 2385 1154 2421 Diodorus
1175 2385 1527 2431 Siculus‚’A>m‹r1‘oe;
1547 2388 1623 2422 Po-

228 2443 366 2490 lyaenus
379 2441 579 2490 Ἀλοιια-ίιι,
593 2446 729 2482 rectius
749 2459 888 2495 graecus
905 2448 1090 2496 interpres
1109 2447 1261 2483 Caesaris
1280 2455 1317 2483 et
1332 2449 1528 2486 nonnullae
1543 2449 1624 2484 edi—

203 2529 205 2531 -
227 2505 350 2541 tiones
369 2507 516 2554 priscae,
537 2515 573 2544 et
594 2509 752 2553 Strabo,
778 2516 814 2545 et
835 2509 937 2545 Dion
951 2507 1298 2560 Cassiu5‚'A>=eZloe;
1312 2511 1476 2547 Velleius
1496 2513 1624 2546 Pater—

229 2567 332 2602 culus
357 2570 510 2605 Alexin.
535 2570 668 2606 Oritur
688 2571 788 2607 enim
812 2585 831 2606 a
857 2584 977 2620 graeco
999 2569 1159 2623 ἀλέξιοι,
1183 2573 1414 2618 auxiliatrix,
1435 2586 1515 2621 quae
1535 2573 1623 2621 opi-

228 2628 383 2673 tulatur,
403 2630 497 2666 sicut
523 2633 601 2679 Ops
618 2634 678 2668 vel
703 2634 796 2680 Opis
816 2634 881 2670 dea
893 2663 902 2679 ,
921 2635 1013 2670 sicut
1026 2636 1150 2680 Rhea,
1169 2648 1250 2683 quae
1266 2642 1390 2668 mater
1405 2635 1513 2669 deum
1528 2641 1623 2677 erat,
