1972 3356
344 268 413 304 116
553 272 591 306 C.
623 270 749 305 JULH
781 266 996 302 CAESARIS
1028 265 1510 304 COMMENTARIORUM

339 355 431 397 ritis
473 353 658 414 gratiam
698 350 915 394 referre.»
953 351 1046 392 Hac
1085 350 1282 393 oratione
1318 349 1486 405 habita,
1535 350 1724 395 discedit

338 433 577 477 Ambiorix.

400 515 608 558 XXVIII.
634 514 871 574 Arpineius
902 523 946 557 et
975 513 1151 568 Junius,
1184 528 1279 572 quae
1305 510 1544 568 audierint,
1582 511 1636 555 ad
1667 512 1724 556 le-

335 603 458 655 gatos
482 593 698 637 deferunt.
718 592 809 648 Illi,
830 593 1059 654 repentina
1077 609 1124 636 re
1141 591 1411 653 perturbati,
1432 591 1512 635 etsi
1532 591 1585 635 ab
1600 591 1724 635 hoste

333 691 384 718 ea
425 674 708 731 dicebantur,
749 691 837 718 non
880 685 1025 718 tamen
1063 673 1326 734 negligenda
1365 673 1673 717 existimabant
1713 691 1721 716 ε

333 756 609 815 maximeque
629 755 710 799 hac
728 771 773 798 re
791 754 1177 815 pel-movebantur,
1198 752 1336 813 quod,
1358 753 1583 797 civitatem
1606 754 1724 814 igno-

332 834 465 879 bilem
496 845 627 895 atque
655 833 868 879 humilem
894 835 1154 879 Eburonum
1181 850 1259 877 sua
1290 843 1444 894 sponte
1469 832 1633 894 populo
1653 851 1722 878 ro-

333 932 463 960 mano
491 915 657 960 bellurn
680 915 822 959 facere
849 931 1020 969 ausam,
1050 915 1123 957 vix
1146 923 1237 957 erat
1262 912 1542 957 credendum.
1572 916 1725 975 Itaque

332 996 386 1040 ad
414 995 647 1040 consilium
676 1012 769 1039 rem
793 994 1023 1050 deferunt;
1047 1010 1294 1055 magnaque
1321 995 1435 1036 inter
1460 1010 1532 1037 eos
1556 995 1725 1039 exsistit

330 1077 642 1121 controversia.
662 1078 712 1119 L.
733 1073 1085 1130 Aurunculeius,
1106 1072 1443 1134 compluresque
1463 1074 1630 1118 tribuni
1651 1076 1726 1118 mi-

330 1155 479 1212 litum,
504 1166 546 1199 et
570 1156 816 1216 primorum
834 1154 1042 1199 ordinum
1061 1153 1363 1210 centuriones,
1390 1173 1409 1194 α
1429 1154 1539 1198 nihil
1562 1165 1725 1199 temere

329 1236 573 1298 agendum,
608 1253 747 1297 neque
778 1253 830 1279 ex
864 1235 1061 1279 hibernis
1094 1234 1262 1295 injussu
1288 1235 1469 1278 Caesaris
1501 1234 1725 1279 disceden-

329 1316 454 1374 dum,
470 1317 780 1361 existimabant
799 1333 807 1359 :
825 1316 1081 1377 quantasvis
1102 1332 1282 1376 magnas
1297 1316 1428 1358 etiam
1449 1317 1598 1376 copias
1615 1317 1725 1360 Ger-

329 1414 561 1441 manorum
598 1398 801 1441 sustineri
838 1413 963 1458 posse
1005 1396 1187 1440 munitis
1218 1396 1436 1452 hibernis,
1473 1395 1722 1459 docebant:

328 1493 421 1521 rem
456 1494 546 1521 esse
579 1478 856 1533 testimonio,
885 1477 1005 1537 quod
1036 1478 1229 1537 primum
1259 1477 1453 1520 hostium
1481 1477 1723 1538 impetum,

330 1556 479 1601 multis
509 1557 627 1601 ultro
659 1556 916 1601 vulneribus
950 1556 1102 1610 illatis,
1131 1556 1367 1600 fortissime
1399 1557 1721 1601 sustinuerint:

329 1655 375 1682 re
404 1638 692 1682 frumentaria
727 1655 815 1682 non
849 1638 991 1698 premi
1021 1654 1030 1680 ε
1060 1638 1227 1680 interea
1260 1646 1301 1680 et
1328 1653 1379 1680 ex
1419 1638 1630 1697 proximis
1658 1639 1724 1681 hi-

328 1719 495 1771 bernis,
519 1729 560 1763 ct
577 1737 601 1763 a
616 1721 786 1764 Caesare
810 1728 1084 1763 conventura
1107 1717 1299 1761 subsidia
1321 1735 1329 1760 :
1350 1727 1591 1778 postremo,
1615 1718 1722 1779 quid

328 1817 420 1844 esse
446 1799 585 1844 levius
608 1810 684 1844 aut
703 1801 895 1861 turpius,
917 1815 1075 1859 quam,
1095 1807 1274 1842 auctore
1294 1798 1439 1854 hoste,
1464 1799 1516 1843 de
1540 1800 1722 1844 summis

328 1881 457 1924 rebus
487 1898 641 1942 capere
671 1878 929 1924 consilium?
951 1900 971 1920 n

391 1963 558 2005 XXIX.
585 1962 752 2004 Contra
772 1977 822 2004 ea
841 1960 1060 2015 Titurius,
1085 1977 1181 2004 sero
1204 1960 1420 2017 facturos,
1445 1959 1720 2019 clamitabat,

327 2058 464 2101 quum
484 2041 672 2101 majores
689 2041 885 2084 hostium
904 2057 1081 2096 manus,
1103 2040 1322 2101 adjunctis
1338 2041 1595 2097 Germanis,
1614 2059 1720 2086 con-

327 2122 570 2178 venissent,
594 2130 668 2164 aut
693 2138 829 2181 quum
859 2120 1027 2182 aliquid
1053 2119 1316 2164 calamitatis
1344 2121 1387 2163 in
1417 2122 1628 2182 proximis
1654 2123 1721 2166 hi-

325 2201 471 2245 bernis
496 2211 606 2245 esset
630 2211 858 2262 acceptum
885 2218 893 2244 :
918 2201 1098 2245 brevem
1123 2200 1384 2245 consulendi
1406 2218 1498 2245 esse
1528 2203 1720 2247 occasio-

326 2298 427 2325 nem
459 2299 468 2324 :
497 2284 713 2326 Caesarem
742 2281 949 2325 arbitrari
978 2281 1226 2341 profectum
1258 2282 1304 2324 in
1333 2280 1505 2325 Italiam
1536 2299 1544 2326 :
1578 2300 1720 2342 neque

325 2360 452 2405 aliter
492 2363 710 2406 Carnutes
750 2361 1043 2405 interficiendi
1081 2362 1271 2422 Tasgetii
1316 2361 1548 2406 consilium
1588 2362 1719 2406 fuisse

326 2451 553 2502 capturos,
596 2459 736 2503 neque
776 2442 1028 2497 Eburones,
1066 2442 1101 2485 si
1135 2440 1207 2485 ille
1237 2441 1427 2499 adesset,
1466 2452 1584 2486 tanta
1616 2460 1717 2488 cum

325 2523 655 2583 contemptione
673 2523 813 2566 nostri
829 2521 884 2566 ad
901 2532 1042 2566 castra
1063 2532 1272 2566 venturos
1292 2539 1381 2566 esse
1401 2539 1410 2565 ε
1433 2539 1520 2565 non
1546 2522 1716 2568 hostem

325 2612 571 2659 auctorem,
605 2602 680 2647 sed
711 2619 806 2647 rem
835 2612 1052 2664 spectare;
1085 2602 1261 2647 subesse
1292 2602 1519 2655 Rhenum;
1556 2619 1715 2664 magno

326 2698 416 2725 esse
449 2684 684 2728 Germanis
721 2682 862 2728 dolori
901 2683 1109 2728 Ariovisti
1145 2692 1355 2739 mortem,
1391 2692 1435 2725 et
1469 2684 1715 2743 superiores
