1972 3356
359 269 430 306 292
593 257 632 289 (Σ.
662 253 789 288 JULII
819 251 1037 286 CAESARIS
1067 249 1328 285 COMMENT.
1360 251 1507 284 LIBER

356 352 464 384 turae
499 337 631 381 millia
668 354 705 378 x.
744 339 839 378 Hoc
876 335 946 377 die
979 338 1024 377 A.
1067 333 1258 388 Baebius,
1297 343 1339 376 et
1375 336 1422 377 C.
1462 331 1664 385 Flavius,
1696 342 1738 374 et

356 425 408 465 A.
436 416 703 471 Trebellius,
737 416 902 475 equites
931 413 1101 458 romani
1138 422 1349 469 astenses,
1385 421 1566 472 argento
1603 427 1738 472 prope

357 500 456 543 tecti
480 498 646 558 equites
670 495 724 539 ad
745 498 959 540 Caesarem
978 493 1330 554 transfugerunt;
1355 493 1428 552 qui
1451 493 1712 535 nuntiarunt
1727 526 1738 545 ,

356 580 524 640 equites
553 593 757 621 romanos
781 576 1033 636 conjurasse
1056 590 1232 628 omnes,
1260 573 1334 633 qui
1365 574 1409 616 in
1436 573 1588 616 castris
1609 575 1738 616 Pom-

357 660 444 721 peii
469 667 639 711 essent,
667 667 716 700 ut
743 656 1045 700 transitionem
1072 654 1284 708 facerent,
1312 655 1425 697 servi
1456 652 1617 696 indicio
1642 669 1739 696 om-

360 756 434 784 nes
464 740 507 783 in
545 737 791 782 custodiam
832 753 924 780 esse
953 737 1193 796 conjectos,
1231 752 1253 778 e
1287 734 1475 794 quibus,
1515 734 1742 777 occasione

359 830 485 881 capta
501 854 512 875 ,
546 836 590 863 se
613 817 909 879 transfugisse.
935 820 1046 861 Item
1074 817 1158 860 hoc
1187 815 1257 859 die
1285 814 1438 858 litterae
1463 824 1565 858 sunt
1591 813 1744 874 depre-

360 902 527 956 hensae,
563 916 672 960 quas
700 897 902 941 mittebat
923 899 1167 941 Ursaonem
1196 899 1276 941 Cn.
1299 895 1544 956 Pompeius.
1571 914 1591 935 «
1616 895 1659 938 S.
1688 895 1741 936 V.

360 983 414 1026 G.
449 983 499 1024 E.
540 981 594 1024 V.
626 979 741 1033 Etsi,
767 986 899 1038 prout
931 986 1079 1020 nostra
1105 976 1310 1031 felicitas,
1336 993 1387 1019 ex
1426 976 1639 1019 sententia
1671 973 1745 1018 ad-

363 1061 574 1104 versarios
613 1058 758 1102 adhuc
789 1055 1020 1117 propulsos
1056 1056 1295 1111 habemus,
1331 1065 1502 1110 tamen,
1547 1055 1581 1098 si
1620 1071 1745 1114 aequo

361 1140 457 1183 loco
478 1140 543 1183 sui
568 1147 826 1199 potestatem
854 1137 1074 1190 facerent,
1099 1134 1304 1190 celerius,
1328 1151 1459 1195 quam
1486 1144 1625 1178 vestra
1649 1135 1746 1194 opi-

362 1221 434 1264 nio
460 1220 564 1275 fert,
580 1217 744 1262 bellum
765 1216 1059 1261 confecissem.
1079 1215 1163 1259 Sed
1184 1216 1422 1259 exercitum
1441 1215 1629 1258 tironem
1656 1230 1745 1258 non

361 1300 580 1344 audentin
598 1315 802 1360 campum
823 1296 1059 1353 deducere,
1086 1297 1333 1356 nostrisque
1360 1294 1503 1339 adhuc
1521 1294 1620 1338 freti
1644 1311 1748 1355 prae-

362 1381 501 1436 sidiis,
526 1379 686 1424 bellum
711 1378 877 1423 ducunt
905 1395 914 1421 :
942 1394 1040 1421 nam
1068 1376 1262 1438 singulas
1289 1378 1486 1420 civitates
1514 1376 1749 1419 circumse-

363 1463 544 1518 deruut3
573 1461 674 1506 inde
700 1461 782 1505 sibi
795 1470 1062 1504 commeatus
1088 1460 1281 1520 capiunt.
1312 1459 1462 1515 Quare
1485 1467 1529 1502 et
1550 1458 1748 1501 civitates

366 1552 615 1587 nostrarum
652 1542 843 1602 partium
872 1540 1162 1592 conservabo,
1193 1548 1235 1582 et
1270 1537 1433 1581 bellum
1473 1538 1613 1598 primo
1642 1554 1749 1597 quo-

364 1640 448 1683 que
474 1634 673 1683 tempore
692 1621 935 1665 conficiam.
958 1620 1174 1664 Cohortes
1200 1620 1242 1661 in
1264 1619 1410 1662 animo
1431 1618 1570 1661 habeo
1593 1617 1647 1660 ad
1673 1634 1747 1660 vos

365 1703 549 1746 mittere.
563 1701 767 1746 Profecto
782 1710 932 1744 nostro
953 1709 1203 1744 commeatu
1225 1699 1411 1758 privati,
1435 1698 1678 1741 necessario
1692 1697 1747 1740 ad

365 1782 661 1825 dimicandum
687 1779 966 1823 descendent.
993 1799 1013 1819 »

429 1863 615 1907 XXVII.
649 1861 902 1922 Insequenti
932 1870 1128 1921 tempore
1160 1877 1298 1920 quum
1330 1860 1470 1903 nostri
1507 1869 1670 1903 temere
1704 1859 1747 1901 in

366 1960 495 2004 opere
513 1942 688 1986 distenti
709 1951 872 1997 essent,
898 1944 1064 2001 equites
1087 1942 1130 1984 in
1155 1940 1337 1989 oliveto,
1364 1940 1468 1984 dum
1499 1939 1747 2001 lignantur‚

368 2024 583 2068 interfecti
607 2033 710 2067 sunt
735 2021 915 2083 aliquot.
944 2022 1066 2066 Servi
1093 2021 1441 2082 transfugerunt,
1473 2022 1548 2081 qui
1575 2021 1750 2064 nuntia-

367 2113 547 2158 verunt,
576 2121 614 2148 a.
641 2103 682 2147 d.
716 2119 768 2147 111
792 2119 1006 2146 nonarum
1039 2103 1182 2145 martii
1205 2100 1435 2162 proelium,
1462 2100 1515 2145 ad
1540 2101 1747 2145 Soritiam

366 2184 486 2245 quod
506 2184 671 2228 factum
700 2194 788 2238 est,
814 2199 864 2226 ex
894 2199 946 2226 eo
974 2191 1169 2242 tempore
1196 2192 1361 2225 metum
1393 2198 1484 2225 esse
1517 2197 1749 2242 magnum,

368 2275 406 2308 et
435 2266 600 2310 Attium
646 2267 814 2308 Varum
844 2264 1006 2308 circum
1038 2261 1213 2306 castella
1242 2279 1435 2323 praeesse.
1475 2261 1643 2306 Eodem
1676 2261 1751 2317 ,die

367 2346 602 2406 Pompeius
642 2355 782 2389 castra
820 2345 977 2400 movit,
1005 2353 1046 2387 et
1090 2354 1243 2389 contra
1269 2341 1481 2404 Hispalim
1514 2344 1557 2386 in
1589 2341 1750 2386 oliveto

371 2426 580 2470 constitit.
617 2429 761 2471 Caesar
797 2426 918 2486 prius
943 2440 1074 2484 quam
1098 2423 1249 2467 eodem
1272 2433 1336 2467 est
1360 2423 1579 2483 profectus
1597 2458 1608 2480 ,
1647 2422 1749 2467 luna

369 2507 476 2551 hora
497 2507 672 2551 circiter
690 2523 735 2550 v1
760 2507 853 2550 visa
878 2515 956 2549 est.
979 2506 1046 2548 Ita
1070 2505 1220 2548 castris
1243 2506 1371 2548 motis
1390 2504 1606 2559 Ucubim,
1625 2506 1754 2547 Pom-

370 2588 492 2646 peius
520 2586 769 2648 praesidium
794 2622 805 2642 ,
841 2585 958 2646 quod
986 2584 1188 2646 reliquit,
1216 2585 1342 2645 jussit
1374 2584 1680 2639 incenderent,
1710 2593 1753 2627 et

372 2666 522 2711 deusto
536 2667 700 2729 oppido
727 2669 770 2712 in
800 2677 939 2712 castra
967 2667 1131 2726 majora
1154 2683 1197 2710 se
1221 2667 1476 2727 reciperent.
1501 2665 1753 2724 Insequenti
