1972 3356
564 219 631 255 DE
659 219 824 255 BELLo
855 220 1009 255 ‹.:1viL1
1043 219 1134 253 ΜΒ.
1167 220 1234 254 111.
1532 224 1603 271 139

216 305 394 369 quando
426 304 531 367 quid
560 306 794 367 Pompeius
823 305 990 349 tardius
1020 314 1096 350 aut
1133 305 1449 351 consideratius
1483 309 1601 355 face-

215 399 282 433 ret
302 424 313 445 ,
339 409 360 430 «
380 389 510 432 unius
537 403 628 432 esse
653 387 882 450 negotium
911 385 1020 443 diei,
1047 385 1119 431 sed
1142 385 1262 431 illum
1289 388 1497 434 delectari
1523 391 1604 434 im-

217 471 339 531 perio
357 505 368 526 ,
397 480 440 514 et
465 467 716 513 consulares
738 467 1054 528 praetoriosque
1075 484 1301 513 servorum
1336 470 1496 516 habere
1524 489 1605 516 nu·

214 568 357 607 mero,
379 570 400 592 ι)
428 550 638 594 dicerent.
667 551 853 607 Jamque
878 549 991 591 inter
1016 564 1060 592 se
1085 548 1229 609 palam
1257 550 1311 594 de
1338 554 1526 612 praemiis
1553 570 1603 597 ac

216 630 469 676 sacerdotiis
498 628 848 683 contendebant,
870 628 912 671 in
942 645 1171 689 annosque
1191 630 1470 676 consulatum
1494 634 1602 678 defi-

214 711 419 766 niebant;
443 709 516 754 alii
536 709 689 754 domos
707 709 909 770 bonaque
926 725 1077 753 eorum
1099 744 1110 764 ‚
1139 711 1213 770 qui
1242 712 1285 755 in
1305 714 1456 757 castris
1477 726 1603 760 erant

213 793 417 849 Caesaris,
445 791 654 852 petebant
677 807 685 833 :
712 806 960 852 magnaque
990 791 1102 835 inter
1125 808 1198 835 eos
1224 793 1267 837 in
1302 794 1488 838 consilio
1521 796 1602 840 fuit

212 873 530 929 controversia,
561 881 842 933 oporteretne
863 873 913 916 L.
939 873 1090 930 Hirri,
1121 873 1240 934 quod
1271 876 1305 918 is
1335 891 1357 918 a
1392 877 1602 938 Pompeio

209 954 263 998 ad
296 954 484 999 Parthos
526 954 683 997 missus
723 962 860 1009 esset,
903 954 1114 1015 proximis
1159 956 1348 1000 comitiis
1387 960 1602 1018 praetoriis

209 1035 402 1080 absentis
435 1036 651 1080 rationem
690 1034 867 1091 haberi3
898 1051 1034 1095 quum
1068 1036 1161 1097 ejus
1198 1039 1429 1082 necessarii
1469 1039 1600 1084 fidem

211 1116 502 1179 implorarent
528 1117 755 1177 Pompeii,
784 1125 1009 1177 praestaret
1028 1152 1039 1172 ,
1068 1117 1186 1178 quod
1213 1118 1509 1179 proficiscenti
1538 1138 1604 1165 re-

209 1200 419 1260 cepisset,
445 1216 500 1243 ne
526 1215 605 1260 per
637 1198 729 1258 ejus
760 1198 1068 1242 auctoritatem
1103 1199 1312 1261 deceptus
1345 1201 1600 1259 videretur;

207 1279 391 1342 reliqui,
420 1282 464 1325 in
490 1279 641 1325 labore
671 1281 762 1341 pari
794 1296 843 1324 ac
873 1279 1087 1341 periculo,
1115 1298 1170 1325 ne
1201 1298 1316 1326 unus
1344 1299 1497 1328 omnes
1524 1302 1600 1328 an-

207 1362 424 1407 tecederet
443 1397 454 1418 ‚
485 1370 753 1407 recusarent.

272 1445 524 1488 LXXXIII.
552 1446 646 1488 Jam
678 1443 732 1487 de
759 1443 1004 1487 sacerdotio
1028 1444 1213 1488 Caesaris
1243 1447 1485 1502 Domitius,
1507 1449 1600 1492 Sci-

206 1525 308 1585 pio,
345 1523 648 1585 Lentulusque
684 1524 909 1585 Spinther,
940 1524 1211 1585 quotidianis
1242 1528 1601 1573 contentionibus

204 1605 259 1650 ad
298 1607 575 1668 gravissimas
609 1605 845 1649 verborum
876 1605 1166 1650 contumelias
1191 1605 1336 1668 palam
1364 1607 1602 1654 descende-

203 1697 333 1742 runt,
366 1703 503 1748 quum
536 1686 752 1731 Lentulus
787 1687 925 1730 aetatis
957 1687 1173 1731 honorem
1208 1698 1478 1749 ostentaret,
1511 1693 1602 1735 Do-

205 1769 356 1813 mitius
381 1768 597 1812 urbanam
627 1768 813 1829 gratiam
842 1767 1189 1829 dignitatemque
1209 1770 1423 1830 jactaret,
1453 1773 1601 1834 Scipio

205 1849 417 1894 affinitate
441 1849 641 1911 Pompeii
671 1848 924 1893 confideret.
958 1848 1206 1894 Postulavit
1238 1852 1370 1895 etiam
1400 1854 1449 1896 L.
1472 1853 1600 1898 Afra-

205 1932 329 1975 nium
373 1930 636 1993 proditionis
682 1931 896 1975 exercitus
930 1931 1076 1975 Attius
1117 1932 1261 1976 Rufus
1299 1934 1419 1995 apud
1468 1937 1600 1979 Pom-

203 2013 380 2073 peium,
407 2011 527 2073 quod
559 2021 727 2074 gestum
762 2013 803 2055 in
836 2012 1048 2073 Hispania
1083 2012 1260 2058 ‹licei-et.
1289 2017 1344 2059 Et
1367 2017 1416 2059 L.
1443 2017 1599 2062 Domi-

204 2093 291 2137 tius
313 2094 357 2137 in
375 2091 559 2138 consilio
579 2092 712 2150 dixit,
739 2092 911 2155 placere
932 2094 1038 2150 sibi,
1065 2093 1179 2139 bello
1203 2095 1426 2154 confecto,
1451 2107 1596 2143 ternas

204 2173 386 2219 tabellas
409 2175 503 2219 dari
529 2174 583 2219 ad
605 2174 892 2236 judicandum
918 2177 987 2231 iis,
1016 2177 1091 2237 qui
1119 2176 1287 2221 ordinis
1314 2188 1457 2222 essent
1478 2197 1599 2225 sena-

202 2256 330 2314 torii,
361 2255 563 2318 belloque
591 2273 678 2301 una
709 2273 809 2301 cum
841 2257 944 2319 ipsis
974 2257 1302 2315 interfuissent,
1330 2263 1594 2306 sententias-

202 2353 288 2398 que
324 2336 379 2382 de
409 2337 591 2400 singulis
619 2338 807 2394 ferrent,
835 2340 910 2400 qui
945 2342 1097 2384 Romae
1131 2342 1470 2398 remansissent,
1501 2344 1597 2404 qui-

201 2434 285 2478 que
303 2419 420 2463 intra
438 2419 637 2481 praesidia
661 2421 859 2481 Pompeii
880 2420 1088 2476 fuissent,
1115 2438 1260 2483 neque
1279 2440 1458 2484 operam
1482 2425 1526 2470 in
1551 2441 1597 2469 re

201 2498 379 2544 militari
403 2502 706 2562 praestitissent
730 2519 739 2545 :
766 2518 899 2546 unam
924 2502 1016 2546 sore
1035 2502 1241 2547 tabellam
1259 2539 1270 2560 ,
1300 2505 1374 2565 qui
1404 2504 1596 2549 liberan-

200 2580 278 2625 «los
307 2584 427 2626 omni
452 2581 649 2644 periculo
675 2593 923 2641 censerent-3
947 2583 1156 2641 alteram,
1187 2586 1262 2646 qui
1283 2586 1439 2647 capitis
1469 2586 1595 2631 dam-

200 2673 380 2721 narent;
410 2664 604 2720 tertiam,
627 2665 702 2725 qui
724 2666 906 2726 pecunia
935 2665 1219 2711 mulctarent.
1247 2669 1480 2713 Postremo
1501 2685 1596 2712 om-
