1972 3356
323 209 372 244 68
535 210 572 244 C.
600 208 730 243 JULII
760 207 978 242 CAESARIS
1011 207 1502 244 COMMENTARIORUM

322 296 376 338 sit
407 293 634 353 cognitum
677 290 731 334 de
757 291 901 335 edicto
936 291 1118 335 Caesaris
1139 325 1150 347 ,
1182 293 1452 336 consensisse
1475 293 1721 339 Gaditanos

320 374 542 435 principes
582 388 685 416 cum
727 373 917 416 tribunis
947 371 1221 427 cohortium,
1258 389 1356 433 quae
1397 384 1541 417 essent
1581 375 1640 417 ibi
1679 376 1720 418 in

320 456 545 518 praesidio,
583 467 631 501 ut
656 456 913 502 Gallonium
947 474 999 501 ex
1039 456 1205 518 oppido
1240 455 1529 518 expellerent,
1569 458 1722 502 urbem

321 538 597 600 insulamque
622 540 783 584 Caesari
807 549 1050 583 servarent.
1079 542 1174 583 Hoc
1195 539 1304 582 inito
1330 537 1534 595 consilio,
1561 539 1724 584 denun-

323 621 497 665 tiavisse
523 619 758 677 Gallonio,
787 630 836 664 ut
866 637 943 665 sua
977 630 1157 682 sponte,
1184 620 1289 664 dum
1325 621 1418 664 sine
1446 619 1641 681 periculo
1672 620 1725 664 li-

319 713 458 760 ceret,
485 702 713 748 excederet
740 702 966 760 Gadibus,
993 703 1028 746 si
1053 701 1097 746 id
1124 719 1212 746 non
1247 702 1442 758 fecisset,
1469 702 1548 745 sibi
1584 703 1726 746 consi·

320 784 428 829 lium
446 794 655 846 capturos
676 802 684 827 t
707 785 792 828 hoc
807 785 966 828 timore
983 783 1223 828 adductum
1242 782 1500 827 Gallonium
1523 783 1724 827 Gadibus

322 866 568 910 excessisse.
592 867 670 910 His
697 866 885 927 cognitis
914 865 1073 922 rebus,
1101 864 1239 908 altera
1260 882 1312 909 ex
1341 864 1512 908 duabus
1539 863 1724 926 legioni-

321 947 429 1004 bus,
458 964 554 1008 quae
580 946 831 992 Vernacula
862 945 1191 1008 appellabatur,
1217 963 1270 990 ex
1305 947 1458 990 castris
1486 947 1723 1002 Varronis,

321 1029 523 1073 adstante
576 1039 618 1072 et
668 1030 941 1090 inspectante
990 1029 1085 1088 ipso
1111 1063 1121 1083 ,
1173 1029 1296 1089 signa
1346 1026 1522 1071 sustulit
1545 1062 1555 1082 ‚
1607 1044 1723 1071 sese-

320 1125 406 1170 que
445 1108 647 1171 Hispalin
679 1110 870 1171 recepit,
907 1118 1039 1169 atque
1080 1109 1123 1152 in
1160 1108 1256 1152 foro
1294 1118 1335 1151 et
1364 1108 1606 1168 porticibus
1633 1110 1725 1152 sine

321 1189 536 1234 maleficio
585 1190 798 1235 consedit.
836 1190 971 1248 Quod
996 1190 1159 1234 factum
1191 1189 1300 1233 adeo
1350 1190 1443 1249 ejus
1480 1199 1725 1234 conventus

320 1272 437 1316 cives
477 1273 649 1316 romani
684 1273 1111 1334 comprobaverunt,
1147 1282 1195 1315 ut
1229 1270 1409 1315 domum
1445 1271 1500 1315 ad
1533 1287 1577 1316 se
1601 1271 1723 1332 quis-

321 1370 407 1414 que
421 1353 617 1415 hospitio
642 1354 927 1415 cupidissime
954 1354 1183 1415 reciperet.
1205 1353 1385 1410 Quibus
1404 1353 1535 1397 rebus
1557 1363 1724 1414 perter-

320 1436 430 1479 ritus
446 1437 611 1492 Varro,
637 1452 774 1496 quum
792 1470 803 1492 ,
828 1436 982 1480 itinere
1008 1451 1242 1489 converso,
1269 1451 1360 1479 sese
1391 1433 1591 1478 Italicam
1618 1451 1724 1478 ven-

321 1527 471 1560 turum
500 1517 792 1577 promisisset,
819 1517 982 1561 certior
1009 1516 1062 1560 ab
1087 1517 1174 1560 suis
1206 1515 1345 1560 factus
1375 1526 1464 1572 est,
1490 1514 1722 1577 praeclusas

321 1613 413 1640 esse
438 1607 602 1658 portas.
625 1599 739 1641 Tum
764 1614 869 1641 vero
887 1632 898 1654 ,
923 1598 1043 1641 omni
1068 1595 1330 1641 interclusus
1359 1597 1514 1640 itinere
1533 1631 1544 1650 ‚
1563 1596 1619 1640 ad
1635 1598 1725 1640 Cae-

323 1694 464 1722 sarem
501 1679 661 1733 mittit,
692 1688 896 1739 paratum
928 1695 972 1721 se
997 1695 1109 1734 esse,
1140 1676 1380 1739 legionem,
1416 1678 1486 1722 cui
1515 1677 1721 1738 jusserit,

322 1759 510 1802 tradere.
540 1757 618 1802 Ille
649 1758 703 1802 ad
733 1775 834 1803 eum
869 1761 988 1802 Sext.
1015 1762 1232 1803 Caesarem
1266 1759 1419 1813 mittit,
1451 1768 1583 1819 atque
1620 1759 1724 1803 huic

321 1840 437 1884 tradi
455 1839 591 1900 jubet.
609 1839 792 1883 Tradita
823 1838 1019 1901 legione,
1045 1841 1189 1883 Varro
1215 1839 1470 1884 Cordubam
1496 1839 1552 1883 ad
1584 1841 1725 1884 Caesa-

321 1939 415 1965 rem
445 1922 564 1965 venit
588 1939 596 1965 :
620 1920 768 1965 relatis
788 1921 844 1965 ad
871 1938 972 1965 cum
999 1920 1187 1983 publicis
1214 1938 1315 1965 cum
1342 1920 1427 1965 fide
1452 1921 1722 1975 rationibus,

320 2002 440 2064 quod
467 2019 598 2064 penes
623 2019 723 2047 eum
763 2012 828 2046 est
863 2003 1084 2063 pecuniae,
1122 2002 1280 2059 tradit,
1312 2013 1381 2060 et,
1410 2001 1530 2063 quod
1559 2003 1723 2064 ubique

321 2084 479 2129 habeat
505 2084 715 2128 frumenti
744 2100 795 2128 ac
823 2084 1028 2139 navium,
1056 2083 1264 2129 ostendit.

384 2167 506 2209 XXI.
536 2168 700 2222 Caesar,
729 2166 940 2210 concione
965 2166 1116 2210 habita
1146 2165 1386 2223 Cordubae,
1411 2166 1617 2211 omnibus
1647 2184 1721 2229 ge-

322 2248 508 2291 neratim
535 2248 697 2309 gratias
729 2248 821 2308 agit
858 2264 867 2290 :
903 2247 1072 2291 civibus
1112 2248 1327 2304 romanis,
1358 2247 1478 2308 quod
1506 2248 1722 2310 oppidum

323 2331 366 2373 in
394 2347 471 2375 sua
493 2339 708 2391 potestate
733 2328 1004 2375 studuissent
1023 2330 1203 2385 habere,
1225 2331 1430 2391 Hispanis
1447 2365 1457 2385 ,
1476 2329 1594 2391 quod
1607 2347 1719 2391 prae-

323 2410 431 2454 sidia
459 2410 753 2472 expulissent,
785 2409 1044 2467 Gaditanis,
1073 2410 1192 2471 quod
1230 2421 1413 2455 conatus
1446 2411 1719 2455 adversario-

324 2509 421 2535 rum
468 2491 767 2554 infregissent,
813 2507 994 2552 seseque
1041 2492 1085 2535 in
1112 2491 1357 2536 libertatem
1401 2491 1718 2547 vindicassent3

324 2573 512 2617 tribunis
536 2572 725 2617 militum
748 2573 1191 2634 centurionibusque,
1207 2574 1283 2634 qui
1307 2590 1357 2617 eo
1377 2571 1566 2634 praesidii
1587 2589 1717 2617 causa

326 2664 533 2698 venerant
551 2690 561 2712 ,
576 2654 694 2715 quod
712 2671 865 2700 eorum
882 2653 1062 2699 consilia
1083 2672 1161 2700 sua
1180 2656 1341 2699 virtute
1357 2653 1689 2699 confirmassent
1708 2672 1716 2698 :
