1972 3356
329 297 401 330 272
741 282 894 316 NOTAE
924 281 978 314 IN
1009 281 1209 316 LIBRUM
1240 282 1314 315 vu

327 364 422 398 sicut
436 362 568 397 Alesia
595 360 682 404 dea,
704 360 763 394 vel
784 359 942 407 Cybele,
961 365 1079 393 mater
1102 358 1255 392 urbium
1278 364 1313 392 et
1333 357 1511 401 turrium,
1532 370 1642 404 quam
1667 371 1729 393 co-

326 425 457 459 lebant
466 422 581 457 AEdui
591 449 599 465 ‚
608 421 702 456 sieut
714 421 974 455 Notre-Dame
987 420 1034 453 de
1047 420 1118 454 hon
1133 431 1278 454 secours
1289 419 1350 453 vel
1365 418 1636 461 §acme-Reme,
1647 431 1729 466 quae

327 485 534 520 etiamnum
553 484 609 518 ibi
629 483 765 518 colitur
784 483 823 517 in
843 483 920 517 imo
940 490 1070 517 monte
1093 483 1249 525 Alexio,
1265 482 1360 516 sicut
1379 479 1626 526 Berecynthia
1650 493 1728 528 quae

328 561 346 581 a
362 546 534 594 Phrygiis
548 546 587 580 in
602 553 730 580 monte
744 545 993 592 Berecynthio
1007 545 1212 579 colebatur.
1223 542 1461 591 Etymologia
1485 542 1599 589 igitur
1618 542 1729 578 docet

328 612 362 644 A
367 610 509 643 [exiam
528 621 607 643 esse
622 607 823 643 lectionem
843 607 1043 655 genuinam
1053 634 1062 651 ,
1075 613 1205 641 contra
1218 603 1603 648 Vossium,Ursinum
1615 612 1650 640 et
1661 605 1727 642 Ca-

329 672 555 715 saubonem3
570 677 606 705 et
618 670 752 705 urbem
768 670 948 704 Alexiam
962 682 982 703 a
996 669 1094 703 cultu
1106 668 1271 711 Alexiaz
1284 668 1344 702 vel
1363 667 1456 714 Opis
1470 673 1532 701 aut
1544 667 1727 715 Berecyn—

328 733 413 767 thiae
423 732 525 779 apud
532 732 690 775 AEduos,
699 731 815 766 totius
825 731 972 766 Celticae
979 730 1199 777 primariam
1212 729 1337 764 sedem
1347 728 1568 763 obtinuisse.
1579 730 1634 764 Re
1643 730 1728 776 qui-

329 795 415 829 dem
436 795 533 842 ipsa,
553 793 746 828 Diodorus
766 792 930 837 Siculus,
949 793 1068 835 Biha,
1091 792 1156 827 lib.
1179 804 1238 835 1V‚
1262 791 1312 825 ait
1331 791 1530 825 Herculem
1551 791 1648 825 hanc
1668 803 1728 825 ur-

329 857 417 892 bem
448 856 634 904 praeclarae
659 854 931 902 magnitudinis
963 854 1205 895 exstruxisse,
1234 860 1269 887 et
1295 866 1315 887 a
1340 852 1481 886 militiae
1506 865 1576 887 sua’
1602 865 1727 888 errore

330 918 492 953 Alesiam
507 913 705 965 (Annam)
721 928 973 962 nuncupasse,
984 928 1120 963 nempe
1135 929 1155 950 a
1175 927 1295 963 graeco
1316 917 1390 950 εἰλη
1402 942 1410 958 ,
1427 927 1550 957 error,
1566 911 1728 957 ἀλήτης,

330 992 415 1014 erro
431 1007 440 1023 ‚
466 991 598 1026 vagus3
618 978 684 1013 sed
712 985 810 1013 certe
834 978 913 1024 ipse
937 984 1054 1020 errat,
1073 984 1107 1012 et
1132 978 1210 1012 haec
1236 977 1461 1025 etymologia
1482 989 1584 1011 mera
1603 977 1726 1012 fabula

331 1049 395 1076 est.
422 1041 461 1076 Si
487 1042 521 1076 ei
546 1041 736 1083 credatur,
762 1040 838 1073 haec
864 1039 970 1081 urbs,
996 1039 1114 1085 ipsius
1139 1045 1262 1082 aetate,
1295 1051 1444 1085 quoque
1474 1038 1511 1072 in
1541 1039 1727 1086 praecipuo

331 1103 445 1138 Celtis
466 1110 544 1137 erat
563 1103 730 1145 honore,
751 1100 891 1147 quippe
914 1100 1091 1147 primaria
1120 1099 1232 1134 totius
1254 1100 1401 1134 Celticae
1423 1100 1547 1142 sedes,
1566 1100 1727 1134 urbium-

329 1176 399 1212 que
426 1172 563 1206 mater,
595 1170 629 1198 et
657 1175 725 1210 per
745 1174 875 1197 omnes
901 1169 1027 1196 aetates
1046 1162 1094 1196 ab
1121 1161 1281 1195 Hercule
1309 1161 1519 1196 libertatem
1543 1160 1728 1196 defende-

330 1233 403 1269 rat,
427 1238 495 1260 nec
515 1237 678 1272 unquam
699 1231 805 1271 capta
834 1231 930 1268 erat,
955 1237 1069 1271 usque
1089 1224 1135 1259 ad
1162 1230 1307 1270 tempus
1327 1222 1496 1266 Caesaris,
1516 1222 1580 1270 qui
1598 1223 1635 1257 vi
1661 1235 1718 1258 ex-

330 1288 530 1335 pugnavit,
550 1295 586 1322 et
606 1287 643 1321 in
664 1287 923 1321 Romanorum
946 1294 1170 1334 potestatem
1190 1285 1348 1333 redegit.

384 1383 468 1418 Cn.
490 1382 642 1417 LXXV.
663 1381 924 1416 Ambivaretis.
946 1381 1083 1425 Caesar,
1106 1381 1171 1415 lib.
1188 1394 1246 1425 ιν,
1267 1393 1344 1427 cap.
1367 1393 1408 1427 9,
1423 1380 1730 1416 Ambivaritorum

331 1444 564 1480 mentionem
592 1443 697 1487 facit,
719 1443 759 1478 in
789 1455 949 1490 qnorum
978 1442 1070 1478 fines
1097 1443 1280 1489 equitatus
1305 1442 1502 1489 Usipetum
1523 1449 1559 1477 et
1578 1442 1730 1477 Tench-

333 1507 527 1540 therorum
546 1505 743 1553 praedandi
762 1505 1093 1552 frumentandique
1120 1517 1226 1539 causa
1245 1504 1377 1538 missus
1399 1504 1527 1539 fuerat.
1544 1503 1618 1539 Sed
1639 1506 1730 1538 Arn-

332 1567 485 1603 bivariti
503 1574 605 1602 trans
627 1568 777 1602 Mosam
796 1567 911 1603 iidem
932 1580 1009 1602 esse
1029 1580 1106 1602 non
1123 1574 1278 1614 possunt
1292 1579 1334 1601 ac
1349 1565 1733 1600 Ambivareu'AEduo-

331 1642 414 1664 rum
440 1629 605 1665 clientes.
633 1630 726 1664 Tam
753 1630 867 1676 longe
896 1629 996 1664 enim
1021 1630 1068 1663 ab
1095 1628 1225 1663 AEduis
1251 1628 1369 1662 dissiti
1397 1634 1481 1661 sunt
1515 1626 1736 1661 Amla'vare'ti

333 1698 437 1725 trans
467 1693 633 1735 Mosam,
661 1699 699 1726 ut
726 1691 766 1726 in
799 1691 972 1726 clientela
999 1691 1209 1726 AEduorum
1230 1690 1340 1725 fuisse
1361 1689 1542 1724 credibile
1568 1701 1646 1724 non
1674 1688 1730 1723 sit.

333 1753 504 1799 Conjicio
520 1753 632 1800 igitur
647 1766 692 1789 ex
705 1755 848 1789 Caesarc
868 1761 903 1788 et
917 1753 1146 1801 etymologia
1163 1752 1481 1788 Ambivaritorum
1495 1751 1638 1798 oppida
1656 1764 1734 1786 esse

333 1816 506 1850 Montem
525 1815 790 1858 Maledictum,
809 1815 1034 1857 Illontme'di,
1057 1814 1228 1860 forteque
1249 1813 1502 1855 δ’(ιταηασιιηι,
1525 1813 1679 1859 Stenay‚
1700 1820 1735 1847 et

334 1876 469 1910 Sedan.
496 1876 587 1910 Vide
604 1883 702 1920 not.,
722 1889 782 1918 lv,
805 1888 839 1923 9.
862 1878 936 1910 Pro
957 1876 1202 1910 Ambivaretis
1220 1887 1312 1909 vero
1340 1874 1546 1908 Glareanus
1571 1881 1605 1907 et
1625 1873 1735 1908 Ciac—

334 1938 464 1974 conius
479 1938 708 1972 substituunt
722 1938 931 1973 Ambarros
942 1965 953 1980 ,
970 1938 1034 1984 qui
1047 1937 1245 1972 necessarii
1259 1944 1294 1971 et
1305 1935 1576 1981 consanguinei
1586 1934 1733 1969 AEduo-

333 2013 416 2035 rum
436 2014 454 2034 a
475 1999 635 2044 Caesare,
656 2001 720 2035 lib.
747 2014 778 2043 1,
799 2013 878 2047 cap.
907 2013 918 2035 1
933 2013 945 2034 1
971 2007 1006 2035 et
1032 2005 1095 2044 14,
1116 2006 1309 2034 vocantur.
1332 1998 1494 2033 Eosdem
1515 2009 1592 2033 esse
1611 1997 1734 2044 suspi-

335 2070 438 2097 catur
462 2064 502 2098 C.
522 2064 566 2097 V.
588 2063 805 2107 D'Anville,
824 2070 859 2098 et
880 2075 951 2109 ego
974 2063 1018 2097 iis
1037 2062 1195 2097 omnino
1216 2061 1411 2096 assentior.

388 2141 559 2175 Aulercis
573 2141 883 2183 Brannovicibus‚
907 2141 1140 2175 Brannoviis.
1166 2139 1352 2175 «Codices
1372 2139 1448 2174 sere
1469 2150 1599 2173 omnes
1614 2149 1659 2172 ex
1678 2137 1735 2171 his

335 2210 409 2238 tres
429 2203 594 2250 populos
615 2202 774 2246 faciunt,
793 2202 1103 2249 interpungentes
1127 2202 1200 2237 hoc
1227 2201 1345 2236 modo
1365 2215 1372 2235 :
1394 2201 1587 2243 Aulercis,
1610 2201 1736 2234 Bran-

336 2265 539 2307 novicibus,
561 2265 795 2299 Brannoviis.
818 2265 914 2298 Item
935 2264 1119 2311 interpres
1140 2276 1299 2311 graecus:
1321 2262 1385 2299 καὶ
1402 2260 1482 2298 τοῖς
1506 2258 1711 2309 ’Λυλεριιοῖς
1724 2288 1732 2301 .

336 2324 414 2363 τοῖς
439 2339 485 2362 τε
506 2322 754 2376 Βραννοουίξι,
777 2323 842 2362 καὶ
868 2323 945 2362 τοῖς
964 2324 1199 2372 Βραννουΐοις,
1221 2327 1305 2360 Jarn
1331 2325 1492 2360 vidimus
1515 2332 1590 2360 tres
1608 2336 1731 2371 popu-⁷

337 2391 412 2435 los,
442 2391 512 2425 sub
539 2390 694 2425 nomine
722 2389 914 2424 communi
939 2390 1106 2432 Aulerci,
1134 2388 1334 2435 designari.
1366 2389 1448 2423 Hoc
1473 2388 1558 2422 loco
1583 2392 1734 2434 apparet

339 2460 512 2500 quartum
532 2465 609 2488 esse
629 2451 832 2499 populum,
855 2451 987 2486 eodem
1008 2451 1181 2495 nomine,
1201 2450 1267 2486 sed
1295 2450 1512 2485 distinctum
1535 2447 1734 2497 cognomi-

338 2515 467 2558 nibus,
491 2516 578 2550 Aul.
607 2513 878 2555 Brarmovices,
905 2513 990 2547 Aul.
1019 2513 1244 2554 Bramzovit}
1270 2519 1306 2546 et
1330 2512 1379 2546 ita
1405 2511 1607 2558 legendum
1635 2508 1736 2544 exis·

341 2576 443 2611 tinio.
460 2592 474 2606 υ
488 2577 543 2610 Ita
557 2577 599 2611 D.
616 2575 835 2618 Achaintre3
850 2586 921 2620 ego
939 2587 1030 2609 vero
1043 2587 1087 2609 cx
1100 2575 1271 2609 Aulercis
1286 2572 1593 2613 Brannovicibus,
1609 2571 1736 2605 Bran-

340 2638 454 2672 noviis
463 2665 474 2681 ,
491 2651 606 2673 unum
623 2638 806 2685 populum
820 2635 934 2679 facio,
955 2636 1056 2682 cujus
1070 2649 1211 2671 nomen
1231 2643 1309 2670 erat
1327 2631 1738 2670 AulerciBrannovices

341 2700 400 2732 vel
431 2700 653 2743 *Bt-annom}
675 2706 709 2734 et
732 2699 856 2739 illum,
875 2710 956 2732 cuin
978 2698 1015 2732 C.
1042 2699 1085 2732 V.
1108 2697 1322 2741 D'Anville,
1348 2695 1395 2731 ad
1414 2694 1576 2743 Ligerim
1598 2701 1738 2736 statuo,
