1972 3356
419 224 492 260 266
656 225 695 257 C.
723 222 854 257 JULII
883 221 1107 256 CAESARIS
1135 222 1401 258 COMMENT.
1433 225 1581 259 LIBER

419 309 563 370 pionis
588 306 725 366 copiis
749 305 1005 366 prostratis,
1027 305 1278 365 passimque
1305 315 1397 350 toto
1420 323 1577 368 campo
1603 307 1807 369 fugienti-

419 391 523 445 bus,
542 385 772 430 confestim
790 386 972 430 Caesaris
996 384 1188 447 legiones
1212 387 1447 448 consequi,
1473 388 1752 449 spatiumque
1766 407 1810 434 se

419 487 507 514 non
535 467 639 512 dare
681 466 929 529 colligendi.
960 468 1051 525 Qui
1081 478 1315 529 postquam
1344 468 1399 512 ad
1429 485 1477 512 ea
1517 479 1686 526 eastra,
1713 487 1810 531 quae

418 550 651 613 petebant,
679 548 969 611 perfugerunt
988 584 999 605 ,
1029 559 1106 606 ut,
1133 549 1305 594 refectis
1331 550 1485 594 castris
1502 585 1513 607 ,
1541 567 1693 595 rursus
1719 567 1811 596 sese

418 631 725 688 defenderent,
757 630 915 675 ducem
952 630 1143 692 aliquem
1173 631 1428 692 requirunt,
1457 648 1589 692 quem
1626 633 1813 693 respice-

419 723 544 771 rent,
584 713 710 773 cujus
738 713 1004 757 auctoritate
1036 713 1313 775 imperioque
1347 729 1439 757 rem
1478 723 1693 775 gererent.
1721 714 1811 772 Qui

420 805 653 856 postquam
679 793 1088 838 animadverterunt
1114 795 1335 838 neminem
1369 811 1461 839 esse
1487 794 1547 838 ibi
1575 794 1782 857 praesidio
1801 830 1812 851 ‚

422 877 651 937 protinus,
677 877 809 920 armis
835 876 1016 936 abjectis
1033 911 1044 933 ,
1073 876 1116 919 in
1144 876 1262 937 regia
1290 885 1431 920 castra
1458 875 1610 938 fugere
1633 886 1813 920 conten-

422 957 547 1002 dunt.
569 958 672 1015 Quo
692 968 926 1018 postquam
946 967 1267 1018 pervenerunt,
1289 974 1339 1001 ea
1363 973 1542 1018 quoque
1559 957 1613 1001 ab
1628 956 1815 1001 Julianis

425 1039 562 1082 teneri
587 1037 752 1081 vident.
785 1039 1032 1098 Desperata
1062 1035 1229 1092 salute,
1248 1038 1290 1080 in
1317 1037 1511 1098 quodam
1537 1036 1648 1082 colle
1675 1038 1818 1082 consi-

424 1129 567 1176 stunt,
587 1129 719 1179 atque
735 1153 747 1172 ,
772 1121 906 1162 armis
925 1116 1146 1174 demissis,
1167 1117 1475 1162 salutationem
1500 1135 1622 1162 more
1640 1117 1819 1162 militari

423 1199 603 1244 faciunt.
626 1199 804 1257 Quibus
826 1199 996 1243 miseris
1021 1216 1071 1243 ea
1095 1216 1161 1243 res
1184 1216 1322 1260 parvo
1337 1199 1541 1261 praesidio
1564 1199 1672 1243 fuit:
1699 1216 1820 1243 nam·

424 1297 510 1342 que
539 1280 697 1325 milites
726 1281 951 1335 veterani,
982 1280 1044 1324 ira
1080 1291 1122 1324 et
1150 1279 1303 1324 dolore
1331 1282 1520 1337 incensi,
1550 1297 1639 1325 non
1665 1280 1821 1337 modo,

425 1373 474 1406 ut
503 1373 730 1424 parcerent
766 1362 910 1417 hosti,
942 1380 1029 1406 non
1060 1371 1267 1424 poterant
1292 1361 1480 1417 adduci,
1509 1361 1583 1406 sed
1611 1363 1743 1406 etiam
1770 1378 1821 1406 ex

425 1461 505 1488 suo
544 1445 737 1488 exercitu
774 1443 964 1488 illustres
999 1444 1225 1501 urbanos,
1255 1460 1365 1504 quos
1400 1453 1604 1487 auctores
1634 1441 1822 1504 appella-

426 1525 534 1568 bant
550 1560 561 1582 ,
585 1525 837 1587 complures
859 1536 936 1570 aut
960 1524 1274 1582 vulnerarunt,
1299 1535 1374 1569 aut
1399 1524 1719 1568 interfecerunt
1744 1541 1752 1567 :
1778 1525 1819 1567 in

427 1623 516 1666 quo
544 1623 730 1650 numero
755 1608 839 1651 fuit
873 1606 1045 1651 Tullius
1083 1606 1252 1661 Rufus,
1280 1606 1564 1667 quaestorius,
1593 1605 1694 1665 qui,
1734 1603 1823 1665 pilo

429 1687 692 1747 transjectus
717 1686 920 1732 consulto
951 1705 974 1731 a
1013 1686 1174 1742 milite,
1206 1687 1372 1730 interiit
1402 1703 1411 1729 :
1446 1686 1548 1730 item
1585 1685 1822 1746 Pompeius

432 1767 576 1811 Rufus
593 1803 605 1824 ,
623 1769 857 1812 brachium
878 1767 1026 1828 gladio
1045 1784 1277 1828 percussus
1295 1802 1305 1823 ,
1327 1768 1410 1810 nisi
1435 1766 1636 1810 celeriter
1657 1765 1713 1809 ad
1735 1768 1826 1811 Cae-

429 1864 569 1891 sarem
602 1847 949 1904 adcucurrisset,
981 1847 1239 1892 interfectus
1270 1857 1393 1891 esset.
1424 1848 1528 1905 Quo
1566 1846 1683 1890 sacto
1711 1863 1826 1890 com-

429 1927 577 1990 plures
603 1930 772 1990 equites
801 1930 974 1973 romani
1003 1939 1318 1989 senatoresque
1347 1929 1567 1989 perterriti
1594 1944 1645 1971 ex
1671 1926 1825 1988 proelio

430 2027 474 2053 se
509 2020 792 2071 receperunt,
821 2027 875 2054 ne
908 2027 931 2054 a
961 2008 1196 2066 militibus,
1227 2010 1302 2070 qui
1331 2026 1382 2053 ex
1419 2019 1541 2053 tanta
1573 2009 1757 2052 victoria
1782 2007 1825 2052 li-

431 2091 622 2135 centiam
645 2091 725 2134 sibi
747 2092 1083 2153 assumpsissent
1109 2090 1396 2134 immoderatc
1422 2089 1631 2151 peccandi
1649 2125 1659 2145 ,
1686 2091 1825 2150 impu-

433 2172 579 2216 nitatis
610 2182 791 2233 propter
821 2173 1028 2216 maximas
1055 2189 1123 2215 res
1154 2181 1295 2233 gestas
1322 2188 1422 2232 spe,
1453 2172 1533 2232 ipsi
1562 2187 1740 2231 quoque
1770 2171 1827 2214 in—

434 2253 755 2298 terficerentur.
787 2256 942 2315 Itaque
972 2254 1000 2297 ii
1036 2271 1191 2297 omnes
1227 2253 1444 2314 Scipionis
1480 2251 1661 2306 milites,
1689 2268 1824 2312 quum

432 2333 561 2378 fidem
587 2336 749 2378 Caesari
775 2334 1087 2396 implorarent,
1113 2335 1383 2396 inspectante
1408 2332 1503 2395 ipso
1521 2335 1716 2385 Caesare,
1741 2342 1781 2376 et
1804 2349 1826 2376 a

433 2414 645 2460 militibus
674 2415 962 2477 deprecante,
991 2416 1052 2460 eis
1089 2418 1152 2460 uti
1185 2425 1438 2477 parcerent,
1467 2414 1521 2459 ad
1558 2431 1694 2458 unum
1724 2423 1823 2457 sunt

433 2496 662 2541 interfecti.

501 2580 752 2623 LXXXVI.
800 2582 945 2624 Caesar
982 2580 1106 2622 trinis
1151 2580 1303 2624 castris
1350 2580 1544 2641 potitus,
1585 2577 1828 2637 occisisque¹

435 2658 624 2703 hostium
651 2678 674 2703 x
700 2659 911 2717 millibus,
937 2660 1183 2721 fugatisque
1209 2659 1537 2722 compluribus,
1564 2675 1607 2702 se
1635 2658 1825 2718 recepit,
