1972 3356
518 274 583 310 DE
614 273 772 310 BELLO
801 274 955 309 CIVILI
986 275 1077 309 LIB.
1107 275 1134 310 Ι.
1480 288 1524 325 19

142 359 331 402 evocatis
358 359 589 419 sagittariis
613 357 998 418 funditoribusque
1022 374 1142 402 raros
1170 359 1214 401 in
1241 375 1368 403 muro
1391 361 1523 403 turri-

142 438 312 498 busque
343 437 549 499 disponit.
588 441 678 482 Hos
710 448 830 482 certo
866 439 992 498 signo
1030 454 1235 482 revocare
1270 440 1523 496 constituit,

143 534 281 578 quum
307 535 457 562 omnes
482 517 640 561 milites
661 534 792 561 naves
816 518 1196 574 conscendissent3
1225 529 1356 580 atque
1380 521 1430 565 iis
1451 537 1524 565 ex-

140 598 290 659 pedito
312 597 408 642 loco
430 598 623 641 actuaria
651 597 826 658 navigia
849 596 1071 657 relinquit.

204 680 414 723 XXVIII.
446 677 721 733 Brundisini,
741 678 1115 738 Pompeianorum
1137 677 1326 722 militum
1352 680 1523 740 injuriis

139 769 271 820 atque
285 759 421 820 ipsius
438 756 928 818 Poinpeiicontumeliis
950 758 1162 819 permoti,
1185 760 1366 803 Caesaris
1393 760 1523 803 rebus

137 839 352 883 favebant.
376 841 530 898 Itaque
546 873 557 895 ,
580 839 757 899 cognita
784 839 982 899 Pompeii
1011 838 1287 899 profectione
1303 875 1314 895 ,
1339 856 1524 884 concur-

136 920 334 965 santibus
360 918 444 964 illis
471 929 602 980 atque
632 920 677 963 in
703 936 753 963 ea
787 936 834 963 re
870 920 1115 980 occupatis,
1149 919 1282 981 vulgo
1312 937 1364 965 ex
1401 923 1522 966 tectis

134 1000 439 1062 significabant
466 1017 474 1043 :
505 1016 585 1061 per
609 1017 720 1060 quos
749 1017 795 1044 re
820 1001 1016 1062 cognita,
1046 1003 1192 1045 Caesar
1218 1000 1352 1046 scalas
1376 1004 1520 1063 parari

134 1080 384 1141 militesque
407 1080 702 1141 armarijubet
722 1115 733 1134 ,
750 1097 804 1124 ne
818 1097 950 1141 quam
971 1082 1033 1125 rei
1050 1081 1247 1143 gerendae
1268 1081 1520 1127 facultatem

138 1161 344 1205 dimittat.
371 1161 605 1221 Pompeius
631 1161 711 1204 sub
737 1170 911 1205 noctem
937 1178 1068 1205 naves
1095 1161 1238 1206 solvit.
1275 1164 1364 1220 Qui
1397 1173 1522 1207 erant

136 1242 182 1286 in
203 1258 331 1286 muro
357 1241 564 1285 custodiae
595 1258 725 1285 causa
760 1240 986 1298 collocati,
1014 1259 1065 1286 eo
1095 1243 1245 1303 signo,
1271 1243 1391 1303 quod
1420 1261 1522 1288 con-

137 1331 340 1378 venerat,
368 1331 650 1377 revocantur,
669 1322 871 1382 notisque
889 1322 1118 1367 itineribus
1142 1323 1196 1367 ad
1217 1340 1348 1368 naves
1366 1324 1521 1369 decur-

135 1412 253 1446 runt.
280 1401 468 1458 Milites,
491 1403 644 1463 positis
674 1401 826 1458 scalis,
853 1419 1002 1446 muros
1029 1403 1294 1459 ascendunt3
1323 1404 1397 1448 sed
1422 1422 1519 1449 mo-

135 1483 215 1526 niti
242 1499 267 1526 a
290 1482 584 1539 Brundisinis,
612 1493 660 1525 ut
682 1481 845 1526 vallum
871 1499 1031 1526 caecuin
1061 1483 1285 1544 fossasque
1310 1496 1494 1529 caveant
1510 1522 1520 1541 ,

133 1561 398 1617 subsistunt3
423 1571 466 1606 et
488 1560 620 1623 longo
649 1562 805 1606 itinere
830 1562 882 1605 ab
906 1563 973 1606 his
1000 1562 1318 1619 circumducti,
1345 1565 1400 1608 ad
1423 1582 1521 1626 por-

135 1651 226 1685 tum
255 1642 537 1703 perveniunt,
565 1641 760 1702 duasque
795 1659 927 1686 naves
961 1659 1060 1686 cum
1088 1641 1325 1702 militibus,
1349 1661 1445 1705 quae
1467 1645 1522 1689 ad

134 1721 270 1766 moles
297 1723 481 1767 Caesaris
510 1722 806 1779 adhaeserant,
842 1723 1019 1783 scaphis
1043 1722 1339 1785 lintribusque
1371 1724 1522 1786 depre-

134 1802 363 1858 hendunt,
390 1802 683 1863 deprehensas
710 1803 947 1862 excipiunt.

198 1883 363 1926 XXIX.
386 1884 548 1937 Caesar,
563 1882 643 1924 etsi
669 1880 723 1924 ad
738 1897 858 1942 spem
874 1881 1134 1925 conficiendi
1156 1885 1319 1944 negotii
1335 1886 1522 1929 maxime

136 1962 378 2023 probabat,
405 1963 565 2006 coactis
592 1962 776 2006 navibus
805 1979 926 2006 mare
954 1964 1161 2017 transire,
1192 1974 1235 2008 et
1261 1966 1520 2026 Pompeium

138 2043 282 2103 sequi,
305 2043 425 2103 prius
451 2059 584 2103 quam
612 2042 685 2088 ille
711 2059 803 2087 sese
829 2043 1133 2087 transmarinis
1163 2044 1335 2089 auxiliis
1360 2045 1522 2089 confir-

138 2132 301 2179 maret,
326 2132 470 2167 tamen
494 2124 585 2184 ejus
610 2125 673 2167 rei
697 2140 866 2168 moram
898 2124 1198 2185 temporisque
1224 2123 1522 2187 longinquita-

137 2211 224 2247 tem
251 2203 454 2260 timebat,
479 2204 618 2265 quod,
643 2205 847 2249 omnibus
872 2205 1032 2249 coactis
1055 2205 1260 2262 navibus,
1287 2207 1523 2267 Pompeius

137 2295 395 2345 praesentem
427 2283 675 2328 facultatem
708 2284 969 2346 insequendi
1005 2286 1072 2329 sui
1101 2285 1336 2330 ademerat.
1370 2286 1521 2331 Relin-

137 2365 372 2425 quebatur,
399 2375 446 2409 ut
463 2382 515 2410 ex
541 2365 927 2427 longinquioribus
955 2367 1206 2427 regionibus
1223 2366 1378 2412 Galliae
1401 2369 1522 2412 Pice-

137 2447 290 2507 nique,
317 2455 359 2491 et
387 2463 409 2490 a
434 2446 546 2491 freto
572 2463 703 2491 naves
736 2456 876 2492 essent
901 2446 1215 2509 exspectandae.
1246 2447 1317 2505 Id,
1342 2458 1523 2509 propter

137 2527 241 2571 anni
269 2537 460 2588 tempus,
502 2526 685 2589 longum
713 2537 844 2588 atque
874 2528 1136 2590 impeditum
1170 2527 1414 2572 videbatur.
1449 2530 1522 2572 In-

139 2616 255 2652 terea
300 2619 489 2653 veterem
529 2609 767 2653 exercitum
791 2644 802 2666 ,
840 2608 948 2654 duas
994 2609 1227 2670 Hispanias
1269 2608 1522 2653 confirmari

140 2686 355 2748 (quarum
392 2689 527 2735 altera
568 2700 661 2734 erat
708 2691 906 2735 maximis
954 2689 1174 2735 beneficiis
1210 2690 1407 2751 Pompeii
1446 2689 1521 2733 de-

1272 2789 1314 2816 2.
