1972 3356
322 311 368 345 3ss
527 309 565 343 C.
598 307 724 342 JUL11
756 306 971 341 CAESARIS
1003 305 1485 340 COMMENTARIORCM

316 392 489 435 circiter
522 389 749 433 meridiem
774 390 1013 432 exereitum
1046 389 1089 431 in
1117 399 1256 431 castra
1286 388 1472 431 reduxit.
1498 390 1612 431 Tum
1636 388 1708 433 de-

320 487 435 514 mum
471 471 716 514 Ariovistus
750 480 920 530 partem
957 486 1132 512 suarum
1164 470 1410 529 copiarum,
1442 485 1535 528 quae
1566 479 1708 513 castra

321 552 482 593 minora
517 560 817 611 oppugnaret,
852 551 970 593 misit
1006 567 1014 593 :
1055 550 1214 593 acriter
1240 551 1447 609 utrinque
1481 566 1619 609 usque
1653 549 1708 593 ad

315 647 543 690 vesperum
581 640 825 692 pugnatum
851 640 926 674 est.
960 629 1070 674 Solis
1099 646 1255 673 occasu
1285 646 1383 673 suas
1408 630 1554 690 copias
1583 631 1709 674 Ario-

314 711 468 766 vistus,
496 710 646 755 multis
675 720 717 755 et
746 710 878 754 illatis
904 720 948 754 et
974 711 1165 770 acceptis
1192 709 1467 766 vulneribus,
1496 712 1539 753 in
1565 720 1707 755 castra

312 789 497 834 reduxit.
520 792 668 848 Quum
694 808 744 834 ex
770 791 955 850 captivis
983 800 1199 850 quaereret
1224 793 1390 846 Caesar,
1418 791 1705 850 quamobrem

310 872 554 916 Ariovistus
584 870 737 931 proelio
764 887 853 913 non
889 870 1154 926 decertaret,
1181 871 1297 914 lianc
1329 871 1577 931 reperiebat
1610 888 1707 915 cau-

311 967 424 1003 sam,
452 950 571 1010 quod
595 950 713 1011 apud
739 952 987 995 Germanos
1012 967 1061 994 ea
1090 950 1365 995 consuetudo
1393 961 1522 1007 esset,
1547 961 1595 995 ut
1618 968 1708 995 ma-

313 1041 398 1075 tres
433 1029 608 1074 familiae
635 1047 788 1075 eorum
815 1031 1005 1075 sortibus
1031 1041 1073 1074 et
1097 1031 1483 1075 vaticinationibus
1512 1030 1707 1076 declara-

309 1121 428 1164 rent,
453 1121 603 1155 utrum
628 1110 831 1171 proelium
857 1112 1074 1155 committi
1104 1128 1154 1155 ex
1176 1128 1257 1155 usu
1287 1121 1416 1169 esset,
1439 1129 1577 1156 necne
1603 1130 1611 1155 :
1635 1128 1705 1155 eas

310 1192 370 1235 ita
398 1191 543 1235 dicere
568 1209 577 1235 z
606 1211 626 1232 (ε
653 1193 757 1237 Non
787 1207 878 1235 esse
911 1191 975 1235 fas
1003 1193 1251 1235 Germanos
1279 1208 1506 1252 superare,
1537 1193 1571 1236 si
1606 1202 1706 1236 ante

311 1291 470 1318 novam
495 1273 645 1317 lunam
669 1272 824 1333 proelio
846 1272 1192 1316 contendissent.
1219 1293 1239 1313 »

372 1357 446 1398 LI.
470 1353 690 1398 Postridie
704 1355 796 1414 ejus
817 1352 903 1396 diei
924 1355 1070 1397 Caesar
1090 1352 1291 1412 praesidio
1314 1354 1511 1412 utrisque
1530 1353 1704 1407 castris,

309 1435 427 1495 quod
458 1435 560 1478 satis
587 1451 677 1478 esse
701 1434 846 1478 visum
866 1443 932 1477 est
957 1431 1156 1493 reliquit,
1183 1449 1336 1476 omnes
1360 1432 1516 1476 alarios
1538 1434 1582 1476 in
1602 1450 1704 1477 con-

309 1524 461 1575 spectu
497 1515 691 1558 hostium
723 1531 804 1575 pro
838 1515 989 1557 castris
1026 1513 1273 1556 minoribus
1304 1515 1556 1569 constituit,
1586 1514 1704 1574 quod

308 1595 456 1638 minus
480 1593 764 1638 multitudine
792 1593 981 1637 militum
1010 1592 1379 1655 legionariorum,
1407 1609 1486 1653 pro
1510 1593 1704 1637 hostium

310 1691 517 1731 numero,
544 1674 737 1731 valebat,
768 1684 817 1718 ut
853 1674 907 1717 ad
934 1675 1121 1735 speciem
1150 1673 1296 1717 alariis
1329 1683 1540 1717 uteretur.
1579 1676 1705 1734 Ipse,

311 1753 472 1815 triplici
496 1756 711 1799 instructa
734 1755 853 1811 acie,
879 1771 1017 1814 usque
1041 1754 1096 1798 ad
1121 1764 1262 1798 castra
1286 1754 1480 1798 hostium
1507 1754 1702 1798 accessit.

308 1836 422 1878 Tum
454 1835 632 1879 demum
662 1836 908 1879 necessario
942 1837 1157 1879 Germani
1185 1852 1284 1879 suas
1314 1836 1461 1895 copias
1497 1851 1519 1878 e
1553 1835 1704 1880 castris

308 1914 574 1971 eduxerunt,
604 1917 934 1976 generatimque
964 1917 1311 1972 constituerunt,
1343 1916 1610 1977 paribusque
1642 1917 1706 1960 in-

310 1994 522 2050 tervallis,
538 1996 738 2041 Harudes
755 2031 765 2053 ,
780 1999 1121 2041 Marcomannos
1133 2033 1143 2051 ,
1158 1997 1417 2053 Triboccos,
1434 1998 1703 2059 Vangiones,

312 2077 537 2132 Nemetes,
559 2077 784 2134 Sedusios,
809 2079 991 2133 Suevos;
1015 2095 1281 2139 omnemque
1304 2079 1442 2122 aciem
1464 2095 1587 2123 suam
1611 2079 1707 2122 rhe-

310 2156 374 2199 ‹lis
398 2166 442 2200 et
463 2158 598 2201 carris
628 2158 1036 2215 circumdederunt,
1062 2175 1116 2202 ne
1141 2175 1227 2219 qua
1253 2175 1350 2220 spes
1380 2160 1423 2202 in
1454 2158 1557 2220 fuga
1581 2157 1707 2202 relin-

310 2246 533 2296 queretur.
570 2239 635 2281 Eo
675 2237 879 2282 mulieres
915 2240 1243 2300 imposuerunt,
1281 2256 1378 2300 quae
1421 2241 1465 2283 in
1501 2238 1702 2300 proelium

312 2316 636 2376 proficiscentes
653 2317 813 2362 milites
831 2320 966 2379 passis
988 2320 1191 2363 manibus
1209 2320 1362 2364 flentes
1387 2319 1702 2381 implorabant,

313 2412 365 2439 ne
390 2413 433 2440 se
458 2398 501 2440 in
526 2399 782 2442 servitutem
807 2399 1016 2443 Romanis
1040 2399 1276 2444 traderent.

375 2478 470 2520 LII.
518 2479 663 2522 Caesar
703 2477 885 2539 singulis
924 2477 1167 2540 legionibus
1208 2479 1402 2541 singulos
1448 2480 1610 2541 legatos
1661 2490 1705 2523 et

313 2566 572 2614 quaestorem
599 2557 819 2618 praefecit,
848 2559 912 2602 uti
939 2575 1012 2602 eos
1045 2569 1175 2603 testes
1202 2577 1289 2604 suae
1318 2561 1502 2621 quisque
1525 2559 1703 2603 virtutis

315 2635 506 2680 liaberet.
531 2640 630 2697 Ipse
655 2654 678 2681 a
701 2637 855 2682 dextro
877 2655 1041 2695 cornu,
1064 2639 1184 2699 quod
1208 2657 1302 2684 eam
1327 2649 1494 2699 partem
1523 2639 1703 2683 minime

315 2713 482 2758 firmam
507 2717 701 2761 hostium
724 2735 815 2762 esse
835 2720 1032 2763 animum
1057 2719 1323 2770 adverterat,
1353 2718 1556 2779 proelium
1581 2736 1704 2762 com-
