1972 3356
285 270 305 291 2
498 258 537 293 C.
569 257 694 291 JULII
726 256 942 291 CAESARIS
973 254 1455 290 COMMENTARIORUM

284 343 424 386 tinere
444 341 609 384 dictum
632 349 718 395 est,
734 339 913 382 initium
934 339 1053 398 capit
1074 355 1098 381 a
1118 338 1299 381 flumine
1316 338 1552 393 Rhodano,
1577 356 1675 383 con-

284 422 447 465 tinetur
479 422 710 464 Garumna
745 418 947 472 flumine,
983 420 1182 473 Oceano,
1219 417 1381 461 finibus
1417 416 1674 478 Belgarum,

281 501 460 562 attingit
484 501 615 543 etiam
641 499 694 543 ab
720 499 934 559 Sequanis
957 508 1002 542 et
1026 497 1236 542 Helvetiis
1257 497 1421 541 flumen
1447 497 1674 551 Rhenum;

280 582 425 642 vergit
443 580 496 624 ad
524 580 874 640 septemtriones.
909 577 1052 639 Belgae
1076 579 1129 621 ab
1154 578 1360 622 extremis
1392 576 1546 622 Galliae
1578 577 1676 620 fini-

279 662 361 706 bus
388 662 616 715 oriuntur3
647 661 870 721 pertinent
905 659 961 703 ad
990 658 1245 702 inferiorem
1281 668 1448 719 partem
1481 658 1674 701 fluminis

278 742 444 798 Rheni,
483 750 681 802 spectant
716 742 761 783 in
797 739 1153 800 septemtriones,
1189 748 1231 782 et
1265 740 1483 782 orientem
1520 737 1668 782 solem.

279 823 520 883 Aquitania
548 838 572 863 a
598 822 830 864 Garumna
861 819 1043 862 flumine
1076 818 1131 861 ad
1164 821 1396 879 Pyrenaeos
1433 828 1605 862 montes
1632 829 1673 861 et

278 918 372 946 eam
408 912 577 962 partem
608 900 796 956 Oceani,
834 916 930 959 quae
954 908 1016 943 est
1053 898 1108 941 ad
1137 898 1423 959 Hispaniam,
1454 899 1673 959 pertinet3

277 991 442 1042 spectat
468 982 583 1025 inter
605 997 811 1024 occasum
837 978 939 1023 solis
967 988 1011 1022 et
1033 979 1380 1039 septemtriones.

340 1065 398 1106 Π.
434 1061 566 1123 Apud
599 1060 826 1105 Helvetios
858 1058 990 1120 longe
1024 1058 1322 1102 nobilissimus
1361 1068 1403 1102 et
1431 1059 1672 1104 ditissimus

276 1143 359 1186 fuit
381 1143 632 1204 Orgetorix.
656 1145 717 1198 Is,
746 1142 809 1186 M.
836 1139 1025 1184 Messala
1050 1149 1093 1183 et
1118 1141 1181 1183 Μ.
1207 1140 1366 1183 Pisone
1390 1157 1520 1196 coss,
1548 1141 1672 1201 regni

276 1223 521 1283 cupiditate
550 1222 777 1278 inductus,
813 1221 1167 1280 conjurationem
1198 1219 1444 1264 nobilitatis
1479 1220 1608 1275 fecit,
1630 1230 1672 1264 et

275 1304 442 1347 civitati
456 1303 747 1363 persuasit,ut
762 1302 815 1345 de
830 1301 992 1345 finibus
1007 1301 1095 1344 suis
1107 1317 1208 1343 cum
1224 1300 1428 1343 omnibus
1443 1301 1673 1360 copiisexi-

275 1393 374 1426 rent
401 1401 410 1425 z
436 1381 645 1442 perfacile
669 1398 783 1437 esse,
807 1397 945 1441 quum
965 1381 1131 1423 virtute
1160 1381 1365 1424 omnibus
1394 1390 1671 1441 praestarent,

276 1464 411 1506 totius
432 1461 589 1507 Galliae
612 1462 799 1522 imperio
819 1461 969 1521 potiri.
988 1460 1040 1504 Id
1059 1460 1144 1503 hoc
1164 1459 1334 1504 facilius
1352 1461 1412 1504 eis
1436 1462 1672 1521 persuasit,

275 1542 395 1603 quod
420 1542 616 1603 undique
638 1542 721 1586 loci
752 1551 912 1585 natura
939 1539 1131 1585 Helvetii
1157 1541 1442 1584 continentur
1470 1558 1478 1584 :
1512 1559 1598 1585 una
1622 1559 1672 1586 ex

274 1633 420 1684 parte,
465 1622 649 1666 flumine
694 1622 854 1666 Rheno
904 1621 1117 1665 latissimo
1154 1631 1286 1681 atque
1324 1619 1556 1676 altissimo,
1597 1623 1672 1682 qui

275 1720 431 1765 agrum
467 1702 720 1747 Helvetium
751 1720 775 1746 a
810 1703 1047 1746 Germanis
1075 1701 1251 1757 dividit,
1288 1699 1423 1745 altera
1448 1719 1501 1745 ex
1527 1712 1671 1763 parte,

275 1794 425 1828 monte
453 1787 558 1829 Jura
588 1783 820 1839 altissimo,
843 1784 920 1843 qui
952 1793 1016 1826 est
1049 1785 1163 1827 inter
1190 1784 1417 1843 Sequanos
1447 1793 1490 1826 et
1513 1782 1672 1827 Helve-

276 1866 383 1920 tios3
408 1866 558 1921 tertia,
583 1863 680 1908 lacu
705 1865 934 1908 Lemanno
955 1873 1000 1907 et
1018 1863 1200 1906 flumine
1216 1863 1452 1919 Rhodano,
1477 1864 1552 1922 qui
1573 1879 1672 1923 pro-

274 1946 468 1989 vinciam
500 1954 698 1989 nostram
727 1945 781 1989 ab
812 1943 1025 1988 Helvetiis
1057 1943 1229 1987 dividit.
1259 1945 1337 1987 His
1363 1945 1492 1987 rebus
1518 1944 1670 1999 fiebat,

276 2036 323 2069 ut
347 2036 390 2069 et
411 2027 557 2069 minus
571 2025 657 2070 late
682 2035 972 2087 vagarentur,
987 2034 1029 2069 et
1055 2026 1202 2068 minus
1218 2024 1343 2068 facile
1360 2024 1560 2068 finitimis
1578 2024 1672 2068 bel-

276 2105 367 2149 lum
389 2106 550 2150 inferre
574 2116 752 2167 possent
776 2124 785 2150 :
810 2123 896 2167 qua
922 2106 975 2149 de
998 2122 1127 2149 causa
1155 2106 1355 2149 homines
1380 2104 1575 2149 bellandi
1597 2121 1672 2148 cu-

275 2186 367 2247 pidi
389 2203 552 2247 magno
579 2186 731 2231 dolore
755 2187 1074 2230 afficiebantur.
1106 2188 1193 2230 Pro
1217 2184 1501 2229 multitudine
1524 2194 1670 2229 autem

275 2267 529 2322 hominum,
552 2277 595 2311 et
625 2284 706 2327 pro
731 2266 871 2328 gloria
893 2266 995 2310 belli
1024 2276 1156 2326 atque
1182 2265 1476 2321 fortitudinis,
1507 2282 1667 2327 angus-

278 2355 341 2390 tos
373 2364 416 2391 se
452 2347 559 2391 fines
586 2348 750 2391 habere
780 2348 1132 2401 arbitrabantur,
1163 2347 1238 2406 qui
1270 2347 1314 2389 in
1342 2345 1667 2407 longitudinem

277 2425 414 2470 millia
441 2444 649 2488 passuum
677 2443 809 2484 CCXL,
841 2429 887 2471 in
914 2427 1193 2471 latitudinem
1217 2442 1367 2472 CLXXX
1396 2427 1620 2488 patebant.

340 2509 418 2550 III.
456 2508 535 2550 His
558 2508 688 2552 rebus
707 2508 907 2563 adducti,
927 2517 971 2552 et
990 2508 1255 2551 auctoritate
1276 2506 1552 2568 Orgetorigis
1574 2522 1671 2566 per-

276 2588 405 2641 moti,
425 2588 776 2644 constituerunt,
797 2606 865 2645 ea,
888 2605 984 2649 quae
1004 2587 1058 2631 ad
1082 2586 1448 2647 proficiscendum
1476 2585 1669 2645 pertine-

277 2675 392 2721 rent,
417 2683 696 2727 comparare3
720 2670 1021 2728 jumentorum
1051 2679 1093 2711 (Ἴ
1118 2683 1345 2711 carrorum
1370 2682 1500 2725 quan}
1530 2668 1669 2709 maxi-
