1972 3356
324 270 395 307 186
547 271 586 306 C.
620 270 748 306 JULII
778 269 995 305 CAESARIS
1024 270 1507 306 COMMENTARJORUM

320 371 545 410 romanos,
581 355 657 414 qui
680 354 774 414 ejus
802 354 994 415 praesidii
1022 354 1186 398 fiducia
1211 371 1300 398 una
1326 365 1465 399 erant.
1498 356 1725 399 Continuo

321 451 534 496 magnum
559 451 796 479 numerum
825 436 1040 480 frumenti
1069 446 1431 496 commeatusque
1458 435 1634 497 diripit,
1659 437 1727 496 ip-

320 534 390 561 sos
409 515 650 560 crudeliter
669 518 946 561 excruciatos
967 517 1179 561 interficit
1204 535 1212 561 :
1235 519 1418 561 nuntios
1440 527 1532 561 tota
1550 518 1728 561 civitate

321 597 568 642 AEduorum
587 596 796 642 dimittit:
819 598 976 643 eodem
995 598 1227 643 mendacio
1252 599 1306 642 de
1328 598 1444 643 ccede
1468 599 1672 659 equitum
1686 607 1730 641 et

322 680 575 740 principum
599 689 855 740 permovet3
883 680 1109 738 hortatur,
1142 691 1191 724 ut
1213 679 1346 724 simili
1375 681 1572 737 ratione,
1596 689 1732 739 atque

322 761 414 821 ipse
438 759 611 815 fecerit,
636 777 736 805 suas
759 762 942 822 injurias
962 772 1301 824 persequantur.

390 843 600 886 XXXIX.
624 843 903 904 Eporedorix
926 843 1118 900 AEduus,
1144 861 1318 888 summo
1347 843 1443 888 loco
1467 853 1595 887 natus
1621 842 1729 886 ado-

323 922 514 980 lescens‚
538 933 582 968 et
605 941 788 969 summae
811 924 932 969 domi
964 926 1195 986 potentiae,
1218 936 1262 970 et
1286 943 1375 969 una
1398 925 1729 983 Viridomarus,

324 1005 421 1066 pari
449 1015 576 1050 aetate
607 1016 651 1049 et
683 1007 853 1067 gratia,
881 1006 957 1050 sed
986 1023 1147 1068 genere
1178 1007 1367 1068 dispari,
1399 1024 1532 1068 quem
1564 1009 1730 1062 Caesar,

325 1086 408 1129 sibi
438 1086 491 1129 ab
520 1087 742 1131 Divitiaco
767 1086 1009 1143 traditum,
1040 1104 1092 1130 ex
1123 1087 1280 1131 humili
1310 1086 1406 1131 loeo
1432 1087 1487 1131 ad
1513 1104 1730 1131 summam

325 1166 589 1228 dignitatem
605 1167 892 1228 perduxerat,
915 1169 961 1211 in
981 1169 1184 1229 equitum
1203 1185 1390 1213 numero
1410 1179 1730 1225 convenerant,

324 1249 588 1292 nominatim
613 1248 666 1293 ab
691 1265 744 1293 eo
769 1250 954 1294 evocati.
978 1251 1058 1294 His
1083 1260 1178 1294 erat
1199 1251 1315 1294 inter
1333 1267 1377 1294 se
1401 1249 1454 1294 de
1477 1250 1733 1311 principatu

323 1331 571 1387 contenti03
593 1341 637 1376 et
661 1332 706 1375 in
733 1330 807 1376 illa
829 1333 1170 1394 magistratuum
1187 1333 1493 1376 controversia
1513 1330 1627 1376 alter
1646 1348 1728 1393 pro

324 1411 704 1470 Convictolitane,
732 1413 844 1458 alter
868 1432 951 1475 pro
975 1416 1089 1459 Coto
1114 1416 1299 1458 summis
1324 1413 1481 1475 opibus
1509 1430 1733 1475 pugnave-

325 1503 440 1537 rant.
469 1496 535 1537 Ex
567 1495 618 1538 iis
654 1495 956 1556 Eporedorix,
992 1498 1172 1558 cognito
1200 1497 1387 1541 Litavici
1412 1494 1618 1550 consilio,
1648 1512 1734 1539 me-

327 1574 399 1619 dia
426 1574 517 1619 fere
541 1585 670 1621 nocte
695 1594 789 1621 rem
809 1577 864 1622 ad
889 1581 1107 1623 Caesarem
1132 1578 1272 1622 desert
1295 1595 1303 1620 :
1330 1597 1350 1617 «
1373 1595 1425 1620 ne
1448 1577 1644 1637 patiatur
1670 1577 1732 1620 ci-

327 1659 524 1714 vitatem,
543 1659 689 1719 pravis
703 1657 1050 1703 adolescentium
1067 1658 1284 1714 consiliis,
1298 1659 1352 1702 ab
1370 1658 1562 1702 amicitia
1578 1655 1732 1719 populi

327 1739 499 1783 romani
527 1738 734 1796 deficere3
765 1740 886 1800 quod
919 1741 1120 1785 futurum
1149 1740 1402 1802 provideat,
1430 1740 1466 1783 si
1491 1757 1535 1783 se
1565 1749 1625 1783 lot
1652 1740 1734 1783 lio-

329 1821 497 1864 minum
519 1820 657 1865 millia
678 1839 781 1865 cum
807 1822 1009 1866 hostibus
1037 1823 1377 1883 conjunxerint,
1404 1838 1597 1882 quorum
1620 1820 1735 1865 salu-

328 1912 416 1945 tem
447 1919 589 1963 neque
616 1904 859 1964 propinqui
889 1902 1135 1965 negligere,
1168 1919 1311 1964 neque
1341 1903 1494 1946 civitas
1521 1901 1605 1946 levi
1639 1918 1734 1947 mo-

327 1994 478 2028 mento
504 1985 721 2029 aestimare
748 1996 947 2046 posset.»

392 2068 486 2110 XL.
526 2069 691 2129 Magna
723 2067 907 2112 affectus
937 2066 1235 2112 sollicitudine
1269 2068 1351 2112 hoc
1383 2069 1542 2112 nuntio
1570 2070 1734 2124 Caesar,

328 2148 449 2209 quod
463 2165 636 2210 semper
649 2150 895 2194 AEduorum
909 2151 1078 2194 civitati
1091 2151 1312 2211 praecipue
1328 2150 1573 2194 indulserat
1587 2185 1598 2204 ‚
1615 2148 1736 2193 nulla

330 2231 589 2292 interposita
607 2230 907 2288 dubitatione,
933 2230 1125 2294 legiones
1153 2232 1379 2293 expeditas
1403 2241 1596 2292 quatuor
1609 2232 1735 2292 equi—

329 2321 560 2373 tatumque
585 2330 763 2358 omnem
784 2330 834 2359 ex
860 2315 1013 2359 castris
1033 2315 1181 2359 educit
1205 2332 1214 2358 :
1241 2332 1321 2359 nec
1342 2314 1425 2358 fuit
1444 2315 1634 2375 spatium
1662 2312 1735 2356 tali

331 2402 530 2455 tempore
555 2395 609 2439 ad
636 2396 941 2440 contrahenda
959 2406 1123 2452 castra,
1148 2396 1269 2457 quod
1288 2414 1357 2440 res
1385 2397 1526 2457 posita
1554 2397 1597 2439 in
1620 2393 1733 2439 cele-

330 2477 459 2521 ritate
490 2477 737 2523 videbatur.
768 2481 818 2523 C.
847 2478 1034 2522 Fabium
1067 2478 1261 2539 legatum
1290 2495 1389 2522 cum
1422 2476 1669 2538 legionibus
1699 2492 1731 2519 11

330 2560 480 2603 castris
514 2560 719 2621 praesidio
752 2559 975 2620 relinquit.
1012 2563 1190 2604 Fratres
1222 2560 1409 2604 Litavici
1443 2575 1582 2619 quum
1619 2574 1736 2601 com-

332 2640 546 2700 prehendi
575 2643 793 2702 jussisset,
822 2641 956 2703 paulo
991 2652 1094 2685 aute
1126 2644 1288 2703 reperit
1321 2641 1375 2685 ad
1407 2642 1553 2685 hostes
1588 2640 1735 2701 profu-

331 2721 456 2781 gisse.
486 2721 760 2768 Adhortatus
794 2723 954 2767 milites
990 2741 1043 2766 ne
1068 2725 1311 2767 necessario
1339 2732 1536 2783 tempore
1566 2722 1733 2765 itineris
