1972 3356
612 287 677 320 DF,
707 286 864 322 BELLO
893 284 1107 320 GALLICO
1139 284 1229 318 LIB.
1254 284 1296 317 V.
1577 285 1636 320 131

255 374 378 424 gato,
411 380 542 426 quem
575 364 737 427 legioni
772 382 855 411 x111
885 365 1157 427 praefecerat,
1198 368 1356 413 certior
1397 375 1459 411 est
1494 367 1650 426 factus,

256 459 438 504 magnas
468 444 699 490 Gallorum
730 447 876 507 copias
907 462 1057 489 earum
1087 446 1336 503 civitatum,
1364 464 1461 509 quae
1493 453 1652 494 Armo-

255 524 354 567 ricae
377 524 676 586 appellantur,
699 526 988 587 oppugnandi
1009 528 1074 571 sui
1093 543 1243 585 causa,
1267 530 1524 574 convenisse
1548 548 1557 574 ε
1578 547 1653 574 ne-

256 620 340 663 que
364 603 538 666 longius
559 605 694 649 millia
710 622 918 666 passuum
942 622 1021 651 v111
1046 607 1099 650 ab
1115 608 1313 652 hibernis
1337 610 1426 653 suis
1440 610 1653 666 abfuisse,

254 670 328 728 sed
359 687 515 729 nuntio
539 685 672 729 allato
702 686 756 730 de
780 687 963 731 victoria
992 688 1196 745 Caesaris,
1223 687 1488 747 discessisse,
1517 690 1653 750 adeo,

254 773 301 808 ut
324 764 438 826 fugae
462 765 616 811 similis
637 766 851 811 discessus
877 768 1116 813 videretur.

315 847 431 890 LIV.
451 850 530 891 'At
561 849 725 906 Caesar,
755 848 1029 910 principibus
1064 850 1278 911 cujusque
1304 851 1493 896 civitatis
1526 851 1579 896 ad
1610 868 1655 897 se

251 930 463 984 evocatis,
497 927 605 973 alios
643 929 913 987 territando,
955 947 1095 991 quum
1135 948 1180 976 se
1218 933 1330 976 scire
1366 948 1461 993 quae
1500 932 1655 977 fierent

252 1006 559 1066 denuntiaret,
591 1009 698 1054 alios
733 1010 1027 1069 cohortando,
1060 1028 1267 1073 magnam
1296 1021 1467 1073 partem
1499 1012 1657 1058 Galliae

251 1088 295 1132 in
328 1088 473 1134 officio
495 1091 650 1134 tenuit.
676 1093 844 1136 Tamen
867 1093 1084 1148 Senones,
1112 1109 1209 1153 quae
1232 1103 1298 1137 est
1320 1094 1474 1138 civitas
1502 1095 1547 1138 in
1572 1095 1657 1156 pri-

251 1172 335 1215 mis
361 1171 510 1227 firma,
538 1182 581 1215 et
613 1188 782 1234 magnae
812 1171 930 1216 inter
960 1171 1115 1229 Gallos
1146 1174 1444 1228 auctoritatis,
1473 1175 1656 1219 Cavari-

251 1268 379 1308 num,
407 1269 538 1312 quem
576 1254 720 1296 Caesar
758 1251 877 1313 apud
903 1269 975 1296 eos
1005 1269 1156 1314 regem
1185 1255 1476 1299 constituerat
1503 1256 1656 1317 (cujus

253 1332 388 1377 frater
422 1333 712 1394 Moritasgus,
744 1333 939 1377 adventu
974 1334 1018 1377 in
1047 1333 1239 1378 Galliam
1272 1336 1482 1391 Caesaris,
1515 1337 1658 1397 cujus-

252 1429 337 1474 que
378 1414 567 1474 majores
602 1430 790 1472 regnum
828 1413 1159 1476 obtinuerant),
1195 1415 1444 1460 interficere
1477 1416 1657 1477 publico

253 1493 439 1538 consilio
475 1494 642 1550 conati,
678 1510 814 1554 quum
848 1492 920 1537 ille
959 1494 1256 1554 praesensisset
1287 1512 1338 1540 ac
1370 1496 1656 1560 profugisset,

252 1591 391 1634 usque
412 1574 466 1618 ad
492 1573 602 1619 fines
630 1575 840 1630 insecuti,
864 1590 1004 1636 regno
1033 1574 1255 1636 domoque
1283 1576 1568 1638 expulerunt3
1591 1588 1657 1636 et,

251 1656 391 1699 missis
424 1654 479 1699 ad
511 1658 729 1701 Caesarem
760 1654 1057 1699 satisfaciendi
1085 1672 1216 1700 causa
1249 1655 1423 1719 legatis,
1451 1674 1590 1719 quum
1624 1660 1660 1703 is

252 1753 430 1781 omnem
463 1736 519 1780 ad
547 1754 592 1781 se
617 1747 818 1781 senatum
846 1737 997 1780 venire
1020 1737 1242 1797 jussisset,
1275 1737 1396 1783 dicto
1428 1738 1660 1784 audientes

252 1834 342 1861 non
360 1817 554 1862 suerunt.
574 1820 768 1861 Tantum
790 1817 910 1878 apud
928 1817 1129 1861 homines
1146 1817 1360 1864 barbaros
1376 1818 1517 1864 valuit
1531 1855 1543 1877 ,
1568 1836 1658 1865 esse

250 1907 447 1959 repertos
492 1897 664 1959 aliquos
711 1898 933 1959 principes
974 1896 1079 1941 belli
1120 1898 1360 1955 inferendi,
1401 1910 1662 1962 tantamque

252 1979 456 2024 omnibus
480 1979 758 2023 voluntatum
787 1979 1185 2023 commutationem
1210 1978 1378 2036 attulit,
1404 1991 1477 2038 ut,
1504 1991 1662 2043 praeter

252 2060 416 2105 AEduos
444 2070 487 2105 et
511 2063 697 2116 Remos,
726 2076 836 2121 quos
863 2060 1089 2121 praecipuo
1116 2076 1291 2121 semper
1317 2061 1488 2106 honore
1515 2063 1661 2108 Caesar

253 2140 426 2196 habuit,
451 2140 612 2186 alteros
635 2158 716 2202 pro
740 2151 889 2185 vetere
908 2157 958 2185 ac
982 2150 1198 2202 perpetua
1218 2158 1323 2202 erga
1349 2141 1568 2203 populum
1592 2159 1663 2187 ro-

254 2239 436 2267 manum
453 2223 568 2280 fide,
588 2222 749 2267 alteros
777 2239 858 2284 pro
884 2222 1137 2267 recentibus
1166 2220 1330 2266 Gallici
1353 2221 1458 2266 belli
1483 2222 1663 2280 officiis,

254 2302 375 2347 nulla
404 2303 497 2347 fore
521 2304 674 2348 civitas
703 2303 837 2347 fuerit
860 2320 950 2347 non
981 2312 1186 2364 suspecta
1216 2303 1360 2348 nobis.
1382 2303 1528 2365 quue
1554 2303 1665 2348 adeo

254 2385 369 2429 haud
409 2386 497 2429 scio
527 2385 839 2430 mirandumne
869 2386 952 2442 sit,
980 2402 1120 2446 quum
1151 2383 1457 2446 compluribus
1485 2385 1582 2432 aliis
1611 2385 1666 2429 de

253 2468 422 2523 causis,
450 2477 546 2510 tum
577 2467 792 2524 maxime,
829 2466 971 2528 quod,
1004 2467 1079 2527 qui
1109 2467 1276 2510 virtute
1316 2466 1421 2512 belli
1457 2467 1666 2512 omnibus

254 2547 461 2607 gentibus
481 2547 848 2607 praeferebantur,
869 2557 1046 2592 tantum
1070 2564 1115 2592 se
1138 2547 1232 2608 ejus
1258 2548 1484 2608 opinionis
1506 2546 1667 2609 deper-

253 2626 436 2683 didisse,
462 2638 511 2672 ut
536 2646 561 2673 a
583 2628 751 2689 populo
775 2619 963 2673 romano
988 2629 1175 2689 imperia
1199 2628 1468 2689 perferrent,
1498 2626 1668 2689 gravis-

254 2709 361 2751 sime
391 2706 616 2755 dolebant.

1435 2811 1468 2842 5)-
