1972 3356
458 277 531 313 204
698 272 737 305 C.
764 269 893 303 JULII
924 268 1147 303 CAESARIS
1175 268 1437 303 COMMENT.
1469 270 1613 304 LIBER

454 365 624 407 rentur,
645 354 745 414 jura
768 352 973 413 legesque
993 351 1261 411 acciperent,
1284 360 1326 394 et
1346 360 1625 395 externorum
1644 353 1832 398 hostium

451 446 616 480 metum
642 434 925 495 deponerent.
951 433 1054 475 Haec
1077 432 1122 474 in
1146 432 1286 491 Syria,
1312 429 1488 488 Cilicia,
1511 433 1610 476 Asia
1638 432 1836 478 celeriter

451 533 494 560 se
516 515 817 560 confecturum
842 513 1067 574 sperabat,
1093 510 1211 572 quod
1233 511 1299 555 hae
1323 513 1557 572 provinciae
1580 512 1701 557 nullo
1722 513 1836 558 bello

450 596 775 657 premebantur.
804 596 854 638 In
882 594 1085 653 Bithynia
1114 609 1163 636 ac
1189 594 1330 636 Ponto
1358 591 1456 653 plus
1492 595 1636 638 oneris
1664 594 1838 639 videbat

451 677 532 720 sibi
558 675 810 738 impendere
839 692 847 718 :
880 691 969 718 non
995 675 1111 717 enim
1138 675 1367 718 excessisse
1395 676 1537 718 Ponto
1565 675 1836 720 Pharnacem

450 757 647 802 audierat
661 792 672 814 ⁷
688 773 830 817 neque
847 771 1123 799 excessurum
1144 754 1347 814 putabat,
1364 772 1499 815 quum
1516 771 1613 799 secu
1622 755 1708 799 ndo
1723 773 1837 817 proe-

452 838 510 884 lio
538 849 646 883 esset
685 837 961 881 vehementer
1000 834 1199 891 inflatus,
1242 834 1361 895 quod
1398 845 1552 880 contra
1589 837 1835 881 Domitium

450 919 681 965 Calvinum
708 919 882 963 fecerat.
911 919 1222 961 Commoratus
1247 915 1333 959 fere
1358 916 1399 959 in
1425 916 1628 960 omnibus
1654 917 1838 962 civitati-

450 1002 531 1045 bus
547 1036 558 1056 ,
580 1017 676 1061 quae
697 999 861 1059 majore
881 1006 984 1041 sunt
1009 995 1220 1057 dignitate
1236 1030 1246 1050 ‚
1271 996 1450 1056 praemia
1471 996 1582 1040 bene
1605 999 1771 1042 meritis
1794 1008 1837 1042 et

449 1082 613 1125 viritim
631 1115 641 1137 ⁷
663 1090 704 1124 et
723 1077 899 1141 publice
919 1077 1073 1120 tribuit
1097 1094 1105 1119 ;
1130 1075 1184 1118 de
1205 1077 1513 1120 controversiis
1534 1078 1752 1122 veteribus
1773 1095 1840 1123 co-

451 1163 619 1224 gnoscit
643 1178 691 1205 ac
715 1160 866 1204 statuit
893 1176 901 1201 :
925 1174 1070 1218 reges,
1096 1166 1325 1217 tyrannOS,
1354 1155 1556 1217 dynastas
1581 1159 1837 1219 provinciae,

450 1244 765 1302 finitimosque,
781 1240 856 1301 qui
874 1255 1026 1283 omnes
1041 1236 1095 1281 ad
1111 1254 1209 1280 eum
1225 1247 1560 1294 concurrerant,
1577 1249 1780 1300 receptos
1794 1241 1839 1284 in

449 1324 579 1368 fidem
595 1359 605 1380 ,
622 1321 949 1368 conditionibus
964 1319 1178 1380 impositis
1195 1318 1432 1378 provinciae
1447 1318 1617 1362 tuendae
1631 1336 1682 1364 ac
1696 1319 1840 1364 defen-

449 1405 626 1459 ‹lendae‚
657 1403 860 1456 dimittit,
886 1410 929 1445 et
952 1400 1033 1444 sibi
1056 1408 1099 1443 et
1125 1397 1290 1460 populo
1314 1415 1497 1442 romano
1519 1400 1814 1446 amicissimos.

513 1489 675 1532 LXVI.
691 1485 846 1530 Paucis
861 1483 1013 1528 diebus
1033 1482 1078 1525 in
1100 1498 1148 1525 ea
1170 1481 1395 1542 provincia
1414 1483 1703 1542 consumptis,
1720 1485 1838 1527 Sext.

450 1571 689 1623 Caesarem,
717 1566 906 1610 amicum
934 1573 976 1607 et
1007 1562 1298 1606 necessarium
1326 1578 1477 1618 suum,
1503 1561 1746 1624 legionibus
1770 1565 1842 1623 Sy-

449 1650 610 1709 riaeque
637 1646 841 1709 praeficit3
869 1647 960 1706 ipse
989 1642 1140 1688 eadem
1166 1641 1323 1698 classe⁷
1351 1659 1438 1702 qua
1466 1653 1668 1700 venerat,
1705 1643 1840 1704 profi-

450 1730 625 1773 ciscitur
656 1728 701 1771 in
740 1726 954 1771 Ciliciam.
1000 1724 1137 1784 Cujus
1176 1723 1410 1783 provinciae
1447 1723 1642 1767 civitates
1689 1741 1841 1768 omnes

451 1819 604 1854 evocat
626 1811 837 1864 Tarsum,
861 1804 981 1866 quod
1009 1803 1222 1865 oppidum
1249 1803 1338 1846 fere
1367 1804 1501 1847 totius
1526 1803 1690 1848 Ciliciae
1715 1805 1839 1849 nobi-

453 1890 664 1934 lissimum
700 1888 1076 1945 fortissimumque
1110 1894 1187 1927 est.
1218 1884 1305 1940 Ibi,
1339 1884 1468 1928 rebus
1507 1885 1711 1929 omnibus
1740 1903 1843 1946 pro-

457 1971 608 2014 vinciae
633 1980 675 2014 et
704 1969 990 2012 finitimarum
1019 1966 1249 2009 civitatum
1289 1965 1536 2008 constitutis
1557 1999 1569 2020 ‚
1604 1962 1844 2026 cupiditate

455 2049 758 2113 proficiscendi
782 2049 837 2092 ad
862 2046 1023 2091 bellum
1048 2044 1289 2107 gerendum
1315 2061 1404 2089 non
1430 2043 1596 2089 diutius
1621 2056 1842 2099 moratum

454 2131 710 2193 magnisque
752 2128 982 2173 itineribus
1023 2143 1101 2187 per
1141 2125 1465 2187 Cappadociam
1507 2125 1737 2184 confectis,
1781 2127 1845 2171 bi-

456 2213 593 2256 duum
621 2214 810 2256 Mazacae
842 2217 1164 2259 commoratus,
1199 2207 1320 2249 venit
1355 2208 1572 2261 Comana,
1606 2209 1846 2252 vetustissi-

457 2311 578 2337 mum
605 2303 646 2336 et
675 2290 998 2335 sanctissimum
1026 2288 1070 2330 in
1094 2285 1375 2347 Cappadocia
1398 2285 1586 2331 Bellonae
1608 2287 1844 2349 templum,

457 2373 577 2437 quod
605 2382 726 2417 tanta
753 2370 964 2432 religione
991 2367 1172 2423 colitur,
1202 2377 1250 2411 ut
1282 2366 1484 2411 sacerdos
1512 2367 1600 2411 deae
1630 2368 1723 2428 ejus
1749 2385 1842 2412 ma-

456 2456 631 2515 jestate,
660 2452 865 2513 imperio,
892 2460 935 2493 et
962 2449 1160 2510 potentia
1188 2446 1404 2491 secundus
1431 2464 1455 2491 a
1481 2464 1604 2508 rege,
1631 2464 1844 2492 consensu

460 2536 599 2595 gentis
625 2533 762 2588 illius,
787 2531 1015 2576 habeatur.
1042 2529 1093 2572 Id
1116 2528 1283 2572 homini
1307 2526 1578 2572 nobilissimo
1604 2528 1843 2589 Lycomedi

460 2615 664 2676 Bithynio
685 2611 975 2673 adjudicavit,
999 2610 1075 2669 qui
1103 2610 1224 2670 regio
1253 2607 1566 2669 Cappadocum
1592 2625 1750 2669 genere
1775 2627 1843 2653 or—

465 2705 550 2750 tus,
576 2705 756 2754 propter
778 2692 1005 2737 adversam
1026 2690 1245 2734 fortunam
1271 2689 1486 2749 majorum
1509 2705 1687 2733 suorum
1711 2700 1844 2734 muta-
