1972 3356
604 203 671 238 DE
699 202 760 237 BE
767 201 866 237 LLO
898 203 1284 240 ALEXANDRINO.
1574 217 1644 253 ¹99

246 288 326 332 sibi
359 287 597 333 fidissimos
614 303 730 342 esse,
747 286 1013 348 nullumque
1032 287 1279 348 periculum
1303 287 1616 350 deprecaturos
1633 325 1644 348 ,

247 368 352 413 dum
381 385 458 430 per
484 385 557 413 eos
581 368 745 413 Caesari
771 367 1002 429 provincia
1024 368 1344 413 restitueretur.

307 451 468 495 LVIII.
494 449 678 494 Interim
691 448 883 492 Thorius
907 447 963 491 ad
986 448 1243 493 Cordubam
1263 460 1428 495 veteres
1451 450 1646 514 legiones

241 531 422 576 adducit
443 548 452 575 :
480 547 530 575 ac
545 565 556 587 ,
579 547 634 574 ne
655 528 938 573 dissensionis
963 529 1139 573 initium
1164 539 1318 574 natum
1344 532 1548 578 seditiosa
1566 535 1646 578 mi-

240 612 365 657 litum
391 627 558 672 suaque
585 609 810 654 videretur
830 619 1012 666 natura,
1042 608 1171 654 simul
1195 620 1243 655 ut
1274 622 1431 657 contra
1454 614 1511 671 Q.
1538 616 1646 660 Cas-

240 694 374 751 sium,
399 693 473 753 qui
503 692 688 736 Caesaris
712 691 891 734 nomine
912 690 1157 751 majoribus
1183 692 1349 737 viribus
1376 694 1439 738 uti
1469 695 1646 739 videba-

239 784 325 829 tur,
346 789 469 834 aeque
493 781 719 834 potentem
749 780 997 833 opponeret
1020 770 1304 834 dignitatem,
1326 776 1408 818 Cn.
1432 776 1644 836 Pompeio

236 871 281 899 se
320 854 594 915 provinciam
623 868 888 915 recuperare
920 851 1030 897 velle
1053 852 1198 914 palam
1225 853 1455 900 dictitabat
1481 866 1524 900 et
1554 856 1641 901 foi·-

234 936 345 979 sitan
378 936 510 979 etiam
542 936 624 980 hoc
655 935 804 980 fecerit
831 934 935 979 odio
967 936 1151 980 Caesaris
1177 946 1219 980 et
1242 953 1392 981 amore
1421 939 1642 1000 Pompeii,

232 1017 359 1078 cujus
396 1033 558 1062 nomen
585 1016 776 1062 multum
810 1027 985 1078 poterat
1010 1016 1130 1079 apud
1162 1034 1234 1063 eas
1277 1017 1496 1081 legiones,
1533 1037 1642 1081 quas

233 1101 295 1143 M.
317 1100 462 1143 Varro
490 1099 772 1156 obtinuerat3
795 1099 895 1156 sed,
922 1098 962 1142 id
985 1116 1070 1159 qua
1095 1109 1244 1143 mente
1263 1110 1512 1145 commotus
1537 1101 1644 1146 fece-

233 1181 313 1236 rit,
339 1181 593 1241 conjectura
618 1180 719 1224 sciri
749 1197 839 1224 non
874 1189 1019 1241 potest
1047 1197 1054 1224 :
1079 1190 1196 1224 certe
1222 1181 1307 1226 hoc
1335 1198 1423 1243 prae
1452 1199 1496 1226 se
1524 1182 1643 1227 Tho-

233 1262 323 1306 rius
337 1261 532 1316 ferebat3
553 1259 713 1305 milites
739 1261 850 1306 adeo
871 1261 1148 1319 fatebantur,
1168 1272 1215 1307 ut
1241 1265 1322 1308 Cn.
1346 1264 1546 1325 Pompeii
1567 1281 1644 1309 no—

234 1359 333 1386 men
364 1343 408 1386 in
436 1344 570 1386 scutis
599 1343 862 1403 inscriptum
891 1342 1121 1387 haberent.
1146 1346 1368 1405 Frequens
1393 1343 1641 1406 legionibus

231 1431 475 1466 conventus
506 1423 682 1467 obviam
718 1422 894 1483 prodit3
933 1439 1076 1484 neque
1112 1434 1283 1468 tantum
1313 1426 1542 1481 virorum,
1567 1426 1640 1471 sed

231 1504 361 1547 etiam
386 1513 578 1548 matrum
616 1502 804 1548 familias
834 1520 884 1548 ac
917 1514 1305 1566 praetextatorum3
1357 1506 1643 1568 deprecatur-

230 1599 343 1645 que,
362 1601 416 1628 ne
444 1583 591 1629 hostili
620 1585 816 1629 adventu
848 1585 1107 1630 Cordubam
1141 1585 1387 1648 diriperent
1425 1605 1434 1632 :
1463 1605 1566 1633 nam
1597 1606 1642 1634 se

230 1674 385 1710 contra
412 1668 615 1712 Cassium
645 1668 807 1711 sentire
841 1684 942 1711 cum
980 1668 1208 1723 omnibu53
1246 1679 1398 1713 contra
1424 1671 1641 1715 Caesarem

232 1763 288 1792 ne
308 1747 451 1793 facere
474 1758 757 1810 cogerentur,
781 1765 921 1793 orare.

297 1831 414 1873 LIX.
438 1831 592 1873 Tantae
616 1828 915 1874 multitudinis
944 1829 1148 1889 precibus
1176 1840 1217 1874 et
1243 1829 1450 1892 lacrymis
1476 1833 1638 1877 exerci-

234 1921 302 1954 tus
326 1920 575 1955 commotus
600 1927 739 1972 quum
767 1910 955 1967 videret,
979 1910 1032 1954 ad
1055 1912 1258 1955 Cassium
1286 1912 1639 1973 persequendum

233 1990 342 2035 nihil
360 2008 472 2053 opus
495 2009 587 2036 esse
608 1994 688 2037 Cn.
716 1992 915 2053 Pompeii
939 1992 1117 2035 nomine
1140 2003 1183 2037 et
1202 1994 1438 2048 memoria3
1460 2002 1640 2055 tamque

231 2073 436 2117 omnibus
465 2073 747 2130 Caesarianis,
771 2089 904 2134 quam
930 2073 1239 2134 Pompeianis,
1266 2074 1520 2135 Longinum
1546 2090 1639 2119 esse

232 2155 276 2197 in
298 2153 426 2210 odio;
449 2171 593 2216 neque
614 2172 657 2199 se
678 2164 971 2211 conventum,
1001 2170 1143 2215 neque
1160 2156 1221 2198 M.
1249 2154 1512 2199 Marcellum
1535 2171 1639 2200 con-

234 2246 298 2279 tra
326 2237 511 2281 Caesaris
537 2253 713 2281 causam
740 2252 865 2297 posse
890 2235 1152 2297 perducere3
1181 2253 1343 2280 nomen
1370 2237 1568 2298 Pompeii
1586 2253 1639 2280 ex

231 2318 366 2362 scutis
403 2318 710 2374 detraxerunt,
747 2316 1034 2367 Marcellum,
1064 2318 1139 2378 qui
1179 2334 1224 2362 se
1253 2318 1436 2363 Caesaris
1460 2334 1638 2362 causam

233 2398 517 2443 defensurum
546 2398 858 2460 profitebatur,
891 2399 1045 2443 ducem
1080 2400 1354 2449 asciverunt,
1383 2410 1638 2461 praetorem-

233 2497 317 2542 que
341 2479 648 2542 appellarunt,
672 2490 715 2524 et
739 2480 820 2524 sibi
849 2491 1119 2525 conventum
1139 2479 1463 2541 adjunxerunt,
1480 2490 1638 2524 castra-

232 2579 318 2623 que
339 2561 394 2606 ad
411 2561 668 2606 Cordubam
685 2572 944 2623 posuerunt.
972 2563 1147 2607 Cassius
1172 2579 1222 2606 eo
1244 2561 1380 2606 biduo
1400 2562 1574 2606 circiter
1590 2578 1637 2606 iv

236 2642 368 2687 millia
397 2660 605 2705 passuum
638 2660 660 2687 a
683 2643 914 2700 Corduba,
943 2646 1055 2689 citra
1098 2643 1264 2688 flumen
1296 2644 1467 2698 Baetim,
1495 2643 1539 2686 in
1568 2660 1640 2704 op-
