1972 3356
350 231 390 266 C.
419 231 552 268 JULII
581 233 802 270 CAESARIS
834 234 996 271 COMM.
1028 235 1095 270 DE
1127 215 1287 270 BE'LLo
1316 235 1462 270 GALL.
1533 247 1603 270 221

196 334 335 378 quum
373 316 486 362 latos
522 317 631 363 fines
665 329 709 363 et
744 319 976 381 complura
1010 320 1175 382 oppida
1208 320 1443 375 haberent,
1475 321 1608 365 unius

198 398 384 461 legionis
412 399 612 444 hibernis
649 417 740 445 non
769 410 1008 462 potuerant
1044 402 1266 445 contineri
1302 402 1412 462 quin
1442 400 1607 446 bellum

198 489 407 540 pararent
438 481 860 542 conjurationesque
889 481 1099 526 facerent.

264 564 343 608 III.
380 564 635 623 Repentino
661 562 856 606 adventu
882 563 1066 607 Caesaris
1097 562 1287 620 accidit,
1319 564 1440 624 quod
1469 565 1610 626 impa-

201 644 307 688 ratis
344 642 626 704 disjectisque
665 642 865 687 accidere
899 642 983 687 fuit
1013 660 1215 700 necesse,
1245 653 1296 687 ut
1328 645 1422 688 sine
1453 646 1612 689 timore

202 724 293 770 ullo
332 741 436 768 rura
483 723 679 768 colentes
722 725 846 785 prius
897 724 952 768 ab
999 727 1201 785 equitatu
1247 726 1613 786 opprimerentur

202 822 335 867 quam
359 805 598 867 confugere
626 807 671 849 in
696 805 861 867 oppida
892 816 1084 867 possent.
1110 807 1317 868 Namque
1342 807 1475 851 etiam
1502 806 1610 851 illud

202 885 385 948 vulgare
409 887 676 931 incursionis
696 888 873 949 signum
894 888 1090 932 hostium
1104 924 1114 944 ,
1131 888 1252 949 quod
1273 888 1492 933 incendiis
1512 888 1615 933 aedi-

202 968 405 1012 ficiorum
438 967 628 1031 intelligi
662 970 914 1026 consuevit,
943 971 1130 1014 Caesaris
1164 969 1209 1013 id
1243 980 1339 1014 erat
1374 970 1615 1014 interdicto

202 1048 448 1107 sublatum,
486 1067 541 1094 ne
569 1061 646 1094 aut
675 1051 803 1112 copia
831 1050 985 1112 pabuli
1015 1051 1340 1113 frumentique,
1373 1052 1408 1096 si
1440 1051 1616 1115 longius

203 1131 414 1193 progredi
444 1130 605 1187 vellet,
637 1132 923 1189 deficeretur,
948 1142 1025 1176 aut
1054 1133 1201 1177 hostes
1232 1133 1448 1177 incendiis
1479 1144 1617 1178 terre—

205 1222 376 1256 rentur.
403 1211 560 1257 Multis
580 1213 819 1258 hominum
843 1213 1041 1258 millibus
1063 1215 1225 1276 captis,
1250 1215 1475 1276 perterriti
1495 1216 1618 1259 Bitu-

206 1294 344 1356 riges,
369 1295 444 1355 qui
473 1295 670 1355 primum
693 1294 935 1339 adventum
966 1295 1162 1357 effugere
1187 1305 1430 1357 potuerant
1451 1298 1618 1340 Roma—

207 1392 394 1430 norum,
419 1376 464 1419 in
490 1375 703 1421 finitimas
724 1377 924 1421 civitates
940 1411 951 1433 ,
976 1386 1053 1420 aut
1077 1377 1260 1437 privatis
1286 1377 1490 1439 hospitiis
1514 1395 1620 1422 con-

208 1457 276 1502 fisi
321 1467 397 1502 aut
437 1458 647 1502 societate
686 1458 1004 1514 consiliorum,
1058 1457 1366 1520 confugerant.
1409 1462 1621 1511 Frustra3

208 1556 312 1584 nam
352 1540 499 1584 Caesar
534 1540 706 1601 magnis
740 1540 974 1585 itineribus
1006 1539 1214 1584 omnibus
1255 1538 1363 1584 locis
1398 1541 1621 1595 occurrit,

208 1638 289 1666 nec
317 1621 393 1665 dat
423 1619 502 1665 ulli
537 1621 704 1666 civitati
734 1622 927 1683 spatium
961 1620 1014 1666 de
1049 1620 1193 1666 aliena
1225 1622 1373 1683 potius
1406 1639 1540 1683 quam
1569 1621 1623 1666 de

210 1702 451 1748 domestica
479 1702 620 1748 salute
642 1703 870 1766 cogitandi
896 1721 904 1747 :
931 1721 1019 1765 qua
1044 1703 1271 1748 celeritate
1289 1713 1331 1748 et
1351 1703 1502 1748 fideles
1517 1704 1625 1747 aini-

211 1802 285 1830 cos
309 1786 547 1843 retinebat,
571 1796 615 1830 et
641 1785 894 1831 dubitantes
919 1795 1088 1830 terrore
1118 1785 1173 1830 ad
1199 1785 1477 1831 conditiones
1505 1787 1624 1848 pacis

212 1866 473 1911 adducebat.
504 1866 604 1911 Tali
631 1866 890 1911 conditione
919 1867 1172 1928 proposita,
1203 1868 1455 1929 Bituriges,
1485 1885 1625 1929 quum

215 1948 296 1993 sibi
325 1948 530 1992 viderent
560 1947 797 1992 clementia
827 1948 1013 1993 Caesaris
1046 1948 1240 1993 reditum
1267 1959 1420 2011 patere
1456 1950 1500 1993 in
1532 1950 1626 2011 ejus

216 2030 481 2086 amicitiam,
506 2029 808 2090 finitimasque
833 2030 1033 2074 civitates
1059 2031 1153 2075 sine
1180 2029 1269 2075 ulla
1297 2048 1427 2093 poena
1453 2030 1626 2075 dedisse

215 2110 390 2156 obsides
414 2121 546 2172 atque
574 2111 617 2155 in
649 2111 782 2155 fidem
808 2122 1007 2173 receptas
1030 2129 1144 2169 esse,
1168 2112 1286 2156 idem
1311 2112 1528 2157 fecerunt.

280 2194 358 2237 IV.
381 2194 528 2237 Caesar
549 2192 786 2249 militibus,
808 2210 890 2254 pro
911 2203 1035 2238 tanto
1055 2192 1205 2239 labore
1225 2211 1274 2238 ac
1292 2195 1531 2256 patientia,
1551 2196 1627 2256 qui

218 2274 497 2319 brumalibus
519 2274 694 2332 diebus,
719 2275 954 2320 itineribus
978 2274 1277 2334 difficillimis,
1300 2275 1541 2338 frigoribus
1566 2279 1630 2320 in-

220 2355 483 2414 tolerandis,
508 2356 829 2401 studiosissime.
853 2368 1191 2419 permanserant
1215 2359 1260 2402 in
1289 2357 1465 2416 labore,
1497 2358 1631 2404 duce-

220 2455 301 2483 nos
321 2439 564 2494 sestertios,
586 2439 924 2483 centurionibus
953 2456 986 2484 Π
1014 2439 1152 2484 millia
1179 2456 1442 2497 nummum,
1473 2441 1631 2502 praedae

220 2520 422 2578 nomine,
439 2519 735 2564 condonanda
752 2519 1009 2581 pollicetur,
1029 2520 1367 2584 legionibusque
1382 2522 1428 2565 in
1444 2523 1631 2567 hiberna

220 2603 436 2660 remissis,
470 2602 564 2664 ipse
600 2618 645 2646 se
678 2602 837 2664 recipit
865 2602 935 2648 die
957 2620 1017 2648 XL
1045 2603 1263 2648 Bibracte.
1298 2603 1366 2648 Ibi
1397 2620 1536 2666 quum
1561 2604 1633 2666 jus

222 2683 406 2743 diceret,
431 2685 654 2747 Bituriges
678 2684 733 2729 ad
756 2701 858 2729 eum
882 2684 1048 2747 legatos
1076 2686 1289 2743 mittunt,
1319 2684 1534 2731 auxilium
1561 2703 1634 2748 pe-
