1972 3356
365 187 407 210 12
566 174 605 209 C.
634 172 766 209 JULII
796 171 1015 207 CAESARIS
1046 170 1543 206 COMMENTARIORUM

424 259 592 303 XVIII.
612 255 795 299 Interim
814 254 976 298 Caesari
997 254 1253 310 nuntiatur,
1271 253 1580 298 Sulmonenses
1598 289 1609 309 ,
1630 254 1750 315 quod

361 339 575 401 oppidum
595 354 619 381 a
639 336 837 383 Corfinio
858 351 923 380 vn
954 334 1141 379 millium
1166 333 1397 378 intervallo
1418 335 1540 378 abest
1555 369 1566 390 ,
1589 351 1749 396 cupere

361 437 411 464 ea
435 419 595 474 faeere,
616 434 713 478 quae
732 416 880 472 vellet;
905 416 978 461 sed
1005 433 1029 460 a
1049 417 1107 474 Q.
1127 416 1337 460 Lucretio
1365 425 1588 471 senatore,
1615 425 1659 458 et
1676 418 1751 461 At·

364 502 424 544 tio
457 498 639 560 Peligno
688 497 933 559 prohiberi,
974 497 1048 556 qui
1087 494 1131 538 id
1162 495 1379 556 oppidum
1406 511 1468 539 v11
1501 495 1751 539 cohortium

364 579 566 642 praesidio
592 579 813 623 tenebant.
835 578 976 621 Mittit
1002 594 1054 621 eo
1079 579 1139 621 M.
1170 576 1412 621 Antonium
1441 593 1541 620 cum
1566 574 1753 637 legionis

363 671 526 706 octavae
559 660 815 705 cohortibus
842 659 1053 719 quinque.
1095 657 1427 713 Sulmonenses,
1456 655 1588 701 simul
1621 667 1754 718 atque

365 753 515 787 nostra
543 743 668 803 signa
696 739 924 795 viderunt,
952 749 1102 800 portas
1130 749 1423 799 aperuerunt,
1453 738 1756 798 universique,

365 834 408 868 et
425 822 636 885 oppidani
661 832 705 866 et
726 821 910 875 milites,
939 821 1115 864 obviam
1132 819 1402 881 gratulantes
1426 820 1621 864 Antonio
1641 819 1756 863 exie-

366 915 471 948 runt
494 922 502 948 :
532 904 764 948 Lucretius
787 912 831 946 et
855 902 999 946 Attius
1023 900 1076 944 de
1092 917 1219 944 muro
1237 917 1280 944 se
1295 901 1563 961 dejecerunt.
1585 901 1756 954 Attius,

366 985 420 1029 ad
447 985 692 1029 Antonium
720 983 961 1039 deductus,
988 983 1141 1042 petiit,
1166 991 1216 1024 ut
1242 981 1298 1025 ad
1324 983 1536 1025 Caesarem
1568 982 1759 1024 mittere·-

366 1076 453 1109 tur.
489 1065 706 1110 Antonius
727 1080 828 1107 eum
862 1063 1121 1107 cohortibus
1144 1072 1187 1105 et
1217 1062 1337 1107 Attio
1358 1060 1512 1105 eodem
1546 1061 1639 1118 die,
1671 1077 1759 1121 quo

367 1146 590 1208 profectus
608 1155 722 1201 erat,
744 1145 995 1188 revertitur.
1015 1146 1161 1188 Caesar
1184 1159 1255 1186 eas
1283 1142 1485 1186 cohortes
1510 1159 1612 1186 cum
1638 1157 1761 1185 exer-

367 1228 456 1270 citu
473 1243 552 1270 suo
567 1226 797 1286 conjunxit
810 1260 822 1281 ,
847 1225 1109 1285 Attiumque
1134 1223 1401 1268 incolumem
1417 1222 1596 1266 dimisit.
1615 1225 1760 1268 Caesar

368 1309 508 1352 tribus
533 1308 685 1368 primis
713 1306 866 1350 diebus
893 1316 1037 1350 castra
1065 1306 1235 1367 magnis
1265 1305 1471 1366 operibus
1497 1304 1695 1360 munire,
1719 1312 1762 1347 et

369 1406 420 1432 ex
444 1388 641 1432 finitimis
664 1388 916 1447 municipiis
931 1386 1204 1430 frumentum
1230 1395 1510 1446 comportare
1525 1419 1536 1438 ,
1552 1383 1761 1444 reliquas-

370 1485 456 1529 que
487 1469 634 1529 copias
662 1477 916 1528 exspectare
945 1468 1146 1510 instituit.
1186 1468 1252 1510 Eo
1279 1466 1426 1509 triduo
1456 1464 1571 1526 legio
1598 1480 1681 1508 vui
1707 1463 1761 1507 ad

370 1567 470 1594 eum
497 1550 637 1604 venit,
663 1548 955 1607 cohortesque
977 1564 1027 1591 ex
1054 1547 1178 1590 novis
1205 1545 1359 1589 Galliae
1383 1545 1622 1589 delectihus
1644 1561 1763 1597 xxii,

369 1632 625 1691 equitesque
644 1630 698 1673 ab
721 1645 823 1689 rege
843 1629 995 1672 norico
1021 1629 1196 1671 circiter
1218 1643 1313 1672 ccc.
1340 1628 1547 1683 Quorum
1567 1625 1762 1669 adventu

371 1710 507 1755 altera
528 1720 669 1755 castra
693 1709 747 1753 ad
771 1708 953 1753 alteram
977 1708 1128 1769 oppidi
1152 1718 1320 1768 partem
1345 1709 1483 1767 ponit.
1506 1708 1585 1749 His
1612 1707 1764 1749 castris

372 1792 614 1836 Curionem
640 1789 832 1850 praefecit
861 1806 869 1831 1
900 1787 1079 1847 reliquis
1104 1787 1258 1830 diebus
1283 1786 1497 1848 oppidum
1526 1786 1642 1829 vallo
1671 1804 1765 1830 cas-

373 1871 573 1931 tellisque
612 1870 931 1914 circumvenire
968 1868 1169 1911 instituit.
1205 1868 1345 1927 Cujus
1387 1868 1534 1928 operis
1577 1868 1765 1911 maxima

373 1963 497 2014 parte
533 1951 708 2008 effecta,
742 1950 897 1994 eodem
919 1949 1008 1992 fere
1033 1959 1229 2009 tempore
1264 1949 1383 1992 missi
1413 1947 1464 1991 ad
1506 1949 1765 2009 Pompeium

375 2043 674 2078 revertuntur.

438 2116 559 2158 XIX.
578 2115 759 2160 Litteris
781 2113 983 2176 perlectis
998 2149 1008 2169 ,
1031 2114 1255 2158 Domitius
1277 2112 1557 2157 dissimulans
1587 2113 1630 2155 in
1657 2128 1764 2156 con·

375 2194 478 2239 cilio
518 2196 804 2256 pronuntiat,
838 2196 1096 2255 Pompeium
1137 2194 1333 2239 celeriter
1373 2193 1567 2238 subsidio
1610 2202 1766 2236 ventu-

376 2293 496 2331 rum,
526 2275 817 2336 hortaturque
841 2292 937 2330 eos,
960 2292 1013 2318 ne
1034 2277 1180 2319 animo
1208 2274 1436 2330 deficiant,
1462 2290 1646 2335 quaeque
1670 2274 1768 2317 usui

379 2356 434 2400 ad
458 2356 779 2400 defendendum
805 2355 1018 2417 oppidum
1037 2357 1147 2411 sint,
1171 2366 1326 2417 parent
1346 2356 1461 2415 :ipse
1482 2371 1643 2400 arcano
1667 2370 1768 2398 cum

378 2438 527 2497 paucis
553 2436 841 2481 stuniliaribus
869 2437 957 2480 suis
982 2435 1272 2496 colloquitur,
1302 2435 1625 2495 consiliumque
1656 2433 1769 2494 fugae

378 2535 534 2578 capere
564 2519 806 2562 constituit.
849 2518 998 2574 Quum
1039 2516 1187 2561 vultus
1214 2517 1398 2561 Domitii
1431 2532 1531 2560 cuni
1571 2515 1770 2558 oratione

380 2614 468 2640 non
498 2599 785 2655 consentiret,
825 2607 957 2658 atque
986 2599 1135 2642 onmia
1165 2597 1456 2659 trepidantius
1484 2594 1769 2655 timidiusque
