1972 3356
539 230 605 265 DE
632 228 798 264 BELLO
829 227 1101 263 AFRICANO.
1194 250 1198 254 -
1435 223 1508 259 233

121 315 361 377 Scipionis,
401 324 445 359 et
484 315 646 375 partim
684 314 728 356 in
769 328 953 372 regnum
983 328 1026 355 se
1065 309 1289 366 conferre,
1325 309 1508 371 partim,

120 396 240 457 quod
260 397 341 457 ipsi
370 396 645 456 majoresque
671 409 823 437 eorum
846 392 1059 436 beneficio
1085 393 1134 436 C.
1162 390 1295 434 Marii
1313 390 1378 434 usi
1406 389 1511 434 fuis-

122 487 239 532 sent,
273 480 576 536 Caesaremque
599 475 692 534 ejus
720 472 897 517 affinem
924 488 1014 516 esse
1051 470 1307 527 audiebant,
1335 471 1379 514 in
1417 471 1511 531 ejus

122 568 262 603 castra
294 556 523 619 perfugere
557 554 813 598 catervatim
844 569 933 596 non
961 553 1275 596 intermittunt.
1304 552 1510 608 Quorum

121 657 174 683 ex
201 655 386 683 numero
409 635 556 680 electis
584 635 835 680 hominibus
877 632 1188 676 illustrioribus
1225 630 1435 688 Gaetulis,
1470 642 1513 676 et

121 719 274 764 litteris
301 718 356 762 ad
382 734 483 761 suos
509 718 622 761 cives
652 715 790 772 datis,
820 714 1109 770 cohortatus,
1148 713 1212 757 uti
1240 728 1372 756 manu
1399 711 1512 757 facta

121 817 164 844 se
189 815 376 858 suosque
402 795 714 854 defenderent,
742 805 786 841 et
814 811 869 840 ne
898 795 985 839 suis
1014 794 1202 838 inimicis
1230 793 1512 838 adversariis-

120 897 204 940 que
226 879 343 923 dicto
369 877 595 922 audientes
621 887 788 934 essent,
816 877 963 921 mittit.

182 970 392 1013 XXXIII.
443 970 564 1013 Dum
605 968 696 1012 haec
736 967 791 1012 ad
834 968 1081 1029 Ruspinam
1123 967 1235 1011 fiunt
1253 1004 1263 1023 ,
1292 966 1424 1029 legati
1462 984 1514 1010 ex

116 1048 310 1105 Achilla,
340 1051 520 1094 civitate
548 1048 708 1107 libera,
737 1051 868 1093 etiam
898 1049 1092 1109 undique
1113 1047 1169 1092 ad
1193 1050 1410 1094 Caesarem
1436 1065 1511 1091 ve-

117 1131 263 1186 niunt,
290 1147 422 1192 seque
447 1140 645 1193 paratos,
676 1147 950 1192 quaecunque
985 1131 1262 1191 imperasset,
1293 1139 1336 1174 et
1360 1128 1513 1174 libenti

116 1213 264 1257 animo
291 1212 481 1257 facturos
507 1211 773 1274 pollicentur
801 1229 810 1256 τ
840 1221 1012 1257 tantum
1043 1228 1170 1256 orare
1203 1221 1246 1256 et
1277 1221 1423 1273 petere
1459 1211 1512 1255 ab

117 1310 194 1350 eo,
224 1304 272 1338 ut
296 1294 376 1337 sibi
402 1293 653 1355 praesidium
685 1293 833 1348 daret,
863 1309 952 1354 quo
979 1294 1114 1338 tutius
1132 1292 1176 1337 id
1201 1302 1244 1337 et
1268 1293 1360 1337 sine
1395 1293 1512 1354 peri-

118 1373 218 1419 culo
244 1374 386 1420 facere
410 1385 588 1436 possent
613 1393 621 1419 :
649 1392 694 1419 se
712 1385 754 1419 et
775 1374 1132 1432 frumentum,et
1154 1391 1428 1436 quaecunque
1446 1391 1514 1418 res

117 1457 178 1500 eis
199 1467 476 1518 suppeteret,
500 1457 748 1502 communis
763 1455 916 1501 salutis
931 1457 1069 1518 gratia
1086 1455 1512 1500 subministratums.

117 1537 291 1595 Quibus
325 1538 455 1582 rebus
491 1537 617 1582 facile
654 1554 679 1582 a
709 1539 881 1582 Caesare
920 1537 1190 1598 impetratis,
1224 1536 1516 1598 praesidioque

117 1618 239 1672 dato,
270 1620 319 1664 C.
336 1621 568 1672 Messium,
592 1617 770 1663 aedilitia
799 1618 1002 1662 functum
1030 1628 1266 1679 potestate,
1294 1616 1515 1663 Achillam

114 1700 241 1760 jubet
257 1700 490 1762 proficisci.
502 1700 680 1758 Quibus
696 1700 828 1744 rebus
843 1700 1054 1762 cognitis,
1070 1699 1306 1745 Considius
1320 1702 1517 1762 Longus,

118 1782 191 1842 qui
220 1781 451 1826 Adrumeti
485 1798 585 1825 cum
612 1797 645 1825 11
681 1780 927 1842 legionibus
956 1790 998 1824 et
1033 1781 1255 1841 equitibus
1287 1797 1375 1826 DCC
1410 1798 1519 1842 prae-

124 1872 240 1919 erat,
266 1861 484 1918 celeriter,
506 1862 565 1905 ibi
588 1871 712 1923 parte
738 1860 930 1923 praesidii
947 1859 1124 1918 relicta,
1149 1878 1248 1906 cum
1264 1878 1348 1907 vlu
1364 1862 1520 1906 cohor-

125 1942 242 1987 tibus
261 1942 316 1988 ad
335 1940 552 1988 Achillam
571 1943 633 1987 ire
658 1943 897 1988 contendit.
921 1944 1107 1988 Messius
1121 1979 1132 1999 ,
1153 1942 1338 1988 celerius
1363 1944 1519 1988 itinere

119 2023 318 2069 confecto
334 2059 345 2081 ,
376 2025 497 2085 prior
527 2023 741 2070 Achillam
761 2041 862 2068 cum
887 2024 1143 2068 cohortibus
1159 2025 1372 2085 pervenit.
1396 2026 1517 2070 Con-

120 2104 256 2150 sidius
284 2106 487 2163 interim,
516 2123 652 2167 quum
680 2105 735 2150 ad
765 2105 920 2150 urbem
948 2123 1050 2150 cum
1076 2106 1213 2167 copiis
1239 2107 1518 2162 accessisset,

120 2196 162 2230 et
186 2186 567 2231 animadvertisset
594 2186 847 2248 praesidium
874 2188 1056 2233 Caesaris
1093 2187 1151 2231 ibi
1178 2204 1290 2245 esse,
1314 2204 1403 2232 non
1439 2205 1518 2232 au-

121 2285 192 2312 sus
216 2267 462 2329 periculum
485 2286 668 2314 suorum
699 2268 860 2325 facere,
889 2267 1010 2314 nulla
1036 2286 1083 2314 re
1112 2280 1233 2332 gesta
1260 2287 1341 2332 pro
1366 2269 1518 2315 multi-

120 2350 275 2394 tudine
299 2351 556 2407 hominum,
580 2368 731 2396 rursus
753 2352 1043 2397 Adrumetum
1067 2369 1110 2396 se
1124 2353 1282 2414 recipit
1306 2371 1315 2397 :
1343 2352 1519 2404 deinde,

121 2432 273 2493 paucis
300 2443 398 2493 post
427 2432 598 2488 diebus,
625 2434 902 2495 equestribus
934 2435 1071 2495 copiis
1100 2451 1123 2478 a
1149 2435 1347 2479 Labieno
1379 2433 1518 2478 addu—

119 2513 224 2569 ctis,
251 2530 404 2558 rursus
423 2513 730 2571 Achillitanos,
761 2517 913 2560 castris
942 2517 1120 2577 positis,
1147 2516 1349 2561 obsidere
1373 2518 1518 2578 coepit.

184 2596 393 2640 XXXIV.
427 2598 510 2640 Per
534 2595 576 2640 id
603 2606 776 2658 tempus
803 2600 850 2642 C.
889 2597 1122 2643 Sallustius
1149 2599 1357 2659 Crispus,
1386 2615 1519 2659 quem

122 2677 269 2735 paucis
293 2688 393 2721 ante
415 2676 568 2722 diebus
595 2679 777 2722 missum
801 2697 823 2723 a
850 2683 1019 2724 Caesare
1050 2696 1150 2724 cum
1177 2679 1312 2725 classe
1336 2679 1519 2724 demon·
