2024 3366
618 222 886 258 PRAEFATIO
914 221 1218 258 GENERALIS.
1587 218 1625 266 iij

215 309 388 370 parenti
429 318 592 353 nostrae
622 309 916 353 Universitati
950 307 1189 370 probatum
1223 307 1307 365 sit,
1343 317 1384 352 et
1419 317 1627 369 optamus

214 411 257 445 et
281 402 521 457 enitemur3
549 417 640 444 non
670 391 845 444 animus
875 408 1014 456 certe⁷
1040 416 1131 444 non
1157 416 1314 461 opera,
1350 416 1438 443 non
1464 399 1627 444 auxilia

215 492 343 536 nobis
369 490 601 536 defuerint.
633 493 730 534 Hoc
753 491 872 534 enim
897 499 1031 534 tantae
1058 489 1186 534 molis
1210 507 1323 552 opus
1352 507 1408 535 ne
1432 492 1627 552 aggressi

214 582 394 644 quidem
419 582 675 639 fuissemus,
702 582 787 626 nisi
813 582 1030 626 incertam
1055 591 1098 626 et
1125 581 1403 626 diffidentem
1432 593 1626 628 mentem

212 673 518 719 confirmasset
542 684 584 719 et
610 674 886 720 accendisset
906 684 1014 718 nota
1033 673 1126 735 jam
1143 684 1187 718 et
1210 683 1407 736 spectata
1434 674 1628 720 honora-

212 766 369 809 tissimi
391 765 575 810 editoris
601 768 651 810 C.
679 768 730 810 L.
757 768 804 810 F.
830 768 1178 823 PANCKOUcmz,
1206 766 1252 810 in
1277 766 1451 828 magnis
1477 767 1625 828 operi-

210 857 294 901 bus
319 867 363 902 et
387 856 681 919 suscipiendis
706 867 749 902 et
774 856 1056 919 perficiendis
1087 857 1363 915 constantia3
1390 858 1476 902 nisi
1510 858 1626 902 vires

211 965 392 1010 quoque
419 958 463 993 et
488 966 610 1011 spem
642 949 773 994 nobis
801 948 1078 994 addidissent
1111 948 1410 1012 plurimorum
1447 960 1491 994 et
1524 952 1626 1011 qui-

210 1040 311 1084 dem
362 1041 645 1102 egregiorum
684 1042 730 1085 in
774 1042 1008 1104 parisiensi
1040 1041 1280 1086 Academia
1320 1041 1625 1104 professorum

209 1149 317 1177 cura
351 1132 612 1194 diligentior
642 1142 685 1177 et
727 1132 924 1195 adjutrix
956 1134 1153 1178 amicitia
1186 1151 1195 1178 :
1228 1133 1391 1195 quibus
1431 1151 1623 1179 consen-

211 1223 424 1268 tientibus
460 1234 504 1268 et
527 1240 618 1268 una
654 1224 1041 1286 conspirantibus,
1069 1243 1151 1270 nos
1183 1235 1311 1270 tanto
1337 1226 1463 1271 oneri
1490 1227 1623 1271 susti-

211 1313 384 1371 nendo⁷
416 1315 497 1358 etsi
529 1330 622 1358 non
648 1314 836 1359 omnino
871 1324 1000 1375 aptos
1026 1324 1070 1358 et
1096 1315 1248 1359 fatales
1265 1350 1276 1371 ,
1301 1317 1449 1360 minus
1475 1326 1623 1362 tamen

209 1405 402 1467 impares
427 1415 471 1451 et
493 1422 677 1451 mancos
702 1405 798 1451 fore
825 1406 1110 1451 confidimus.

541 1772 563 1814 J
571 1805 579 1813 .
608 1771 656 1814 P.
683 1770 1126 1827 CHARPENTIER,

640 1855 676 1884 In
695 1851 783 1895 regio
803 1851 1080 1886 Sancti-Ludoviei
1099 1852 1231 1896 collegio
1248 1853 1423 1886 rhetorices
1441 1854 1608 1897 professor.

809 2050 970 2086 Parisiis.
999 2054 1113 2086 Anno
1144 2064 1170 2086 M
1191 2064 1287 2087 nccc
1319 2066 1453 2089 xxxlll.
