1972 3356
358 202 427 238 156
564 203 602 236 C.
629 201 758 235 JULII
788 199 1006 235 CAESARIS
1035 199 1517 235 COMMENTARIORUM

352 287 432 329 bus
452 284 552 328 filiis
576 283 731 344 major,
752 292 795 326 et
812 299 864 326 ex
883 281 1052 326 duabus
1073 299 1145 338 ea,
1167 298 1262 343 quae
1287 291 1413 326 aetate
1435 281 1730 327 antecedebat.

353 368 454 408 Haec
482 364 547 406 uti
572 361 750 418 fierent,
783 379 861 423 per
891 379 1041 406 omnes
1070 362 1198 418 deos,
1228 378 1391 423 perque
1421 360 1608 418 foedera,
1638 378 1733 422 quae

353 446 502 487 Romae
531 442 726 500 fecisset,
752 442 904 488 eodem
937 452 1198 487 testamento
1221 441 1481 486 Ptolemaeus
1515 440 1732 503 populum

351 539 584 567 romanum
613 523 932 568 obtestabatur.
962 522 1139 568 Tabulae
1168 523 1413 567 testamenti
1444 539 1540 566 unae
1567 538 1644 583 per
1674 521 1731 566 le-

351 614 474 665 gatos
493 604 585 664 ejus
609 606 795 649 Romam
818 614 943 648 erant
968 602 1128 661 allatae,
1148 612 1195 647 ut
1218 604 1263 647 in
1285 603 1438 646 aerario
1465 612 1735 663 ponerentur

351 685 448 741 (hae
474 702 610 746 quum
639 695 821 746 propter
842 683 1037 746 publicas
1062 684 1374 745 occupationes
1403 684 1507 744 poni
1536 699 1625 726 non
1658 699 1735 744 po-

351 766 560 821 tuissent,
585 765 700 826 apud
735 766 996 826 Pompeium
1028 774 1130 809 sunt
1161 763 1421 825 depositae);
1453 762 1626 818 alterae,
1659 780 1733 807 eo-

350 845 449 891 dem
475 846 702 909 exemplo,
733 846 895 891 relictae
920 857 1052 908 atque
1076 846 1314 907 obsignatae
1338 844 1611 890 Alexandriae
1630 862 1730 907 pro—

350 927 613 972 ferebantur.

412 1009 529 1053 CIX.
572 1011 637 1053 De
669 1009 735 1052 his
766 1009 893 1053 rebus
927 1025 1063 1069 quum
1104 1018 1306 1069 ageretur
1342 1007 1459 1068 apud
1497 1011 1735 1061 Caesarem,

351 1091 473 1150 isque
495 1089 682 1133 maxime
710 1088 866 1143 vellet,
890 1105 972 1149 pro
999 1090 1223 1132 communi
1249 1090 1391 1132 amico
1418 1097 1550 1148 atque
1568 1087 1735 1131 arbitro

352 1172 671 1215 controversias
690 1187 844 1232 regum
870 1187 1157 1231 componere,
1184 1171 1330 1214 subito
1353 1170 1568 1214 exercitus
1591 1170 1736 1231 regius

351 1253 662 1313 equitatusque
689 1253 833 1296 omnis
859 1252 1007 1296 venire
1032 1250 1342 1296 Alexandriam
1369 1251 1613 1295 nuntiatur.
1642 1251 1736 1295 Cae-

349 1334 456 1378 saris
486 1334 622 1395 copiae
650 1349 929 1394 nequaquam
952 1342 1077 1377 erant
1100 1342 1231 1377 tantae
1247 1368 1258 1389 ,
1285 1342 1334 1377 ut
1355 1333 1438 1387 eis,
1464 1342 1586 1376 extra
1610 1332 1736 1393 oppi-

349 1413 455 1457 dum
482 1415 516 1458 si
542 1424 654 1458 essct
677 1413 1002 1470 dimicandum,
1028 1413 1282 1458 confideret.
1304 1412 1666 1474 Relinquebatur,
1691 1422 1736 1457 ut

349 1511 393 1538 se
427 1495 515 1538 suis
551 1493 658 1539 locis
689 1494 854 1556 oppido
887 1504 1081 1549 teneret,
1110 1493 1430 1554 consiliumque
1459 1492 1636 1538 Achillae
1665 1509 1736 1537 co—

351 1585 596 1636 gnosceret.
623 1573 789 1620 Milites
814 1583 956 1618 tamen
982 1591 1132 1618 omnes
1159 1575 1201 1617 in
1228 1575 1359 1618 armis
1384 1590 1476 1618 esse
1493 1574 1647 1634 jussit,
1671 1590 1737 1617 re—

351 1672 537 1717 gemque
560 1655 761 1699 hortatus
788 1665 873 1710 est,
899 1665 947 1699 ut
971 1672 1019 1698 ex
1049 1655 1136 1698 suis
1162 1655 1435 1710 necessariis,
1467 1670 1576 1714 quos
1601 1654 1735 1698 habe-

351 1744 416 1779 ret
442 1736 642 1779 maximae
665 1735 965 1791 auctoritatis,
996 1733 1161 1795 legatos
1191 1734 1246 1778 ad
1271 1733 1487 1778 Achillam
1519 1735 1736 1789 mitteret,

347 1827 408 1871 et,
437 1815 541 1876 quid
577 1825 687 1859 esset
724 1832 811 1859 suae
845 1813 1109 1872 voluntatis,
1139 1814 1403 1858 ostenderet.
1430 1817 1466 1860 A
1499 1831 1587 1876 quo
1620 1816 1737 1859 missi

347 1895 627 1941 Dioscorides
645 1907 688 1940 et
711 1897 922 1958 Serapion
937 1931 948 1952 ,
968 1897 1041 1956 qui
1066 1896 1196 1940 ambo
1217 1895 1347 1958 legati
1367 1899 1520 1940 Romae
1541 1895 1712 1940 fuerant
1726 1932 1737 1953 ,

350 1994 642 2040 magnamque
670 1976 788 2038 apud
816 1987 987 2039 patrem
1011 1976 1294 2021 Ptolemaeum
1323 1978 1631 2022 auctoritatem
1659 1977 1738 2022 ha·

347 2060 558 2114 buerant,
591 2058 643 2103 ad
675 2057 889 2103 Achillam
923 2068 1229 2119 pervenerunt.
1259 2059 1383 2116 Quos
1412 2057 1506 2114 ille,
1532 2075 1668 2119 quum
1694 2059 1736 2102 in

346 2150 630 2201 conspectum
659 2140 752 2201 ejus
784 2140 1028 2194 venissent,
1056 2140 1202 2200 prius,
1232 2155 1365 2200 quam
1401 2138 1600 2194 audiret,
1634 2149 1737 2191 aut,

347 2223 473 2282 cujus
496 2222 556 2265 rei
589 2237 719 2265 causa
744 2221 864 2264 missi
893 2229 1059 2275 essent,
1083 2229 1391 2282 cognosceret,
1416 2220 1580 2280 corripi
1600 2236 1649 2264 ac
1671 2220 1737 2263 in-

348 2302 484 2346 terfici
508 2302 639 2362 jussit
669 2319 678 2345 :
706 2318 896 2362 quorum
920 2299 1030 2345 alter
1055 2312 1237 2363 accepto
1262 2299 1446 2345 vulnere
1475 2311 1736 2362 occupatu5‚

349 2399 427 2443 per
452 2399 554 2426 suos
585 2399 666 2444 pro
693 2382 837 2427 occiso
861 2380 1058 2426 sublatus
1075 2417 1086 2437 ,
1113 2380 1223 2426 alter
1253 2381 1508 2426 interfectus
1534 2391 1609 2425 est.
1634 2381 1736 2438 Quo

348 2463 484 2519 facto,
510 2480 658 2525 regem
681 2474 729 2507 ut
756 2464 800 2507 in
828 2479 902 2507 sua
933 2473 1149 2523 potestate
1170 2462 1382 2518 haberet,
1407 2463 1550 2507 Caesar
1573 2460 1734 2514 effecit,

350 2561 643 2605 magnamque
670 2546 839 2606 regium
861 2560 1020 2587 nomen
1049 2543 1167 2605 apud
1194 2559 1295 2588 suos
1323 2542 1629 2587 auctoritatem
1657 2541 1734 2585 ha-

348 2625 448 2668 bere
481 2626 761 2679 existimans,
789 2634 830 2669 et
862 2635 911 2668 ut¹
943 2625 1089 2684 potius
1123 2625 1294 2685 privato
1328 2638 1567 2684 paucorum
1598 2631 1638 2665 et
1674 2621 1735 2665 la-
