1972 3356
336 297 406 331 106
539 296 578 331 C.
613 297 741 331 JULII
769 295 985 332 CAESARIS
1017 296 1506 334 COMMENTARIORUM

334 381 385 424 tis
410 391 587 441 possent
608 398 616 424 :
647 381 794 441 itaque
813 397 865 424 ex
879 397 930 424 eo
954 397 1171 425 concursu
1190 383 1371 426 navium
1396 398 1607 444 magnum
1633 399 1725 426 esse

332 459 662 504 incommodum
685 470 928 522 acceptum.

393 542 470 584 XI.
497 541 575 585 His
603 541 733 586 rebus
763 543 972 604 cognitis,
1001 544 1145 588 Caesar
1173 542 1367 606 legiones
1396 544 1729 605 equitatumque

332 622 549 678 revocari,
572 632 704 684 atque
723 623 879 667 itinere
904 623 1113 669 desistere
1135 625 1261 686 jubet
1283 641 1292 668 t
1323 625 1416 686 ipse
1438 623 1494 672 ad
1515 641 1645 668 naves
1668 640 1732 668 re-

332 702 521 746 vertitur
547 718 557 747 z
585 703 738 748 eadem
767 704 875 760 fere,
899 721 996 766 quae
1019 721 1071 749 ex
1100 705 1266 749 nuntiis
1295 703 1539 766 litterisque
1567 719 1731 765 cogno-

332 792 477 840 verat,
504 800 655 828 coram
683 787 917 847 perspicit,
945 788 1004 831 sic
1033 797 1104 844 ut,
1135 787 1302 831 amissis
1328 786 1504 831 circiter
1530 803 1588 830 XL
1608 786 1733 829 navi·

331 866 434 923 bus,
463 865 643 928 reliquae
669 876 817 911 tamen
846 867 966 911 refici
989 885 1115 929 posse
1140 884 1302 929 magno
1330 868 1510 929 negotio
1535 866 1733 911 videren-

334 957 420 991 tur.
446 949 601 1009 Itaque
625 965 677 992 ex
697 946 946 1010 legionibus
969 948 1115 993 fabros
1140 947 1326 1010 delegit,
1342 959 1385 992 et
1409 965 1462 993 ex
1485 948 1732 992 continenti

333 1026 443 1073 alios
465 1029 816 1090 arcessirijubet.
846 1029 1040 1073 Labieno
1064 1030 1236 1085 scribit,
1265 1039 1337 1087 ut,
1363 1046 1496 1090 quam
1520 1028 1734 1090 plurimas

335 1109 496 1170 possit,
523 1109 576 1153 iis
611 1107 878 1171 legionibus,
908 1127 1005 1170 quae
1040 1111 1127 1154 sint
1157 1110 1275 1171 apud
1303 1127 1425 1165 eum,
1454 1126 1586 1153 naves
1611 1110 1735 1153 insti-

337 1198 445 1234 tuat.
474 1191 594 1250 Ipse,
620 1199 663 1233 et
687 1189 722 1232 si
751 1206 819 1233 res
847 1200 939 1234 erat
963 1189 1113 1234 multae
1136 1207 1280 1251 operae
1307 1207 1356 1234 ac
1381 1189 1562 1242 laboris,
1586 1199 1735 1233 tamen

339 1269 744 1314 commodissimum
776 1287 868 1314 esse
900 1272 1078 1327 statuit,
1106 1288 1258 1315 omnes
1289 1287 1421 1314 naves
1456 1269 1662 1325 subduci,
1694 1279 1737 1314 et

337 1366 438 1393 cum
460 1351 614 1393 castris
643 1366 731 1394 una
757 1351 1005 1395 munitione
1029 1352 1254 1413 conjungi.
1286 1354 1337 1395 In
1366 1351 1433 1394 his
1459 1350 1589 1394 rebus
1613 1350 1738 1394 circi-

336 1439 402 1473 ter
435 1428 527 1473 dies
561 1447 589 1474 x
622 1432 863 1486 consumit,
902 1448 953 1475 ne
988 1433 1218 1476 nocturnis
1253 1432 1433 1493 quidem
1463 1431 1738 1491 temporibus

336 1509 392 1553 ad
415 1508 611 1555 laborem
636 1510 829 1556 militum
852 1512 1126 1557 intermissis.
1150 1512 1386 1557 Subductis
1414 1512 1619 1568 navibus,
1645 1527 1739 1556 cas-

338 1594 503 1653 trisque
523 1594 697 1655 egregie
723 1595 927 1652 munitis,
952 1594 1124 1639 easdem
1149 1595 1317 1656 copias,
1346 1611 1453 1655 quas
1482 1603 1609 1651 ante,
1634 1610 1739 1654 prae-

336 1672 449 1717 sidio
475 1674 661 1718 navibus
690 1673 898 1736 reliquit:
924 1676 1017 1737 ipse
1047 1674 1224 1731 eodem,
1256 1674 1374 1718 unde
1400 1673 1613 1730 redierat,
1634 1690 1739 1735 pro-

338 1752 563 1798 ficiscitur.
600 1757 663 1799 Eo
696 1771 834 1815 quum
869 1757 1078 1811 venisset,
1118 1756 1305 1817 majores
1335 1756 1426 1816 jam
1460 1754 1656 1815 undique
1692 1755 1738 1798 in

333 1852 433 1879 cum
460 1834 605 1880 locum
623 1837 762 1897 copiae
786 1838 1101 1881 Britannorum
1123 1846 1447 1889 convenerant,
1469 1852 1640 1879 summa
1664 1836 1739 1878 im-

338 1916 450 1976 perii
473 1915 665 1977 bellique
693 1917 1029 1962 administrandi
1059 1918 1287 1962 communi
1315 1915 1498 1960 consilio
1526 1916 1739 1977 permissa

339 1995 693 2052 Cassivellauno,
719 1999 844 2059 cujus
867 1998 975 2042 fines
997 2015 1020 2041 a
1041 1998 1275 2042 maritimis
1300 1997 1554 2041 civitatibus
1574 1995 1739 2040 flumen

341 2077 514 2133 dividit,
543 2078 663 2139 quod
691 2078 942 2140 appellatur
969 2079 1188 2135 Tamesis,
1219 2096 1242 2122 a
1268 2079 1378 2122 inari
1403 2078 1577 2121 circiter
1602 2076 1740 2121 millia

340 2174 547 2218 passuum
576 2175 708 2203 Lxxx.
737 2160 851 2203 Huic
876 2159 1090 2221 superiori
1117 2169 1317 2220 tempore
1347 2175 1447 2202 cuni
1476 2156 1654 2218 reliquis
1679 2158 1739 2200 ci-

339 2240 551 2284 vitatibus
572 2241 846 2284 continentia
865 2239 978 2284 bella
999 2241 1337 2284 intercesserant
1355 2255 1366 2291 ς
1396 2239 1471 2284 sed
1495 2248 1647 2283 nostro
1666 2236 1738 2280 ad-

342 2331 475 2366 ventu
501 2322 691 2384 permoti
718 2322 919 2366 Britanni
943 2322 1062 2366 hunc
1088 2322 1166 2365 toti
1194 2319 1309 2364 bello
1335 2320 1608 2380 imperioque
1638 2333 1740 2377 prae-

342 2401 548 2447 fecerant.

405 2483 505 2529 XII.
545 2485 784 2528 Britanniae
817 2500 918 2545 pars
959 2483 1144 2527 interior
1180 2482 1232 2526 ab
1275 2482 1324 2525 iis
1362 2479 1590 2534 incolitur,
1631 2493 1741 2538 quos

342 2575 468 2610 natos
492 2567 537 2610 in
559 2566 702 2610 insula
717 2567 808 2628 ipsa
834 2566 1048 2610 memoria
1068 2564 1294 2626 proditum
1318 2562 1468 2606 dicunt
1490 2577 1498 2603 :
1522 2559 1742 2602 maritima

348 2663 448 2706 pars
472 2648 525 2691 al)
551 2648 621 2703 iis,
645 2649 720 2708 qui
745 2647 899 2708 praedae
923 2664 972 2690 ac
996 2645 1100 2689 bclli
1126 2643 1340 2688 inferendi
1364 2657 1493 2686 causa
1521 2657 1571 2683 ex
1597 2637 1742 2700 Belgis

348 2728 613 2772 transierant
639 2746 647 2771 z
674 2730 748 2789 qui
773 2745 927 2772 omnes
952 2727 1041 2771 fere
1064 2727 1112 2770 iis
1138 2723 1390 2769 nominibus
1415 2721 1642 2765 civitatum
1668 2736 1742 2780 zip-
