1972 3356
584 230 651 265 DE
680 229 840 264 BELLO
871 227 1253 263 ALEXANDRINO.
1547 236 1559 258 1
1569 223 1616 271 89

234 313 279 358 lii
311 330 469 376 magna
499 311 633 358 classe
660 314 702 356 in
731 310 851 356 illum
894 328 938 355 se
978 312 1119 354 sinum
1146 307 1430 365 contulisset,
1469 308 1617 370 paucis

235 394 418 439 navibus
442 393 787 448 Iadertinorum,
815 407 1001 452 quorum
1031 406 1201 451 semper
1229 390 1272 433 in
1302 388 1617 450 rempublicam

235 473 454 537 singulare
479 474 737 518 constiterat
766 471 978 526 officium,
1005 469 1212 530 dispersis
1250 470 1508 514 Octavianis
1542 486 1618 514 na·

237 556 361 599 vibus
379 565 471 599 erat
494 555 681 615 potitus,
712 562 760 596 ut
785 550 852 595 vel
882 550 1016 596 classe
1040 549 1247 593 dimicare
1273 559 1445 609 posset,
1463 549 1620 611 adjun-

234 636 312 679 ctis
344 635 524 695 captivis
552 632 734 677 navibus
772 631 1006 675 sociorum.
1052 631 1108 673 Et
1146 645 1284 689 quum
1328 628 1619 674 diversissima

235 726 358 776 parte
379 714 494 758 orbis
518 723 731 757 terrarum
755 713 839 755 Cn.
856 711 1117 771 Pompeium
1142 709 1283 753 victor
1303 711 1447 754 Caesar
1465 726 1619 770 seque-

237 805 377 852 retur,
415 792 749 855 compluresque
784 792 1055 836 adversarios
1094 791 1139 834 in
1178 789 1401 851 Illyricum
1441 801 1621 852 propter

235 875 505 920 Macedoniae
534 875 908 936 propinquitatem
942 888 1010 928 se,
1045 870 1241 933 reliquiis
1275 887 1327 916 ex
1361 871 1463 934 fuga
1492 871 1622 916 colle·

235 956 340 1010 ctis,
361 954 594 1000 contulisse
619 954 810 1011 audiret,
839 953 1006 998 litteras
1030 952 1085 997 ad
1111 952 1351 997 Gabinium
1378 953 1532 1010 mittit,
1559 954 1622 997 uti

235 1053 334 1080 cum
360 1034 604 1098 legionibus
632 1036 846 1091 tironum,
880 1051 974 1095 quae
1007 1050 1148 1096 nuper
1186 1044 1310 1078 erant
1340 1034 1622 1095 conscriptae,

237 1116 584 1177 proficisceretur
625 1117 670 1160 in
698 1114 943 1174 Illyricum,
977 1114 1314 1175 conjunctisque
1349 1115 1484 1176 copiis
1521 1132 1623 1159 cum

236 1198 291 1254 Q.
319 1196 576 1253 Cornificio,
616 1197 648 1240 si
678 1196 796 1257 quod
823 1195 1066 1256 periculum
1096 1195 1332 1257 provinciae
1362 1194 1623 1254 inferretur,

237 1276 494 1338 depelleret3
521 1278 584 1321 sin
609 1294 659 1321 ea
686 1293 774 1321 non
799 1277 968 1339 magnis
991 1276 1127 1337 copiis
1149 1286 1245 1320 tuta
1271 1291 1363 1320 esse
1389 1286 1553 1337 posset,
1580 1277 1624 1320 in

238 1358 540 1403 Macedoniam
562 1358 754 1421 legiones
772 1357 1007 1402 adduceret
1026 1375 1034 1401 :
1055 1374 1230 1401 omnem
1245 1358 1362 1401 enim
1381 1355 1502 1401 illam
1522 1374 1621 1419 par-

240 1449 326 1483 tem
355 1439 686 1500 regionemque,
716 1439 814 1482 vivo
840 1441 918 1484 Cn.
945 1438 1177 1499 Pompeio,
1215 1436 1376 1481 bellum
1407 1438 1624 1482 instaura-

239 1530 382 1566 turam
407 1535 497 1564 esse
520 1518 738 1563 credebat.

302 1602 462 1645 XLIII.
492 1600 726 1658 Gabinius,
754 1611 802 1645 ut
826 1602 870 1644 in
894 1599 1118 1662 Illyricum
1143 1602 1284 1657 venit,
1309 1600 1495 1645 hiberno
1522 1611 1626 1645 tem-

237 1699 345 1745 pore
379 1683 482 1726 anni
514 1699 562 1727 ac
589 1680 777 1738 difficili,
803 1682 892 1725 sive
919 1683 1209 1743 copiosiorem
1235 1682 1509 1743 provinciam
1537 1683 1626 1726 exi-

240 1764 441 1818 stimans,
466 1763 556 1806 sive
574 1761 764 1806 multum
789 1762 978 1806 fortunae
998 1762 1175 1806 victoris
1196 1763 1378 1806 Caesaris
1400 1763 1599 1807 tribuens
1615 1797 1626 1814 ‚

241 1844 330 1888 sive
357 1844 518 1888 virtute
542 1852 582 1887 et
608 1844 787 1887 scientia
811 1859 887 1887 sua
910 1841 1120 1898 confisus,
1149 1858 1282 1903 quam
1307 1859 1418 1904 saepe
1435 1845 1479 1886 in
1504 1841 1627 1886 bellis

243 1923 530 1986 periclitatus,
558 1941 736 1986 magnas
768 1940 836 1967 res
864 1934 906 1967 et
941 1922 1152 1967 secundas
1181 1922 1316 1968 ductu
1346 1923 1628 1984 auspicioque

242 2022 320 2049 suo
335 2015 551 2065 gesserat,
575 2021 714 2066 neque
728 2004 965 2066 provinciae
992 2002 1273 2048 facultatibus
1293 2002 1626 2060 sublevabatur,

242 2102 337 2146 quae
367 2087 527 2147 partim
561 2095 654 2130 erat
688 2085 931 2142 exinanita,
955 2085 1116 2146 partim
1149 2083 1358 2141 infidelis;
1387 2101 1531 2145 neque
1555 2101 1629 2128 na-

242 2166 392 2221 vibus,
417 2165 651 2210 intercluso
685 2166 792 2210 mari
829 2165 1187 2227 tempestatibus,
1219 2174 1488 2210 commeatus
1525 2181 1627 2227 sup-

243 2247 410 2309 portari
436 2256 630 2308 poterat,
656 2248 912 2308 magnisque
952 2245 1283 2291 difficultatibus
1308 2256 1509 2304 coactus,
1537 2262 1627 2290 non

244 2338 293 2372 ut
327 2326 529 2384 volebat,
566 2327 640 2372 sed
668 2337 717 2372 ut
748 2343 921 2372 necesse
961 2338 1075 2385 erat,
1108 2326 1271 2372 bellum
1301 2327 1493 2390 gerebat.
1535 2328 1628 2380 Ita,

244 2426 379 2470 quum
403 2409 646 2454 durissimis
670 2409 1004 2471 tempestatibus
1030 2418 1211 2471 propter
1234 2409 1428 2471 inopiam
1452 2406 1630 2452 castella

244 2500 321 2535 aut
352 2490 512 2552 oppida
557 2507 808 2553 expugnare
847 2501 1101 2553 cogeretur,
1152 2490 1307 2535 crebro
1351 2487 1630 2534 incommoda

245 2572 511 2634 accipiebat;
537 2571 734 2632 adeoque
752 2581 817 2616 est
834 2588 858 2616 a
887 2573 1089 2617 Bar-baris
1115 2580 1421 2632 contemptus,
1450 2579 1522 2625 ut,
1553 2570 1630 2613 Sa-

245 2649 390 2696 lonam
415 2670 459 2698 se
489 2653 702 2715 recipiens
729 2654 772 2697 in
800 2654 1011 2716 oppidum
1036 2654 1329 2710 maritimum,
1366 2649 1486 2713 quod
1515 2651 1632 2695 cives
