1972 3356
363 229 432 272 146
572 232 610 267 C.
641 231 766 268 JULII
797 232 1012 268 CAESARIS
1045 232 1533 270 COMMENTARIORUM

358 330 481 370 vem,
505 323 548 357 et
574 314 837 358 Minervam.
863 316 930 358 De
954 314 1021 359 his
1049 314 1246 358 eamdem
1272 314 1381 371 fere,
1408 333 1542 376 quam
1563 316 1736 379 reliquae

357 403 526 454 gentes,
546 393 712 437 habent
728 395 982 454 opinionem
1002 412 1011 438 :
1032 393 1283 455 Apollinem
1303 395 1480 439 morbos
1500 395 1740 457 depellere3

355 474 605 516 Minervam
633 489 819 534 operum
851 484 982 535 atque
1011 474 1301 518 artificiorum
1335 475 1460 519 initia
1488 476 1740 533 transdere3

354 554 376 594 J
380 568 507 595 ovem
531 553 766 613 imperium
787 552 1027 598 coelestium
1048 563 1215 610 tenere,
1230 556 1422 598 Martem
1439 553 1554 599 bella
1574 573 1738 618 regere.
1780 578 1785 583 »

354 633 491 689 Huic,
526 650 663 694 quum
704 633 858 695 proelio
897 634 1106 679 dimicare
1150 635 1477 679 constituerunt
1494 668 1506 690 ‚
1552 651 1602 678 ea
1646 652 1742 695 quae

352 711 467 756 bello
494 715 714 774 ceperint,
742 714 1001 776 plerumque
1025 715 1255 760 devovent.
1279 717 1389 774 Quae
1415 716 1741 776 superaverint,

351 792 557 838 animalia
586 805 713 855 capta
747 794 978 839 immolant
1004 813 1013 839 ε
1041 794 1229 856 reliquas
1254 813 1322 841 res
1352 797 1398 840 in
1426 811 1566 840 unum
1595 794 1742 841 locum

351 873 599 918 conferunt.
636 874 792 920 Multis
823 876 869 919 in
896 876 1146 920 civitatibus
1171 877 1330 922 harum
1366 893 1516 921 rerum
1545 885 1743 921 exstruc-

351 962 418 996 tos
457 953 653 998 tumulos
691 953 798 999 locis
835 956 1101 999 consecratis
1137 957 1385 1017 conspicari
1422 956 1562 1001 licet:
1599 973 1742 1018 neque

351 1049 461 1093 saepe
484 1035 662 1087 accidit,
691 1046 761 1093 ut,
787 1035 985 1097 neglecta
1014 1037 1231 1098 quispiam
1256 1036 1489 1099 religione,
1513 1046 1590 1082 aut
1612 1047 1741 1098 capta

349 1113 467 1174 apud
497 1131 541 1158 se
574 1114 814 1172 occultare,
846 1127 921 1160 aut
952 1117 1093 1177 posita
1123 1116 1275 1161 tollere
1299 1117 1507 1173 auderet3
1533 1118 1739 1179 gravissi-

349 1209 559 1252 mumque
575 1197 611 1239 ei
627 1197 690 1239 rei
709 1195 975 1257 supplicium
995 1213 1095 1241 cum
1120 1198 1321 1241 cruciatu
1344 1198 1637 1242 constitutum
1662 1206 1739 1242 est.

411 1277 578 1321 XVIII.
606 1275 725 1320 Galli
755 1293 799 1320 se
828 1293 980 1321 omnes
1007 1278 1060 1321 ab
1089 1278 1194 1322 Dite
1216 1289 1341 1338 patre
1365 1288 1606 1340 prognatos
1626 1294 1739 1339 prae-

348 1355 514 1411 dicant3
554 1356 685 1418 idque
718 1357 771 1401 ab
801 1357 1031 1402 druidibus
1066 1357 1291 1419 proditum
1331 1358 1497 1403 dicunt.
1536 1359 1606 1403 Ob
1642 1375 1738 1402 eam

348 1452 523 1480 causam
544 1440 685 1498 spatia
714 1439 859 1483 omnis
887 1440 1097 1500 temporis
1120 1456 1209 1483 non
1233 1455 1421 1483 numero
1449 1439 1641 1496 dierum,
1665 1439 1740 1482 sed

345 1518 565 1574 noctium,
590 1518 754 1562 finiunt
777 1536 786 1562 ε
812 1519 903 1563 dies
928 1519 1114 1577 natales,
1143 1530 1188 1564 et
1211 1520 1427 1563 mensium
1450 1530 1496 1564 et
1518 1536 1736 1564 annorum

346 1597 471 1641 initia
497 1598 558 1642 sic.
585 1598 843 1655 observant,
866 1608 914 1642 ut
939 1609 1116 1644 noctem
1146 1600 1236 1644 dies
1259 1600 1566 1660 subsequatur.
1590 1602 1643 1644 In
1670 1615 1738 1643 re-

343 1675 474 1737 liquis
501 1678 597 1722 vitae
622 1679 833 1723 institutis
856 1680 941 1724 hoc
968 1680 1058 1724 fere
1081 1680 1135 1723 ab
1159 1679 1338 1741 reliquis
1366 1679 1598 1736 differunt,
1618 1681 1737 1741 quod

342 1773 442 1801 suos
477 1756 657 1813 liberos,
694 1760 777 1803 nisi
813 1776 950 1819 quum
986 1758 1278 1817 adoleverint,
1304 1770 1353 1804 ut
1379 1777 1540 1804 munus
1569 1760 1737 1805 militiae

342 1838 558 1882 sustinere
596 1840 786 1900 possint,
827 1839 973 1899 palam
1019 1839 1074 1883 ad
1116 1857 1160 1884 se
1197 1840 1319 1885 adire
1357 1857 1446 1884 non
1485 1841 1735 1901 patiuntur3

340 1916 750 1980 filiumquepuerili
779 1929 905 1964 aetate
928 1921 973 1964 in
1008 1919 1206 1982 publico,
1237 1922 1282 1965 in
1313 1931 1553 1982 conspectu
1579 1922 1734 1982 patris,

338 2000 555 2055 assistere,
576 2009 705 2061 turpe
729 1999 912 2045 ducunt„

401 2081 521 2123 XIX.
559 2081 680 2137 Viri,
713 2090 899 2141 quantas
930 2083 1139 2143 pecunias
1175 2082 1229 2126 ab
1263 2082 1476 2127 uxoribus
1501 2081 1616 2126 dotis
1651 2099 1732 2127 no-

337 2160 455 2203 mine
470 2170 736 2221 acceperunt
751 2196 761 2218 ,
778 2171 921 2206 tantas
942 2180 994 2206 ex
1009 2164 1098 2208 suis
1113 2163 1240 2207 honis
1256 2198 1267 2219 ,
1291 2163 1579 2207 aestimatione
1597 2163 1730 2219 facta,

336 2256 437 2283 cum
465 2240 641 2286 dotibus
674 2243 1018 2287 communicant.
1048 2244 1190 2304 Hujus
1225 2244 1367 2288 omnis
1396 2244 1593 2304 pecuniae
1626 2261 1730 2288 con-

332 2320 522 2380 junctim
542 2323 655 2366 ratio
673 2322 883 2380 habetur,
905 2324 1162 2385 fructusque
1185 2334 1416 2368 servantur
1432 2341 1442 2368 z
1461 2334 1558 2369 uter
1576 2341 1728 2368 eorum

333 2401 424 2444 vita
447 2404 686 2463 superarit,
711 2403 767 2447 ad
791 2421 891 2448 eum
917 2421 1017 2465 pars
1046 2405 1275 2466 utriusque
1299 2422 1399 2449 cum
1422 2404 1636 2449 fructibus
1660 2422 1728 2449 su-

333 2482 560 2540 periorum
593 2493 845 2545 temporum
877 2486 1091 2546 pervenit.
1127 2486 1223 2530 Viri
1259 2486 1303 2528 in
1330 2502 1508 2542 uxores,
1539 2485 1652 2528 sicut
1681 2485 1726 2528 in

312 2570 313 2573 ’
334 2560 514 2619 liberos,
544 2565 644 2608 vitae
672 2566 881 2626 necisque
907 2565 1071 2610 habent
1091 2576 1356 2627 potestatem
1385 2583 1394 2608 ε
1419 2575 1461 2609 et
1485 2581 1621 2625 quum
1648 2582 1726 2626 pa-

336 2648 399 2684 ter
422 2641 617 2700 familiae,
643 2644 868 2689 illustriori
892 2645 989 2689 loco
1010 2654 1162 2696 natus,
1199 2646 1401 2702 decessit,
1426 2645 1519 2705 ejus
1545 2647 1726 2707 propin-
