1972 3356
430 249 473 287 ยน4
636 243 676 278 C.
705 242 833 277 JULII
862 241 1083 278 CAESARIS
1112 241 1602 279 COMMENTARIORUM

426 329 659 387 hortesque
691 326 746 370 ad
774 342 818 370 se
856 326 899 369 in
937 335 1077 370 castra
1116 324 1363 381 traducere,
1400 343 1454 369 ne
1485 343 1574 387 qua
1611 337 1686 372 aut
1722 329 1807 373 lar-

425 408 684 469 gitionibuS,
718 417 795 451 aut
827 407 961 450 animi
991 406 1354 462 confirmatione,
1383 416 1458 450 aut
1497 405 1613 451 salsis
1641 411 1807 453 nuntiis

423 489 710 532 commutatio
736 487 860 532 fieret
890 486 1148 543 voluntatis,
1172 487 1291 548 quod
1315 504 1426 549 saepe
1451 488 1496 531 in
1522 487 1637 532 bello
1663 491 1808 549 parvis

425 570 661 613 momentis
685 569 833 630 magni
856 585 979 613 casus
1000 568 1350 624 intercederent,
1372 578 1520 613 tamen
1545 570 1733 626 veritus,
1754 587 1807 614 ne

425 649 615 694 militum
641 651 825 694 introitu
852 660 894 694 et
919 651 1126 694 nocturni
1152 651 1361 711 temporis
1387 648 1561 694 licentia
1594 650 1807 711 oppidum

424 731 712 793 diriperetur,
739 748 831 788 eos,
858 732 933 792 qui
968 741 1200 788 venerant,
1229 729 1470 788 collaudat,
1500 741 1631 792 atque
1659 732 1704 775 in
1731 749 1808 793 op-

424 812 576 873 pidum
607 812 812 867 dimittit3
839 822 990 874 portas
1022 828 1259 873 murosque
1288 814 1499 856 asservari
1533 813 1672 873 jubet.
1708 815 1807 874 Ipse

421 894 473 938 iis
510 894 741 955 operibus,
778 910 874 954 quae
909 893 1051 937 facere
1088 894 1363 950 instituerat,
1396 893 1556 938 milites
1591 893 1805 956 disponit,

420 992 507 1018 non
526 976 654 1019 certis
675 975 825 1036 spatiis
848 974 1127 1029 intermissis,
1154 983 1200 1017 ut
1219 983 1312 1017 erat
1335 975 1612 1035 superiorum
1634 974 1805 1018 dierum

420 1055 712 1110 consuetudo,
752 1054 826 1098 sed
863 1054 1087 1115 perpetuis
1124 1053 1283 1113 vigiliis
1332 1054 1707 1115 stationibusque,
1756 1065 1807 1099 ut

419 1137 681 1198 contingant
695 1136 808 1179 inter
832 1152 896 1191 se,
916 1144 1048 1195 atque
1069 1151 1245 1178 omnem
1266 1135 1558 1178 munitionem
1572 1134 1803 1196 expleant:

419 1217 620 1261 tribunos
648 1215 836 1260 militum
864 1225 906 1260 et
937 1215 1164 1276 praefectos
1190 1215 1512 1271 circummittit,
1542 1225 1674 1276 atque
1701 1216 1805 1260 hor-

419 1308 560 1353 tatur,
591 1315 681 1342 non
721 1297 863 1342 solum
889 1297 943 1341 ab
982 1296 1288 1357 eruptionibus
1316 1306 1523 1353 caveant,
1560 1296 1634 1340 sed
1673 1298 1805 1341 etiam

417 1378 694 1441 singulorum
725 1379 958 1423 hominum
985 1376 1180 1422 occultos
1213 1378 1352 1422 exitus
1385 1388 1619 1423 asservent.
1647 1380 1806 1439 Neque

417 1477 469 1504 eo
501 1470 591 1505 tam
624 1461 805 1504 remisso
828 1476 878 1504 ac
911 1459 1123 1520 languido
1155 1460 1302 1502 animo
1335 1460 1570 1521 quisquam
1603 1460 1804 1503 omnium

417 1541 523 1596 fuit,
557 1542 633 1602 qui
659 1557 708 1585 ea
744 1550 870 1584 nocte
899 1540 1215 1600 conquieverit.
1251 1541 1390 1583 Tanta
1411 1549 1503 1583 erat
1540 1557 1711 1583 summa
1740 1556 1807 1583 re-

416 1639 514 1666 rum
544 1622 836 1683 exspectatio,
867 1631 916 1665 ut
939 1620 1048 1665 alius
1078 1621 1122 1664 in
1150 1618 1278 1663 aliam
1306 1630 1473 1680 partem
1501 1630 1645 1664 mente
1672 1630 1805 1680 atque

417 1704 564 1747 animo
590 1702 857 1757 traheretur,
897 1701 1003 1761 quid
1034 1701 1137 1761 ipsis
1168 1700 1543 1757 Corfiniensibus,
1580 1700 1683 1761 quid
1714 1703 1806 1745 Do-

416 1784 563 1840 mitio,
592 1782 700 1843 quid
724 1780 938 1837 Lentulo,
968 1780 1076 1841 quid
1103 1779 1282 1841 reliquis
1309 1780 1545 1837 accideret,
1575 1782 1651 1841 qui
1677 1798 1807 1842 quos-

419 1880 504 1924 que
528 1872 712 1906 eventus
733 1863 1002 1923 exciperent.

483 1946 630 1988 XXII.
656 1945 831 2002 Quarta
864 1942 1039 1986 circiter
1067 1940 1236 2003 vigilia,
1266 1941 1484 1985 Lentulus
1515 1942 1726 2003 Spinther
1753 1942 1806 1986 de

418 2041 546 2069 muro
583 2041 684 2069 cum
731 2022 893 2085 vigiliis
928 2021 1271 2083 custodibusque
1314 2022 1476 2066 nostris
1517 2021 1805 2083 colloquitur,

417 2105 548 2163 velle,
584 2106 618 2150 si
645 2105 728 2149 sibi
761 2105 838 2149 fiat
875 2113 1089 2165 potestaS,
1133 2106 1346 2149 Caesarem
1386 2105 1632 2148 convenire.
1674 2107 1806 2148 Facta

418 2195 654 2248 potestate,
670 2203 722 2230 ex
747 2185 913 2247 oppido
934 2186 1148 2242 mittitur,
1178 2201 1321 2246 neque
1346 2184 1400 2228 ab
1427 2201 1478 2229 eo
1501 2185 1622 2245 prius
1649 2185 1806 2229 Domi-

419 2268 526 2311 tiani
555 2266 712 2312 milites
744 2265 996 2321 discedunt,
1029 2282 1162 2326 quam
1204 2267 1248 2309 in
1285 2276 1572 2326 conspectum
1622 2265 1804 2310 Caesaris

419 2348 674 2393 deducatur.
711 2351 826 2394 Cum
854 2364 905 2392 eo
936 2346 988 2390 de
1018 2346 1155 2391 salute
1190 2363 1267 2391 sua
1287 2356 1384 2391 orat
1418 2357 1549 2408 atque
1579 2347 1802 2402 obsecrat,

417 2430 499 2473 sibi
545 2440 591 2474 ut
632 2439 804 2490 parcat3
855 2437 1132 2489 veteremque
1181 2428 1420 2473 amicitiam
1468 2437 1801 2483 commemorat,

419 2512 689 2572 Caesarisque
716 2512 762 2555 in
785 2528 829 2556 se
852 2510 1066 2555 beneficia
1091 2512 1294 2572 exponit,
1321 2527 1415 2571 quae
1440 2519 1568 2553 erant
1591 2509 1801 2560 maxima,

418 2591 536 2650 quod
562 2609 641 2653 per
678 2609 779 2637 cum
809 2594 853 2636 in
885 2590 1118 2653 collegium
1155 2592 1417 2654 pontificum
1450 2599 1656 2645 venerat,
1681 2587 1800 2648 quod

418 2673 687 2732 provinciam
722 2674 982 2736 Hispaniam
1015 2690 1067 2717 ex
1099 2684 1289 2735 praetura
1316 2671 1552 2727 habuerat,
1594 2670 1713 2731 quod
1755 2671 1798 2714 in
