1972 3356
513 285 580 321 DE
612 283 773 322 BELLO
802 283 1019 320 GALLICO
1049 284 1141 320 LIB.
1167 285 1230 320 VI.
1515 282 1584 328 137

190 370 498 432 pronuntiata,
524 370 679 415 eodem
702 370 773 414 die
793 387 895 414 cum
920 369 1168 431 legionibus
1194 370 1238 413 in
1268 367 1462 413 Senones
1485 384 1588 429 pro—

187 451 394 496 ficiscitur
417 452 677 513 magnisque
702 451 934 496 itineribus
963 468 1013 495 eo
1040 452 1258 512 pervenit.

249 534 326 577 IV.
366 533 560 594 Cognito
595 533 688 593 ejus
724 531 937 588 adventu,
967 534 1106 588 Aeco,
1144 533 1220 592 qui
1256 532 1464 592 princeps
1494 531 1588 592 ejus

191 613 357 660 consilii
379 614 541 670 fuerat,
562 613 689 673 jubet
713 613 758 656 in
779 612 943 673 oppida
965 611 1301 657 multitudinem
1321 614 1560 656 convenire
1579 629 1588 655 :

183 694 467 750 conantibus,
507 695 630 755 prius
664 710 797 754 quam
835 693 879 737 id
907 693 1021 738 effici
1049 703 1217 755 posset,
1250 693 1398 737 adesse
1426 696 1591 737 Roma-

185 791 263 818 nos
297 776 529 819 nuntiatur
558 792 566 818 :
602 775 850 819 necessario
881 776 1100 820 sententia
1131 774 1371 832 desistunt,
1402 773 1592 836 legatos-

183 873 269 917 que
293 855 558 918 deprecandi
587 873 720 901 causa
750 856 805 900 ad
833 857 1053 902 Caesarem
1077 857 1263 901 mittunt
1287 875 1296 900 z
1322 856 1489 901 adeunt
1513 873 1594 917 per

182 937 368 994 AEduos,
393 954 588 998 quorum
611 938 860 999 antiquitus
887 948 981 982 erat
1007 938 1051 982 in
1076 938 1163 982 fide
1186 939 1353 982 civitas.
1378 938 1594 982 Libenter

179 1019 328 1062 Caesar
359 1020 612 1079 petentibus
646 1019 800 1065 AEduis
835 1019 910 1064 dat
941 1021 1141 1076 veniam,
1171 1020 1594 1080 excusationemque

179 1100 362 1161 accipit,
389 1100 510 1161 quod
529 1102 731 1146 aestivum
759 1111 936 1163 tempus
960 1103 1168 1146 instantis
1192 1100 1319 1158 belli,
1342 1118 1432 1145 non
1459 1117 1595 1162 quaes-

181 1181 314 1225 tionis
358 1198 452 1226 esse
486 1183 802 1227 arbitrabatur.
841 1183 1083 1228 Obsidibus
1115 1184 1343 1244 imperatis
1385 1192 1594 1240 centum,

179 1263 260 1308 hos
286 1263 441 1308 AEduis
465 1264 779 1309 custodiendos
804 1264 952 1309 tradit.
982 1264 1151 1310 Eodem
1179 1266 1400 1309 Carnutes
1426 1263 1594 1325 legatos

180 1345 446 1407 obsidesque
473 1348 677 1402 mittunt,
707 1348 774 1391 usi
803 1346 1171 1407 deprecatoribus
1198 1347 1370 1402 Remis,
1400 1362 1593 1406 quorum

179 1437 307 1470 erant
327 1429 372 1471 in
398 1426 604 1471 clientela
626 1445 635 1471 :
657 1427 811 1472 eadem
832 1428 983 1471 ferunt
1002 1444 1228 1488 responsa.
1253 1427 1433 1487 Peragit
1452 1427 1595 1470 conci-

179 1506 288 1553 lium
308 1510 474 1565 Caesar,
496 1509 757 1570 equitesque
779 1510 972 1570 imperat
990 1508 1261 1553 civitatibus.

243 1592 299 1634 V.
327 1592 421 1634 Hac
447 1600 574 1651 parte
597 1588 753 1634 Galliae
778 1600 954 1652 pacata,
982 1600 1102 1634 totus
1127 1599 1172 1634 et
1199 1600 1350 1634 mente
1374 1600 1419 1633 et
1443 1591 1594 1634 animo

178 1671 224 1714 in
244 1670 412 1715 bellum
438 1672 724 1716 Trevirorum
750 1682 795 1716 et
817 1672 1092 1734 Ambiorigis
1118 1673 1297 1716 insistit.
1321 1672 1594 1716 Cavarinum

180 1769 282 1797 cum
307 1754 510 1814 equitatu
533 1756 761 1798 Senonum
786 1770 935 1799 secum
958 1754 1182 1816 proficisci
1202 1754 1350 1816 jubet,
1396 1769 1451 1796 ne
1492 1749 1591 1812 quis

177 1845 254 1879 aut
280 1852 333 1879 ex
357 1835 491 1896 hujus
517 1835 772 1893 iracundia,
798 1846 874 1880 aut
898 1854 951 1880 ex
974 1853 1046 1888 eo,
1071 1835 1193 1897 quod
1217 1834 1591 1891 meruerat,odi0,

177 1918 369 1961 civitatis
414 1927 562 1961 motus
581 1918 779 1961 exsistat.
807 1918 886 1961 His
913 1918 1043 1961 rebus
1067 1918 1346 1974 constitutis,
1368 1917 1491 1978 quod
1513 1933 1596 1978 pro

177 1998 413 2059 explorato
444 1999 661 2052 habebat,
691 1998 998 2060 Ambiorigem
1039 1997 1199 2059 proelio
1237 2015 1327 2042 non
1358 2015 1451 2042 esse
1485 2015 1596 2042 con-

177 2088 476 2134 certaturum,
499 2078 672 2140 reliqua
697 2080 790 2140 ejus
813 2078 997 2124 consilia
1016 2080 1169 2124 animo
1188 2079 1594 2140 circumspiciebat.

177 2162 318 2204 Erant
347 2162 550 2222 Menapii
577 2162 822 2222 propinqui
850 2161 1119 2206 Eburonum
1152 2161 1339 2218 finibus,
1370 2161 1598 2223 perpetuis

178 2242 416 2304 paludibus
441 2242 652 2304 silvisque
672 2245 853 2299 muniti,
881 2244 957 2305 qui
979 2245 1059 2287 uni
1082 2261 1135 2288 ex
1165 2243 1312 2288 Gallia
1335 2244 1388 2288 de
1412 2260 1520 2306 pace
1543 2243 1599 2288 ad

178 2325 399 2368 Caesarem
426 2324 594 2386 legatos
620 2341 853 2385 nunquam
883 2326 1112 2370 miserant.
1145 2327 1263 2371 Cum
1292 2326 1344 2370 iis
1374 2343 1467 2371 esse
1499 2326 1601 2370 hos-

178 2406 337 2466 pitium
374 2406 627 2467 Ambiorigi
669 2407 835 2451 sciebat
874 2425 882 2450 :
923 2408 1029 2451 item
1062 2425 1143 2469 per
1181 2408 1391 2453 Treviros
1430 2408 1602 2452 venisse

176 2489 416 2532 Germanis
443 2489 487 2531 in
518 2489 783 2545 amicitiam,
815 2499 1102 2550 cognoverat.
1138 2493 1242 2536 Haec
1268 2491 1393 2551 prius
1423 2489 1487 2535 illi
1524 2489 1601 2533 de-

178 2569 394 2614 trahenda
421 2568 583 2613 auxilia
608 2570 916 2626 existimabat,
941 2589 1076 2633 quam
1101 2574 1248 2633 ipsum
1273 2572 1392 2617 bello
1415 2570 1601 2617 lacesse-

177 2661 265 2703 ret;
302 2668 377 2707 ne,
410 2651 643 2712 desperata
669 2651 830 2708 salute,
868 2663 946 2697 aut
970 2671 1015 2698 se
1047 2654 1094 2697 in
1126 2654 1363 2715 Menapios
1393 2653 1600 2709 abderet,

178 2743 254 2776 aut
293 2750 396 2778 cum
433 2733 772 2778 transrhenanis
810 2735 1024 2796 congredi
1064 2745 1314 2797 cogeretur.
1351 2738 1450 2780 Hoc
1489 2736 1601 2779 inito
