1972 3356
317 269 390 304 226
530 271 569 305 C.
600 270 726 305 JULII
757 268 976 304 CAESARIS
1007 268 1497 307 COMMENTARIORUM

316 355 398 397 rim
432 353 607 409 crebro,
642 352 792 413 paucis
823 353 1032 412 utrinque
1062 353 1426 413 procurrentibus
1458 354 1573 397 inter
1605 355 1708 398 bina

315 444 475 489 castra,
513 432 674 494 palude
709 433 939 494 interjecta
973 432 1322 477 contendebatur
1352 450 1360 477 ε
1394 450 1528 493 quam
1562 443 1707 478 tamen

316 514 524 577 paludem
545 531 866 575 nonnunquam
887 524 964 559 aut
986 524 1136 559 nostra
1161 513 1324 558 auxilia
1347 513 1577 560 Gallorum
1595 517 1708 560 Ger-

316 613 642 657 manorumque
672 596 945 653 transibant,
979 596 1212 656 aeriusque
1240 596 1387 640 hos-tes
1420 596 1710 656 insequeban-

316 688 408 733 tur,
439 687 516 722 aut
552 678 741 721 vicissim
776 678 949 732 hostes⁷
983 676 1183 721 eamdem
1219 677 1503 738 transgressi,
1539 686 1711 723 nostros

317 758 491 820 longius
520 758 854 802 submovebant.
881 757 1123 802 Accidebat
1154 767 1302 802 autem
1334 758 1602 818 quotidianis
1633 775 1711 819 pa-

316 838 620 884 bulationibus
644 838 712 900 (id
735 839 855 899 quod
885 838 1083 883 accidere
1107 848 1199 883 erat
1222 855 1413 895 necesse,
1443 855 1580 899 quum
1601 839 1711 883 raris

317 921 599 983 disjectisque
626 938 678 965 ex
713 920 910 964 aedificiis
935 919 1146 981 pabulum
1176 921 1537 981 conquireretur)
1565 931 1613 964 ut
1636 922 1712 964 im-

317 1002 477 1064 peditis
495 1001 603 1047 locis
624 1002 810 1063 dispersi
830 1000 1111 1062 pabulatores
1130 1002 1560 1045 circumvenirentur
1581 1018 1590 1045 ε
1615 1019 1712 1062 quae

317 1101 386 1128 res
411 1085 491 1128 etsi
513 1083 736 1127 mediocre
759 1081 1075 1125 detrimentum
1096 1082 1401 1142 jumentorum
1416 1099 1465 1126 ac
1483 1099 1711 1126 servorum

318 1166 480 1210 nostris
524 1164 758 1220 afferebat,
800 1173 947 1207 tamen
984 1161 1138 1206 stultas
1175 1164 1464 1224 cogitationes
1503 1163 1715 1208 incitabat

317 1247 640 1301 barbarorum;
678 1255 811 1306 atque
846 1261 897 1288 eo
937 1244 1075 1305 magis
1127 1243 1247 1304 quod
1289 1244 1545 1298 Commius,
1583 1260 1714 1304 quem

319 1327 568 1388 profectum
607 1326 662 1370 ad
694 1324 858 1370 auxilia
894 1327 1222 1370 Germanorum
1262 1323 1519 1368 arcessenda
1554 1324 1716 1379 docui,

319 1426 420 1453 cum
455 1407 674 1469 equitibus
715 1415 925 1462 venerat,
961 1406 1037 1466 qui
1074 1406 1246 1449 tametsi
1283 1421 1467 1449 numero
1501 1421 1590 1449 non
1627 1421 1718 1448 am-

320 1490 436 1551 plius
459 1500 583 1534 erant
606 1488 861 1550 quingenti,
882 1497 1030 1531 tamen
1051 1488 1378 1531 Germanorum
1403 1485 1597 1530 adventu
1620 1486 1719 1530 bar-

320 1572 415 1615 bari
442 1570 726 1614 inflabantur.

386 1653 465 1695 XI.
510 1652 681 1706 Caesar,
719 1666 858 1710 quum
896 1647 1267 1692 animadverteret
1306 1647 1476 1691 hostem
1517 1647 1717 1710 complu-

322 1750 390 1777 res
418 1732 509 1776 dies
537 1731 716 1787 eastris,
743 1729 904 1792 palude
940 1740 983 1774 et
1018 1728 1104 1773 loci
1135 1738 1292 1772 natura
1322 1729 1532 1786 munitis,
1576 1746 1619 1773 se
1658 1739 1718 1774 te-

324 1831 448 1870 nere,
483 1829 624 1873 neque
655 1811 907 1872 oppugnari
938 1819 1081 1853 castra
1113 1825 1266 1852 eorum
1305 1809 1398 1852 sine
1433 1809 1718 1855 dimicatione

325 1894 593 1955 perniciosa,
625 1908 705 1936 nec
739 1890 886 1935 locum
920 1889 1240 1934 munitionibus
1274 1887 1419 1933 claudi
1452 1890 1534 1934 nisi
1572 1906 1596 1934 a
1631 1907 1718 1934 ma-

320 1976 416 2035 jore
449 1974 642 2017 exercitu
674 1988 825 2034 posse,
856 1971 1022 2015 litteras
1064 1969 1119 2014 ad
1154 1970 1425 2014 Trebonium
1459 1971 1613 2027 mittit,
1649 1981 1717 2027 ut,

325 2072 458 2116 quam
483 2053 712 2099 celerrime
736 2062 902 2114 posset,
927 2051 1145 2113 legionem
1166 2067 1272 2108 xm,
1296 2067 1392 2111 quae
1414 2068 1515 2095 cum
1538 2053 1586 2095 T.
1612 2053 1718 2096 Sex-

325 2138 386 2181 tio
411 2135 555 2198 legato
578 2136 622 2178 in
646 2133 918 2196 Biturigibus
942 2132 1186 2190 hiemabat,
1217 2142 1478 2188 arcesseret,
1502 2142 1633 2193 atque
1660 2134 1719 2177 ita

325 2234 427 2262 cum
451 2233 502 2261 111
528 2215 776 2278 legionibus
799 2213 970 2275 magnis
999 2213 1230 2257 itineribus
1258 2213 1312 2257 ad
1339 2230 1383 2256 se
1412 2214 1596 2257 veniret.
1620 2215 1718 2274 Ipse

325 2299 493 2359 equites
514 2299 704 2341 invicem
722 2298 967 2340 Remorum
992 2311 1042 2338 ac
1059 2295 1336 2355 Lingonum,
1357 2292 1718 2354 reliquarumque

325 2379 577 2434 civitatum,
601 2393 789 2438 quorum
816 2392 1028 2437 magnum
1059 2391 1294 2419 numerum
1318 2383 1594 2430 evocaverat,
1615 2391 1718 2435 prae-

325 2460 436 2504 sidio
465 2458 825 2520 pabulationibus
855 2457 1012 2512 mittit,
1046 2457 1121 2517 qui
1150 2456 1317 2500 subitas
1347 2456 1537 2499 hostium
1568 2456 1716 2498 incur-

325 2542 466 2584 siones
489 2541 771 2584 sustinerent.

389 2623 488 2665 XII.
526 2620 661 2679 Quod
696 2636 835 2680 quum
868 2617 1067 2678 quotidie
1100 2617 1244 2675 fieret,
1271 2634 1322 2661 ac
1353 2617 1442 2678 Jam
1478 2626 1716 2661 consuetu-

327 2700 427 2744 dine
450 2699 677 2762 diligentia
701 2700 976 2743 minueretur
999 2697 1139 2758 (quod
1166 2697 1426 2758 plerumque
1450 2695 1605 2740 accidit
1628 2696 1717 2741 diu-
