1972 3356
573 232 639 266 DE
670 231 831 266 BELLO
863 231 1248 268 ALEXANDRINO.
1526 231 1593 276 175

215 326 316 360 sunt
353 333 402 359 ex
443 332 625 359 numero
665 314 1001 377 legionariorum
1028 314 1215 359 militum
1241 315 1414 359 circiter
1442 331 1528 371 cn,
1554 325 1595 359 et

216 396 346 457 paulo
373 396 487 441 ultra
511 412 610 440 eum
640 411 870 439 numerum
895 394 1101 439 classiarii
1119 405 1161 439 et
1183 396 1378 457 remiges.
1406 395 1594 441 Alexan·

215 476 329 521 drini
357 494 407 521 eo
432 476 528 520 loco
554 474 778 520 castellum
809 477 977 536 magnis
1016 476 1333 520 munitionibus
1361 475 1595 537 multisque

215 557 443 602 tormentis
476 555 870 610 confirmaverunt,
899 565 1052 615 atque,
1086 555 1242 616 egestis
1270 571 1322 599 ex
1345 557 1456 599 mari
1485 555 1596 618 lapi-

215 638 362 690 dibus,
383 637 517 681 libere
541 645 643 680 sunt
667 635 732 679 usi
759 645 906 696 postea
932 633 987 678 ad
1010 634 1221 679 mittenda
1244 636 1431 696 navigia.

277 719 420 763 XXII.
449 718 545 760 Hoc
581 714 844 759 detrimento
872 713 1030 758 milites
1073 715 1210 759 nostri
1242 724 1414 759 tantum
1450 716 1597 761 abfue-

214 808 317 843 runt·
343 807 389 841 ut
417 795 802 858 perturbarentur,
830 804 880 839 ut
906 794 1070 839 incensi
1100 796 1245 856 potius
1269 805 1399 856 atque
1428 797 1597 841 incitati

213 895 389 940 magnas
419 876 684 922 accessiones
713 875 897 920 fecerint
933 876 979 920 in
1009 876 1215 937 operibus
1244 877 1438 921 hostium
1463 894 1598 939 expu-

211 957 414 1019 gnandis,
434 959 478 1002 in
497 956 660 1019 proeliis
684 956 950 1018 quotidianis
965 993 977 1011 ,
991 955 1345 1018 quandocunque
1364 957 1451 1002 fors
1470 958 1597 1002 obtu-

210 1038 346 1094 lerat,
381 1038 741 1100 procurrentibus
779 1047 822 1082 et
849 1037 1178 1099 erumpentibus
1208 1036 1517 1082 Alexandrinis
1522 1073 1594 1083 .....

210 1137 389 1164 manum
431 1117 740 1181 comprehendi
776 1117 965 1162 multum
1001 1119 1234 1179 operibus,
1263 1128 1305 1162 et
1342 1118 1597 1163 ardentibus

210 1200 363 1245 studiis
391 1199 580 1244 militum
609 1216 618 1243 ε
651 1216 730 1243 nec
758 1198 983 1260 divulgata
1009 1199 1190 1243 Caesaris
1218 1199 1465 1243 cohortatio
1492 1200 1595 1244 sub-

209 1282 330 1341 sequi
368 1280 591 1342 legionum
620 1290 695 1324 aut
722 1279 939 1334 laborem,
963 1288 1036 1324 aut
1073 1279 1299 1341 pugnandi
1326 1289 1496 1341 poterat
1520 1297 1597 1325 cu-

209 1361 459 1422 piditatem,
496 1371 544 1405 ut
579 1362 717 1422 magis
749 1360 995 1404 deterrendi
1034 1370 1077 1404 et
1114 1360 1367 1404 continendi
1410 1378 1433 1405 a
1477 1362 1594 1423 peri-

209 1441 487 1486 culosissimis
524 1451 668 1485 essent
706 1440 1088 1496 dimicationibus,
1127 1457 1258 1501 quam
1301 1441 1511 1485 incitandi
1542 1443 1596 1486 ad

208 1523 507 1584 pugnandum.

272 1606 438 1649 XXIII.
464 1602 771 1658 Alexandrini,
794 1620 930 1665 quum
954 1606 1175 1649 Romanos
1189 1613 1231 1648 et
1251 1603 1452 1648 secundis
1468 1604 1597 1648 rebus

208 1685 485 1742 confirmari,
523 1695 564 1729 et
596 1684 786 1729 adversis
816 1685 989 1729 incitari
1026 1684 1247 1741 viderent,
1281 1701 1422 1746 neque
1459 1684 1596 1729 ullum

208 1764 309 1810 belli
326 1767 504 1810 tertium
528 1781 675 1810 casum
701 1775 905 1821 nossent,
933 1781 1021 1824 quo
1048 1775 1224 1825 possent
1245 1781 1335 1809 esse
1359 1765 1570 1810 firmiores
1587 1801 1598 1821 ‚

208 1857 256 1890 ut
283 1846 533 1906 conjectura
562 1835 771 1905 consequi
796 1861 1051 1905 possumus,
1077 1855 1152 1889 aut
1180 1844 1395 1889 admoniti
1432 1861 1457 1889 a
1484 1847 1598 1907 regis

209 1927 383 1981 amicis,
411 1927 485 1987 qui
510 1926 554 1970 in
581 1926 762 1970 Caesaris
795 1935 920 1969 erant
958 1925 1194 1986 praesidiis,
1228 1936 1303 1969 aut
1341 1941 1421 1969 suo
1451 1927 1598 1987 priore

209 2006 419 2062 consilio,
456 2024 534 2068 per
573 2005 767 2050 occultos
804 2007 980 2050 nuntios
1014 2007 1126 2067 regis
1170 2006 1385 2067 probato,
1431 2004 1598 2068 legatos

209 2087 264 2131 ad
300 2091 511 2132 Coesarem
549 2089 787 2144 miserunt,
825 2107 845 2127 α
878 2097 925 2131 ut
957 2086 1198 2132 dimitteret
1241 2104 1415 2149 regem,
1454 2097 1598 2131 trans-

211 2169 359 2229 ireque
386 2168 440 2212 ad
463 2185 564 2213 suos
594 2177 818 2229 pateretur
845 2185 853 2212 :
883 2177 1079 2229 paratam
1106 2169 1222 2212 enim
1253 2184 1427 2212 omnem
1452 2166 1599 2211 multi-

211 2249 405 2293 tudinem
445 2266 559 2305 esse,
602 2248 844 2293 confectam
881 2249 1008 2293 taedio
1043 2248 1223 2310 puellae,
1265 2248 1493 2293 fiduciario
1531 2265 1600 2292 re-

212 2346 324 2390 gno,
358 2328 656 2374 dominatione
682 2328 980 2374 crudelissima
1017 2329 1285 2391 Ganymedis
1305 2364 1316 2386 ‚
1354 2330 1495 2374 facere
1526 2329 1568 2373 id
1587 2363 1599 2384 ,

211 2409 330 2470 quod
365 2427 439 2454 rex
474 2411 729 2472 imperasset
754 2429 763 2455 ι
791 2428 878 2473 quo
911 2413 945 2456 si
971 2421 1149 2456 auctore
1176 2412 1221 2455 in
1249 2411 1433 2457 Caesaris
1465 2409 1597 2453 fidem

212 2491 534 2552 amicitiamque
573 2493 747 2536 venturi
779 2502 941 2551 essent,
979 2490 1141 2537 nullius
1176 2491 1359 2554 periculi
1395 2491 1597 2534 timorem

213 2570 486 2615 multitudini
528 2571 620 2617 fore
669 2573 1012 2634 impedimento,
1061 2591 1149 2634 quo
1191 2574 1334 2617 minus
1376 2588 1420 2616 se
1466 2568 1596 2614 dede-

215 2661 320 2695 rent.
346 2673 366 2694 n
