1972 3356
430 462 760 521 NOTITIA
807 461 1298 519 LITTERARIA

200 643 349 725 DE
424 638 519 727 C.
592 637 944 728 JULIO
1015 635 1526 726 CAESARE

655 871 725 906 EX
753 872 798 906 G.
821 872 854 906 J.
882 869 1078 912 VOSSIO,

426 971 458 1006 J.
481 972 522 1006 A.
556 971 802 1014 FABRICIQ
831 971 894 1005 ET
925 970 970 1005 H.
998 970 1300 1006 DODWELLO.

732 1179 1010 1192 aff-

177 1310 258 1394 C.
283 1350 441 1393 JULIUS
464 1349 627 1394 CAESAR
649 1348 863 1403 dictator,
883 1344 1134 1408 eloquentia
1162 1348 1450 1407 doctrinaque
1475 1364 1564 1390 non

181 1427 349 1486 minus,
373 1444 504 1489 quam
527 1426 775 1473 incredibili
796 1427 963 1490 ingenii
990 1427 1215 1489 animique
1238 1427 1308 1484 vi,
1332 1442 1569 1487 rerumque

179 1526 401 1578 gestarum
425 1517 731 1580 magnitudine
759 1516 1047 1575 clarissimus,
1071 1527 1170 1580 post
1195 1516 1389 1563 Galliam
1414 1517 1570 1562 subac-

180 1616 288 1662 tam,
321 1607 488 1652 victum
515 1609 597 1653 Cn.
628 1607 911 1670 Pompeium,
939 1617 983 1653 et
1018 1623 1274 1670 oppressam
1301 1606 1569 1664 libertatem,

179 1712 317 1756 quum
346 1713 514 1740 summa
548 1705 762 1758 potestate
789 1694 922 1758 paulo
952 1694 1069 1742 ultra
1099 1696 1442 1758 quadriennium
1473 1713 1570 1741 mo-

178 1785 328 1830 derate
355 1787 457 1831 satis
484 1803 588 1831 usus
612 1786 790 1844 suisset,
813 1787 856 1831 in
883 1787 1006 1831 curia
1028 1804 1052 1831 a
1074 1787 1313 1848 conjuratis
1341 1786 1571 1831 confossus

180 1877 310 1937 periit
337 1875 481 1920 idibus
511 1877 705 1932 martiis,
744 1893 860 1920 anno
892 1876 1013 1921 urbis
1050 1891 1163 1939 710,
1198 1885 1299 1920 ante
1339 1877 1443 1922 Chr.
1488 1879 1571 1933 44,

179 1966 316 2010 aetatis
337 1963 408 2009 56.
429 1965 650 2009 Maximus
671 1965 1009 2026 imperatorum,
1027 1980 1318 2027 summasque
1336 1975 1571 2011 auctorum

180 2053 262 2097 fuit
278 2088 289 2110 ,
314 2065 364 2097 ut
386 2054 446 2098 ait
469 2054 671 2109 Tacitus,
697 2063 740 2098 et
758 2054 879 2098 varia
904 2053 1144 2098 admodum
1169 2055 1344 2115 scripsit
1367 2073 1376 2099 ε
1398 2072 1450 2099 ex
1477 2056 1573 2116 qui·

183 2143 263 2185 bus
288 2141 380 2186 sola
405 2152 660 2203 supersunt,
684 2159 782 2203 quae
804 2144 846 2186 in
870 2159 917 2187 re
944 2142 1154 2187 historica
1180 2142 1373 2205 reliquit.
1399 2146 1573 2206 Nempe

181 2241 352 2276 exstant
373 2233 465 2293 ejus
485 2234 556 2277 De
576 2232 684 2277 bello
704 2232 829 2295 quod
847 2248 947 2277 cam
972 2232 1115 2278 Gallis
1134 2234 1277 2295 gessit
1296 2234 1573 2280 Commenta-

182 2324 345 2367 riorum
377 2322 479 2367 libri
506 2339 594 2377 vu,
625 2339 817 2383 quorum
846 2322 1014 2384 schgulc'
1035 2323 1315 2386 singulorum
1346 2340 1572 2370 annorum

182 2428 250 2455 res
273 2410 643 2472 complectuntur.
664 2412 794 2457 Unde
812 2414 1003 2470 Hirtius,
1027 2429 1130 2471 v111,
1150 2413 1212 2468 48
1233 2430 1242 2456 :
1269 2432 1289 2454 (ι
1307 2414 1407 2457 Scio
1430 2415 1572 2458 Caesa-

182 2516 274 2544 rem
295 2499 572 2562 singulorum
590 2517 809 2545 annorum
824 2500 1021 2564 singulos
1044 2502 1386 2547 commentarios
1404 2501 1574 2561 fecisse,

182 2589 301 2650 quod
327 2606 407 2651 ego
429 2606 518 2634 non
540 2590 784 2635 existimavi
807 2591 917 2636 mihi
946 2609 1038 2637 esse
1057 2591 1320 2637 faciendum.
1342 2612 1363 2633 »
1388 2590 1455 2637 Ad
1482 2590 1573 2634 haec

183 2689 267 2723 tres
284 2678 336 2723 de
350 2678 466 2724 bello
480 2678 612 2724 civili.
628 2680 853 2725 Ciceronis
877 2683 930 2727 de
949 2683 999 2726 iis
1017 2681 1343 2728 commentariis
1358 2681 1574 2743 judicium
