<?xml version="1.0" encoding="UTF-8"?>
<!DOCTYPE html PUBLIC "-//W3C//DTD XHTML 1.0 Transitional//EN"
    "http://www.w3.org/TR/xhtml1/DTD/xhtml1-transitional.dtd">
<html xmlns="http://www.w3.org/1999/xhtml" xml:lang="en" lang="en">
 <head>
  <title>
</title>
<meta http-equiv="Content-Type" content="text/html;charset=utf-8" />
  <meta name='ocr-system' content='tesseract 3.04.00' />
  <meta name='ocr-capabilities' content='ocr_page ocr_carea ocr_par ocr_line ocrx_word'/>
</head>
<body>
  <div class='ocr_page' id='page_1' title='image "./operajoh0102caesuoft_0207.png"; bbox 0 0 1972 3356; ppageno 0'>
   <div class='ocr_carea' id='block_1_1' title="bbox 563 237 1644 283">
    <p class='ocr_par' dir='ltr' id='par_1_1' title="bbox 563 237 1644 283">
     <span class='ocr_line' id='line_1_1' title="bbox 563 237 1644 283; baseline -0.006 -1"><span class='ocrx_word' id='word_1_1' title='bbox 563 246 630 282; x_wconf 91' lang='lat' dir='ltr'>DE</span> <span class='ocrx_word' id='word_1_2' title='bbox 661 246 823 282; x_wconf 91' lang='lat' dir='ltr'>BELLO</span> <span class='ocrx_word' id='word_1_3' title='bbox 852 244 1069 283; x_wconf 88' lang='lat' dir='ltr'>GALLICO</span> <span class='ocrx_word' id='word_1_4' title='bbox 1099 244 1191 279; x_wconf 91' lang='lat' dir='ltr'>LIB.</span> <span class='ocrx_word' id='word_1_5' title='bbox 1218 243 1300 278; x_wconf 78' lang='lat' dir='ltr'>VII.</span> <span class='ocrx_word' id='word_1_6' title='bbox 1571 237 1644 276; x_wconf 83' lang='lat'>185</span> 
     </span>
    </p>
   </div>
   <div class='ocr_carea' id='block_1_2' title="bbox 223 326 1648 2678">
    <p class='ocr_par' dir='ltr' id='par_1_2' title="bbox 225 326 1646 961">
     <span class='ocr_line' id='line_1_2' title="bbox 226 326 1644 392; baseline -0.004 -18"><span class='ocrx_word' id='word_1_7' title='bbox 226 331 344 375; x_wconf 88' lang='lat' dir='ltr'>tibus</span> <span class='ocrx_word' id='word_1_8' title='bbox 369 340 412 374; x_wconf 87' lang='lat' dir='ltr'>et</span> <span class='ocrx_word' id='word_1_9' title='bbox 437 331 640 375; x_wconf 89' lang='lat' dir='ltr'>oratione</span> <span class='ocrx_word' id='word_1_10' title='bbox 665 331 953 392; x_wconf 77' lang='lat' dir='ltr'><strong>magistratus</strong></span> <span class='ocrx_word' id='word_1_11' title='bbox 978 340 1023 374; x_wconf 90' lang='lat' dir='ltr'>et</span> <span class='ocrx_word' id='word_1_12' title='bbox 1048 330 1232 391; x_wconf 88' lang='lat' dir='ltr'>praemio</span> <span class='ocrx_word' id='word_1_13' title='bbox 1256 326 1478 381; x_wconf 88' lang='lat' dir='ltr'>deductis,</span> <span class='ocrx_word' id='word_1_14' title='bbox 1503 341 1644 386; x_wconf 87' lang='lat' dir='ltr'>quum</span> 
     </span>
     <span class='ocr_line' id='line_1_3' title="bbox 226 408 1644 475; baseline -0.004 -17"><span class='ocrx_word' id='word_1_15' title='bbox 226 431 270 458; x_wconf 88' lang='lat' dir='ltr'>se</span> <span class='ocrx_word' id='word_1_16' title='bbox 287 412 357 457; x_wconf 92' lang='lat' dir='ltr'>vel</span> <span class='ocrx_word' id='word_1_17' title='bbox 374 413 596 474; x_wconf 83' lang='lat' dir='ltr'>principes</span> <span class='ocrx_word' id='word_1_18' title='bbox 614 414 709 475; x_wconf 89' lang='lat' dir='ltr'>ejus</span> <span class='ocrx_word' id='word_1_19' title='bbox 734 411 908 457; x_wconf 90' lang='lat' dir='ltr'>consilii</span> <span class='ocrx_word' id='word_1_20' title='bbox 932 412 1026 456; x_wconf 91' lang='lat' dir='ltr'>fore</span> <span class='ocrx_word' id='word_1_21' title='bbox 1047 412 1389 474; x_wconf 85' lang='lat' dir='ltr'>profiterentur,</span> <span class='ocrx_word' id='word_1_22' title='bbox 1411 408 1527 454; x_wconf 89' lang='lat' dir='ltr'>ratio</span> <span class='ocrx_word' id='word_1_23' title='bbox 1544 425 1644 470; x_wconf 90' lang='lat' dir='ltr'>per-</span> 
     </span>
     <span class='ocr_line' id='line_1_4' title="bbox 227 490 1645 555; baseline -0.004 -16"><span class='ocrx_word' id='word_1_24' title='bbox 227 494 403 539; x_wconf 86' lang='lat' dir='ltr'>ficiendi</span> <span class='ocrx_word' id='word_1_25' title='bbox 426 494 728 555; x_wconf 78' lang='lat' dir='ltr'>quaerebatur,</span> <span class='ocrx_word' id='word_1_26' title='bbox 749 493 869 555; x_wconf 88' lang='lat' dir='ltr'>quod</span> <span class='ocrx_word' id='word_1_27' title='bbox 885 494 1112 537; x_wconf 87' lang='lat' dir='ltr'>civitatem</span> <span class='ocrx_word' id='word_1_28' title='bbox 1133 503 1298 537; x_wconf 87' lang='lat' dir='ltr'>temere</span> <span class='ocrx_word' id='word_1_29' title='bbox 1319 491 1375 536; x_wconf 89' lang='lat' dir='ltr'>ad</span> <span class='ocrx_word' id='word_1_30' title='bbox 1398 490 1645 552; x_wconf 91' lang='lat' dir='ltr'>suscipien-</span> 
     </span>
     <span class='ocr_line' id='line_1_5' title="bbox 226 569 1645 635; baseline -0.004 -16"><span class='ocrx_word' id='word_1_31' title='bbox 226 575 332 619; x_wconf 89' lang='lat' dir='ltr'>dum</span> <span class='ocrx_word' id='word_1_32' title='bbox 357 574 525 618; x_wconf 89' lang='lat' dir='ltr'>bellum</span> <span class='ocrx_word' id='word_1_33' title='bbox 554 574 715 618; x_wconf 85' lang='lat' dir='ltr'>adduci</span> <span class='ocrx_word' id='word_1_34' title='bbox 745 591 873 635; x_wconf 91' lang='lat' dir='ltr'>posse</span> <span class='ocrx_word' id='word_1_35' title='bbox 903 591 994 617; x_wconf 88' lang='lat' dir='ltr'>non</span> <span class='ocrx_word' id='word_1_36' title='bbox 1026 573 1323 617; x_wconf 86' lang='lat' dir='ltr'>confidebant.</span> <span class='ocrx_word' id='word_1_37' title='bbox 1352 571 1549 628; x_wconf 86' lang='lat' dir='ltr'>Placuit,</span> <span class='ocrx_word' id='word_1_38' title='bbox 1578 569 1645 614; x_wconf 86' lang='lat' dir='ltr'>uti</span> 
     </span>
     <span class='ocr_line' id='line_1_6' title="bbox 226 651 1645 715; baseline -0.004 -15"><span class='ocrx_word' id='word_1_39' title='bbox 226 657 450 700; x_wconf 85' lang='lat' dir='ltr'>Litavicus</span> <span class='ocrx_word' id='word_1_40' title='bbox 487 655 641 699; x_wconf 89' lang='lat' dir='ltr'>decem</span> <span class='ocrx_word' id='word_1_41' title='bbox 674 653 760 699; x_wconf 85' lang='lat' dir='ltr'>illis</span> <span class='ocrx_word' id='word_1_42' title='bbox 803 653 1022 711; x_wconf 89' lang='lat' dir='ltr'>millibus,</span> <span class='ocrx_word' id='word_1_43' title='bbox 1065 671 1162 715; x_wconf 85' lang='lat' dir='ltr'>quae</span> <span class='ocrx_word' id='word_1_44' title='bbox 1198 654 1362 698; x_wconf 86' lang='lat' dir='ltr'>Caesari</span> <span class='ocrx_word' id='word_1_45' title='bbox 1390 652 1447 696; x_wconf 88' lang='lat' dir='ltr'>ad</span> <span class='ocrx_word' id='word_1_46' title='bbox 1476 651 1645 696; x_wconf 88' lang='lat' dir='ltr'>bellum</span> 
     </span>
     <span class='ocr_line' id='line_1_7' title="bbox 225 732 1646 797; baseline -0.004 -16"><span class='ocrx_word' id='word_1_47' title='bbox 225 738 531 793; x_wconf 81' lang='lat' dir='ltr'>mitterentur,</span> <span class='ocrx_word' id='word_1_48' title='bbox 552 735 872 797; x_wconf 80' lang='lat' dir='ltr'>praeficeretur,</span> <span class='ocrx_word' id='word_1_49' title='bbox 894 745 1030 797; x_wconf 87' lang='lat' dir='ltr'>atque</span> <span class='ocrx_word' id='word_1_50' title='bbox 1050 752 1098 779; x_wconf 88' lang='lat' dir='ltr'>ea</span> <span class='ocrx_word' id='word_1_51' title='bbox 1121 734 1324 779; x_wconf 89' lang='lat' dir='ltr'>ducenda</span> <span class='ocrx_word' id='word_1_52' title='bbox 1342 743 1541 790; x_wconf 81' lang='lat' dir='ltr'>curaret,</span> <span class='ocrx_word' id='word_1_53' title='bbox 1563 732 1646 776; x_wconf 86' lang='lat' dir='ltr'>fra-</span> 
     </span>
     <span class='ocr_line' id='line_1_8' title="bbox 226 815 1644 879; baseline -0.003 -17"><span class='ocrx_word' id='word_1_54' title='bbox 226 828 403 879; x_wconf 84' lang='lat' dir='ltr'>tresque</span> <span class='ocrx_word' id='word_1_55' title='bbox 422 820 516 879; x_wconf 80' lang='lat' dir='ltr'>ejus</span> <span class='ocrx_word' id='word_1_56' title='bbox 537 818 592 862; x_wconf 90' lang='lat' dir='ltr'>ad</span> <span class='ocrx_word' id='word_1_57' title='bbox 617 821 834 863; x_wconf 79' lang='lat' dir='ltr'>Caesarem</span> <span class='ocrx_word' id='word_1_58' title='bbox 857 826 1195 879; x_wconf 84' lang='lat' dir='ltr'>praecurrerent.</span> <span class='ocrx_word' id='word_1_59' title='bbox 1220 815 1411 877; x_wconf 84' lang='lat' dir='ltr'>Reliqua</span> <span class='ocrx_word' id='word_1_60' title='bbox 1428 851 1439 872; x_wconf 96' lang='lat'>,</span> <span class='ocrx_word' id='word_1_61' title='bbox 1466 831 1553 876; x_wconf 83' lang='lat' dir='ltr'>qua</span> <span class='ocrx_word' id='word_1_62' title='bbox 1576 831 1644 858; x_wconf 88' lang='lat' dir='ltr'>ra-</span> 
     </span>
     <span class='ocr_line' id='line_1_9' title="bbox 227 897 987 961; baseline -0.001 -18"><span class='ocrx_word' id='word_1_63' title='bbox 227 900 345 943; x_wconf 90' lang='lat' dir='ltr'>tione</span> <span class='ocrx_word' id='word_1_64' title='bbox 371 899 442 961; x_wconf 82' lang='lat' dir='ltr'>agi</span> <span class='ocrx_word' id='word_1_65' title='bbox 466 897 664 961; x_wconf 87' lang='lat' dir='ltr'>placeat,</span> <span class='ocrx_word' id='word_1_66' title='bbox 689 899 987 943; x_wconf 86' lang='lat' dir='ltr'>constituunt.</span> 
     </span>
    </p>

    <p class='ocr_par' dir='ltr' id='par_1_3' title="bbox 223 976 1648 2678">
     <span class='ocr_line' id='line_1_10' title="bbox 288 976 1646 1042; baseline -0.003 -17"><span class='ocrx_word' id='word_1_67' title='bbox 288 982 546 1025; x_wconf 85' lang='lat' dir='ltr'>XXXVIII.</span> <span class='ocrx_word' id='word_1_68' title='bbox 582 981 832 1036; x_wconf 79' lang='lat' dir='ltr'>Litavicus,</span> <span class='ocrx_word' id='word_1_69' title='bbox 862 990 1044 1042; x_wconf 86' lang='lat' dir='ltr'>accepto</span> <span class='ocrx_word' id='word_1_70' title='bbox 1080 981 1301 1036; x_wconf 82' lang='lat' dir='ltr'>exercitu,</span> <span class='ocrx_word' id='word_1_71' title='bbox 1329 996 1469 1040; x_wconf 89' lang='lat' dir='ltr'>quum</span> <span class='ocrx_word' id='word_1_72' title='bbox 1504 976 1646 1022; x_wconf 88' lang='lat' dir='ltr'>millia</span> 
     </span>
     <span class='ocr_line' id='line_1_11' title="bbox 227 1060 1646 1126; baseline -0.004 -18"><span class='ocrx_word' id='word_1_73' title='bbox 227 1080 437 1126; x_wconf 82' lang='lat' dir='ltr'>passuum</span> <span class='ocrx_word' id='word_1_74' title='bbox 479 1063 659 1107; x_wconf 85' lang='lat' dir='ltr'>circiter</span> <span class='ocrx_word' id='word_1_75' title='bbox 689 1080 783 1107; x_wconf 87' lang='lat' dir='ltr'>xxx</span> <span class='ocrx_word' id='word_1_76' title='bbox 821 1062 876 1106; x_wconf 89' lang='lat' dir='ltr'>ab</span> <span class='ocrx_word' id='word_1_77' title='bbox 905 1063 1131 1124; x_wconf 80' lang='lat' dir='ltr'>Gergovia</span> <span class='ocrx_word' id='word_1_78' title='bbox 1164 1063 1356 1118; x_wconf 87' lang='lat' dir='ltr'>abesset,</span> <span class='ocrx_word' id='word_1_79' title='bbox 1389 1060 1646 1106; x_wconf 79' lang='lat' dir='ltr'>convocatis</span> 
     </span>
     <span class='ocr_line' id='line_1_12' title="bbox 226 1142 1646 1206; baseline -0.003 -17"><span class='ocrx_word' id='word_1_80' title='bbox 226 1146 373 1190; x_wconf 86' lang='lat' dir='ltr'>subito</span> <span class='ocrx_word' id='word_1_81' title='bbox 389 1143 630 1200; x_wconf 80' lang='lat' dir='ltr'>militibus,</span> <span class='ocrx_word' id='word_1_82' title='bbox 649 1142 900 1206; x_wconf 82' lang='lat' dir='ltr'>lacrymans</span> <span class='ocrx_word' id='word_1_83' title='bbox 914 1179 924 1199; x_wconf 88' lang='lat'>,</span> <span class='ocrx_word' id='word_1_84' title='bbox 941 1164 960 1184; x_wconf 86' lang='lat'>«</span> <span class='ocrx_word' id='word_1_85' title='bbox 984 1146 1087 1202; x_wconf 83' lang='lat' dir='ltr'>Quo</span> <span class='ocrx_word' id='word_1_86' title='bbox 1106 1143 1436 1205; x_wconf 87' lang='lat' dir='ltr'>proficiscimur</span> <span class='ocrx_word' id='word_1_87' title='bbox 1449 1177 1460 1198; x_wconf 95' lang='lat'>,</span> <span class='ocrx_word' id='word_1_88' title='bbox 1478 1142 1646 1203; x_wconf 87' lang='lat' dir='ltr'>inquit,</span> 
     </span>
     <span class='ocr_line' id='line_1_13' title="bbox 226 1224 1643 1286; baseline -0.002 -16"><span class='ocrx_word' id='word_1_89' title='bbox 226 1226 414 1270; x_wconf 75' lang='lat' dir='ltr'>milites?</span> <span class='ocrx_word' id='word_1_90' title='bbox 435 1226 593 1270; x_wconf 88' lang='lat' dir='ltr'>Omnis</span> <span class='ocrx_word' id='word_1_91' title='bbox 614 1236 765 1270; x_wconf 87' lang='lat' dir='ltr'>noster</span> <span class='ocrx_word' id='word_1_92' title='bbox 789 1226 1035 1286; x_wconf 83' lang='lat' dir='ltr'>equitatus,</span> <span class='ocrx_word' id='word_1_93' title='bbox 1055 1226 1200 1270; x_wconf 90' lang='lat' dir='ltr'>omnis</span> <span class='ocrx_word' id='word_1_94' title='bbox 1220 1224 1428 1269; x_wconf 85' lang='lat' dir='ltr'>nobilitas</span> <span class='ocrx_word' id='word_1_95' title='bbox 1448 1225 1643 1268; x_wconf 86' lang='lat' dir='ltr'>interiit:</span> 
     </span>
     <span class='ocr_line' id='line_1_14' title="bbox 229 1305 1644 1370; baseline -0.002 -19"><span class='ocrx_word' id='word_1_96' title='bbox 229 1308 453 1370; x_wconf 87' lang='lat' dir='ltr'>principes</span> <span class='ocrx_word' id='word_1_97' title='bbox 482 1308 695 1363; x_wconf 85' lang='lat' dir='ltr'>civitatis,</span> <span class='ocrx_word' id='word_1_98' title='bbox 726 1307 1003 1369; x_wconf 81' lang='lat' dir='ltr'>Eporedorix</span> <span class='ocrx_word' id='word_1_99' title='bbox 1028 1317 1071 1351; x_wconf 92' lang='lat' dir='ltr'>et</span> <span class='ocrx_word' id='word_1_100' title='bbox 1094 1306 1425 1363; x_wconf 84' lang='lat' dir='ltr'>Viridomarus,</span> <span class='ocrx_word' id='word_1_101' title='bbox 1457 1305 1644 1350; x_wconf 87' lang='lat' dir='ltr'>insimu-</span> 
     </span>
     <span class='ocr_line' id='line_1_15' title="bbox 230 1386 1643 1450; baseline -0.001 -18"><span class='ocrx_word' id='word_1_102' title='bbox 230 1388 306 1433; x_wconf 89' lang='lat' dir='ltr'>lati</span> <span class='ocrx_word' id='word_1_103' title='bbox 322 1388 588 1450; x_wconf 86' lang='lat' dir='ltr'>proditionis</span> <span class='ocrx_word' id='word_1_104' title='bbox 604 1424 616 1443; x_wconf 91' lang='lat'>,</span> <span class='ocrx_word' id='word_1_105' title='bbox 638 1389 692 1432; x_wconf 87' lang='lat' dir='ltr'>ab</span> <span class='ocrx_word' id='word_1_106' title='bbox 712 1390 928 1432; x_wconf 83' lang='lat' dir='ltr'>Romanis</span> <span class='ocrx_word' id='word_1_107' title='bbox 951 1388 1116 1432; x_wconf 89' lang='lat' dir='ltr'>indicta</span> <span class='ocrx_word' id='word_1_108' title='bbox 1133 1405 1265 1432; x_wconf 86' lang='lat' dir='ltr'>causa</span> <span class='ocrx_word' id='word_1_109' title='bbox 1281 1386 1506 1431; x_wconf 89' lang='lat' dir='ltr'>interfecti</span> <span class='ocrx_word' id='word_1_110' title='bbox 1527 1396 1643 1431; x_wconf 90' lang='lat' dir='ltr'>sunt.</span> 
     </span>
     <span class='ocr_line' id='line_1_16' title="bbox 229 1469 1645 1531; baseline -0.003 -17"><span class='ocrx_word' id='word_1_111' title='bbox 229 1473 332 1514; x_wconf 81' lang='lat' dir='ltr'>Haec</span> <span class='ocrx_word' id='word_1_112' title='bbox 356 1470 409 1513; x_wconf 86' lang='lat' dir='ltr'>ab</span> <span class='ocrx_word' id='word_1_113' title='bbox 436 1470 487 1513; x_wconf 87' lang='lat' dir='ltr'>iis</span> <span class='ocrx_word' id='word_1_114' title='bbox 511 1470 789 1531; x_wconf 85' lang='lat' dir='ltr'>cognoscite,</span> <span class='ocrx_word' id='word_1_115' title='bbox 816 1470 893 1530; x_wconf 89' lang='lat' dir='ltr'>qui</span> <span class='ocrx_word' id='word_1_116' title='bbox 921 1486 974 1513; x_wconf 82' lang='lat' dir='ltr'>ex</span> <span class='ocrx_word' id='word_1_117' title='bbox 998 1470 1092 1530; x_wconf 82' lang='lat' dir='ltr'>ipsa</span> <span class='ocrx_word' id='word_1_118' title='bbox 1120 1469 1237 1513; x_wconf 85' lang='lat' dir='ltr'>caede</span> <span class='ocrx_word' id='word_1_119' title='bbox 1266 1469 1483 1530; x_wconf 82' lang='lat' dir='ltr'>fugerunt</span> <span class='ocrx_word' id='word_1_120' title='bbox 1508 1485 1516 1511; x_wconf 92' lang='lat'><strong>:</strong></span> <span class='ocrx_word' id='word_1_121' title='bbox 1542 1484 1645 1511; x_wconf 89' lang='lat' dir='ltr'>nam</span> 
     </span>
     <span class='ocr_line' id='line_1_17' title="bbox 226 1549 1646 1612; baseline -0.001 -18"><span class='ocrx_word' id='word_1_122' title='bbox 226 1568 327 1612; x_wconf 82' lang='lat' dir='ltr'>ego,</span> <span class='ocrx_word' id='word_1_123' title='bbox 353 1550 565 1595; x_wconf 84' lang='lat' dir='ltr'>fratribus</span> <span class='ocrx_word' id='word_1_124' title='bbox 580 1560 713 1611; x_wconf 82' lang='lat' dir='ltr'>atque</span> <span class='ocrx_word' id='word_1_125' title='bbox 734 1551 942 1595; x_wconf 88' lang='lat' dir='ltr'>omnibus</span> <span class='ocrx_word' id='word_1_126' title='bbox 959 1552 1222 1612; x_wconf 88' lang='lat' dir='ltr'>propinquis</span> <span class='ocrx_word' id='word_1_127' title='bbox 1247 1551 1356 1595; x_wconf 89' lang='lat' dir='ltr'>meis</span> <span class='ocrx_word' id='word_1_128' title='bbox 1380 1549 1646 1605; x_wconf 75' lang='lat' dir='ltr'>interfectis,</span> 
     </span>
     <span class='ocr_line' id='line_1_18' title="bbox 227 1631 1646 1694; baseline -0.001 -18"><span class='ocrx_word' id='word_1_129' title='bbox 227 1631 380 1677; x_wconf 87' lang='lat' dir='ltr'>dolore</span> <span class='ocrx_word' id='word_1_130' title='bbox 404 1632 666 1694; x_wconf 87' lang='lat' dir='ltr'>prohibeor,</span> <span class='ocrx_word' id='word_1_131' title='bbox 688 1650 785 1694; x_wconf 86' lang='lat' dir='ltr'>quae</span> <span class='ocrx_word' id='word_1_132' title='bbox 809 1642 932 1694; x_wconf 85' lang='lat' dir='ltr'>gesta</span> <span class='ocrx_word' id='word_1_133' title='bbox 957 1643 1079 1689; x_wconf 85' lang='lat' dir='ltr'>sunt,</span> <span class='ocrx_word' id='word_1_134' title='bbox 1103 1634 1411 1694; x_wconf 86' lang='lat' dir='ltr'>pronuntiare.</span> <span class='ocrx_word' id='word_1_135' title='bbox 1433 1653 1453 1674; x_wconf 85' lang='lat'>»</span> <span class='ocrx_word' id='word_1_136' title='bbox 1473 1631 1646 1676; x_wconf 86' lang='lat' dir='ltr'>Produ-</span> 
     </span>
     <span class='ocr_line' id='line_1_19' title="bbox 225 1713 1647 1775; baseline -0.001 -16"><span class='ocrx_word' id='word_1_137' title='bbox 225 1724 391 1759; x_wconf 88' lang='lat' dir='ltr'>cuntur</span> <span class='ocrx_word' id='word_1_138' title='bbox 423 1714 452 1757; x_wconf 87' lang='lat' dir='ltr'>ii</span> <span class='ocrx_word' id='word_1_139' title='bbox 481 1731 592 1775; x_wconf 90' lang='lat' dir='ltr'>quos</span> <span class='ocrx_word' id='word_1_140' title='bbox 622 1713 695 1758; x_wconf 91' lang='lat' dir='ltr'>ille</span> <span class='ocrx_word' id='word_1_141' title='bbox 720 1713 958 1759; x_wconf 82' lang='lat' dir='ltr'>edocuerat</span> <span class='ocrx_word' id='word_1_142' title='bbox 988 1731 1086 1775; x_wconf 86' lang='lat' dir='ltr'>quae</span> <span class='ocrx_word' id='word_1_143' title='bbox 1115 1714 1203 1758; x_wconf 90' lang='lat' dir='ltr'>dici</span> <span class='ocrx_word' id='word_1_144' title='bbox 1228 1713 1384 1772; x_wconf 78' lang='lat' dir='ltr'>vellet3</span> <span class='ocrx_word' id='word_1_145' title='bbox 1415 1723 1548 1775; x_wconf 87' lang='lat' dir='ltr'>atquc</span> <span class='ocrx_word' id='word_1_146' title='bbox 1576 1731 1647 1757; x_wconf 83' lang='lat' dir='ltr'>ea·</span> 
     </span>
     <span class='ocr_line' id='line_1_20' title="bbox 226 1796 1645 1858; baseline 0.001 -18"><span class='ocrx_word' id='word_1_147' title='bbox 226 1796 349 1851; x_wconf 87' lang='lat' dir='ltr'>dem,</span> <span class='ocrx_word' id='word_1_148' title='bbox 375 1813 473 1858; x_wconf 85' lang='lat' dir='ltr'>quae</span> <span class='ocrx_word' id='word_1_149' title='bbox 504 1797 732 1842; x_wconf 88' lang='lat' dir='ltr'>Litavicus</span> <span class='ocrx_word' id='word_1_150' title='bbox 762 1798 1158 1858; x_wconf 82' lang='lat' dir='ltr'>pronuntiaverat,</span> <span class='ocrx_word' id='word_1_151' title='bbox 1192 1796 1476 1841; x_wconf 89' lang='lat' dir='ltr'>multitudini</span> <span class='ocrx_word' id='word_1_152' title='bbox 1508 1813 1645 1858; x_wconf 85' lang='lat' dir='ltr'>expo-</span> 
     </span>
     <span class='ocr_line' id='line_1_21' title="bbox 226 1878 1645 1940; baseline 0 -19"><span class='ocrx_word' id='word_1_153' title='bbox 226 1888 338 1922; x_wconf 90' lang='lat' dir='ltr'>nunt</span> <span class='ocrx_word' id='word_1_154' title='bbox 373 1895 381 1921; x_wconf 91' lang='lat'>:</span> <span class='ocrx_word' id='word_1_155' title='bbox 421 1898 440 1918; x_wconf 80' lang='grc' dir='ltr'>α</span> <span class='ocrx_word' id='word_1_156' title='bbox 487 1880 656 1922; x_wconf 87' lang='lat' dir='ltr'>Omnes</span> <span class='ocrx_word' id='word_1_157' title='bbox 703 1878 875 1938; x_wconf 86' lang='lat' dir='ltr'>equites</span> <span class='ocrx_word' id='word_1_158' title='bbox 922 1878 1169 1922; x_wconf 87' lang='lat' dir='ltr'>AEduorum</span> <span class='ocrx_word' id='word_1_159' title='bbox 1209 1878 1485 1935; x_wconf 85' lang='lat' dir='ltr'>interfectos,</span> <span class='ocrx_word' id='word_1_160' title='bbox 1525 1878 1645 1940; x_wconf 89' lang='lat' dir='ltr'>quod</span> 
     </span>
     <span class='ocr_line' id='line_1_22' title="bbox 224 1958 1648 2021; baseline 0.001 -18"><span class='ocrx_word' id='word_1_161' title='bbox 224 1958 433 2003; x_wconf 87' lang='lat' dir='ltr'>collocuti</span> <span class='ocrx_word' id='word_1_162' title='bbox 463 1976 565 2003; x_wconf 89' lang='lat' dir='ltr'>cum</span> <span class='ocrx_word' id='word_1_163' title='bbox 597 1960 811 2003; x_wconf 70' lang='lat' dir='ltr'>Arvernis</span> <span class='ocrx_word' id='word_1_164' title='bbox 836 1959 1114 2016; x_wconf 79' lang='lat' dir='ltr'>dicerentur3</span> <span class='ocrx_word' id='word_1_165' title='bbox 1142 1960 1262 2021; x_wconf 90' lang='lat' dir='ltr'>ipsos</span> <span class='ocrx_word' id='word_1_166' title='bbox 1291 1976 1336 2004; x_wconf 91' lang='lat' dir='ltr'>se</span> <span class='ocrx_word' id='word_1_167' title='bbox 1359 1961 1476 2004; x_wconf 88' lang='lat' dir='ltr'>inter</span> <span class='ocrx_word' id='word_1_168' title='bbox 1498 1959 1648 2004; x_wconf 90' lang='lat' dir='ltr'>multi-</span> 
     </span>
     <span class='ocr_line' id='line_1_23' title="bbox 225 2039 1643 2103; baseline 0.001 -20"><span class='ocrx_word' id='word_1_169' title='bbox 225 2040 427 2084; x_wconf 77' lang='lat' dir='ltr'>tudinem</span> <span class='ocrx_word' id='word_1_170' title='bbox 449 2039 642 2084; x_wconf 89' lang='lat' dir='ltr'>militum</span> <span class='ocrx_word' id='word_1_171' title='bbox 661 2039 929 2096; x_wconf 87' lang='lat' dir='ltr'>occultasse,</span> <span class='ocrx_word' id='word_1_172' title='bbox 957 2051 1092 2102; x_wconf 89' lang='lat' dir='ltr'>atque</span> <span class='ocrx_word' id='word_1_173' title='bbox 1109 2058 1160 2085; x_wconf 88' lang='lat' dir='ltr'>ex</span> <span class='ocrx_word' id='word_1_174' title='bbox 1182 2041 1330 2086; x_wconf 88' lang='lat' dir='ltr'>media</span> <span class='ocrx_word' id='word_1_175' title='bbox 1353 2041 1469 2086; x_wconf 84' lang='lat' dir='ltr'>caede</span> <span class='ocrx_word' id='word_1_176' title='bbox 1489 2041 1643 2103; x_wconf 86' lang='lat' dir='ltr'>profu-</span> 
     </span>
     <span class='ocr_line' id='line_1_24' title="bbox 225 2121 1646 2184; baseline 0.001 -18"><span class='ocrx_word' id='word_1_177' title='bbox 225 2123 351 2184; x_wconf 82' lang='lat' dir='ltr'>gisse.</span> <span class='ocrx_word' id='word_1_178' title='bbox 381 2141 402 2163; x_wconf 88' lang='lat'>»</span> <span class='ocrx_word' id='word_1_179' title='bbox 432 2121 730 2167; x_wconf 87' lang='lat' dir='ltr'>Conclamant</span> <span class='ocrx_word' id='word_1_180' title='bbox 756 2121 908 2179; x_wconf 84' lang='lat' dir='ltr'>AEdui,</span> <span class='ocrx_word' id='word_1_181' title='bbox 933 2132 975 2167; x_wconf 92' lang='lat' dir='ltr'>et</span> <span class='ocrx_word' id='word_1_182' title='bbox 1004 2123 1279 2180; x_wconf 86' lang='lat' dir='ltr'>Litavicum,</span> <span class='ocrx_word' id='word_1_183' title='bbox 1305 2132 1351 2167; x_wconf 88' lang='lat' dir='ltr'>ut</span> <span class='ocrx_word' id='word_1_184' title='bbox 1377 2123 1460 2168; x_wconf 89' lang='lat' dir='ltr'>sibi</span> <span class='ocrx_word' id='word_1_185' title='bbox 1487 2140 1646 2168; x_wconf 88' lang='lat' dir='ltr'>consu-</span> 
     </span>
     <span class='ocr_line' id='line_1_25' title="bbox 225 2203 1643 2266; baseline 0.001 -18"><span class='ocrx_word' id='word_1_186' title='bbox 225 2203 308 2259; x_wconf 86' lang='lat' dir='ltr'>lat,</span> <span class='ocrx_word' id='word_1_187' title='bbox 333 2203 583 2248; x_wconf 87' lang='lat' dir='ltr'>obsecrant.</span> <span class='ocrx_word' id='word_1_188' title='bbox 609 2224 630 2245; x_wconf 75' lang='lat' dir='ltr'>&lt;c</span> <span class='ocrx_word' id='word_1_189' title='bbox 649 2204 792 2261; x_wconf 86' lang='lat' dir='ltr'>Quasi</span> <span class='ocrx_word' id='word_1_190' title='bbox 811 2221 939 2260; x_wconf 76' lang='lat' dir='ltr'>vero,</span> <span class='ocrx_word' id='word_1_191' title='bbox 964 2205 1110 2266; x_wconf 92' lang='lat' dir='ltr'>inquit</span> <span class='ocrx_word' id='word_1_192' title='bbox 1135 2203 1235 2261; x_wconf 90' lang='lat' dir='ltr'>ille,</span> <span class='ocrx_word' id='word_1_193' title='bbox 1261 2204 1437 2249; x_wconf 90' lang='lat' dir='ltr'>consilii</span> <span class='ocrx_word' id='word_1_194' title='bbox 1468 2206 1525 2249; x_wconf 88' lang='lat' dir='ltr'>sit</span> <span class='ocrx_word' id='word_1_195' title='bbox 1551 2222 1643 2260; x_wconf 83' lang='lat' dir='ltr'>res,</span> 
     </span>
     <span class='ocr_line' id='line_1_26' title="bbox 224 2286 1644 2349; baseline 0.001 -20"><span class='ocrx_word' id='word_1_196' title='bbox 224 2303 274 2329; x_wconf 89' lang='lat' dir='ltr'>ac</span> <span class='ocrx_word' id='word_1_197' title='bbox 296 2303 387 2329; x_wconf 92' lang='lat' dir='ltr'>non</span> <span class='ocrx_word' id='word_1_198' title='bbox 414 2302 593 2330; x_wconf 87' lang='lat' dir='ltr'>necesse</span> <span class='ocrx_word' id='word_1_199' title='bbox 622 2287 678 2330; x_wconf 86' lang='lat' dir='ltr'>sit</span> <span class='ocrx_word' id='word_1_200' title='bbox 706 2286 835 2330; x_wconf 86' lang='lat' dir='ltr'>nobis</span> <span class='ocrx_word' id='word_1_201' title='bbox 856 2287 1131 2349; x_wconf 86' lang='lat' dir='ltr'>Gergoviam</span> <span class='ocrx_word' id='word_1_202' title='bbox 1151 2286 1422 2331; x_wconf 86' lang='lat' dir='ltr'>contendere</span> <span class='ocrx_word' id='word_1_203' title='bbox 1439 2322 1450 2343; x_wconf 92' lang='lat'>,</span> <span class='ocrx_word' id='word_1_204' title='bbox 1473 2297 1515 2331; x_wconf 87' lang='lat' dir='ltr'>et</span> <span class='ocrx_word' id='word_1_205' title='bbox 1540 2304 1644 2331; x_wconf 82' lang='lat' dir='ltr'>cuni</span> 
     </span>
     <span class='ocr_line' id='line_1_27' title="bbox 224 2367 1645 2431; baseline 0.001 -19"><span class='ocrx_word' id='word_1_206' title='bbox 224 2368 440 2412; x_wconf 83' lang='lat' dir='ltr'>Arvernis</span> <span class='ocrx_word' id='word_1_207' title='bbox 468 2378 643 2412; x_wconf 88' lang='lat' dir='ltr'>nosmet</span> <span class='ocrx_word' id='word_1_208' title='bbox 673 2367 965 2431; x_wconf 78' lang='lat' dir='ltr'>conjungere!</span> <span class='ocrx_word' id='word_1_209' title='bbox 998 2371 1068 2414; x_wconf 90' lang='lat' dir='ltr'>An</span> <span class='ocrx_word' id='word_1_210' title='bbox 1097 2369 1374 2427; x_wconf 87' lang='lat' dir='ltr'>dubitamus,</span> <span class='ocrx_word' id='word_1_211' title='bbox 1410 2370 1542 2430; x_wconf 89' lang='lat' dir='ltr'>quin,</span> <span class='ocrx_word' id='word_1_212' title='bbox 1572 2386 1645 2413; x_wconf 89' lang='lat' dir='ltr'>nc-</span> 
     </span>
     <span class='ocr_line' id='line_1_28' title="bbox 223 2449 1641 2513; baseline 0.001 -19"><span class='ocrx_word' id='word_1_213' title='bbox 223 2449 335 2494; x_wconf 88' lang='lat' dir='ltr'>fario</span> <span class='ocrx_word' id='word_1_214' title='bbox 364 2449 559 2495; x_wconf 89' lang='lat' dir='ltr'>facinore</span> <span class='ocrx_word' id='word_1_215' title='bbox 592 2450 805 2509; x_wconf 87' lang='lat' dir='ltr'>admisso,</span> <span class='ocrx_word' id='word_1_216' title='bbox 833 2452 1026 2496; x_wconf 87' lang='lat' dir='ltr'>Romani</span> <span class='ocrx_word' id='word_1_217' title='bbox 1053 2453 1145 2513; x_wconf 86' lang='lat' dir='ltr'>jam</span> <span class='ocrx_word' id='word_1_218' title='bbox 1174 2452 1229 2496; x_wconf 89' lang='lat' dir='ltr'>ad</span> <span class='ocrx_word' id='word_1_219' title='bbox 1258 2469 1339 2496; x_wconf 92' lang='lat' dir='ltr'>nos</span> <span class='ocrx_word' id='word_1_220' title='bbox 1368 2451 1641 2498; x_wconf 85' lang='lat' dir='ltr'>interficien-</span> 
     </span>
     <span class='ocr_line' id='line_1_29' title="bbox 223 2531 1642 2595; baseline 0.002 -20"><span class='ocrx_word' id='word_1_221' title='bbox 223 2531 301 2576; x_wconf 90' lang='lat' dir='ltr'>dos</span> <span class='ocrx_word' id='word_1_222' title='bbox 337 2531 636 2576; x_wconf 78' lang='lat' dir='ltr'>concurrant?</span> <span class='ocrx_word' id='word_1_223' title='bbox 666 2532 882 2592; x_wconf 86' lang='lat' dir='ltr'>Proinde,</span> <span class='ocrx_word' id='word_1_224' title='bbox 917 2534 953 2578; x_wconf 88' lang='lat' dir='ltr'>si</span> <span class='ocrx_word' id='word_1_225' title='bbox 987 2534 1096 2595; x_wconf 91' lang='lat' dir='ltr'>quid</span> <span class='ocrx_word' id='word_1_226' title='bbox 1133 2544 1199 2578; x_wconf 89' lang='lat' dir='ltr'>est</span> <span class='ocrx_word' id='word_1_227' title='bbox 1234 2535 1279 2578; x_wconf 93' lang='lat' dir='ltr'>in</span> <span class='ocrx_word' id='word_1_228' title='bbox 1317 2534 1445 2578; x_wconf 88' lang='lat' dir='ltr'>nobis</span> <span class='ocrx_word' id='word_1_229' title='bbox 1476 2535 1642 2590; x_wconf 89' lang='lat' dir='ltr'>animi,</span> 
     </span>
     <span class='ocr_line' id='line_1_30' title="bbox 225 2615 1641 2678; baseline 0.001 -20"><span class='ocrx_word' id='word_1_230' title='bbox 225 2630 545 2675; x_wconf 87' lang='lat' dir='ltr'>persequamur</span> <span class='ocrx_word' id='word_1_231' title='bbox 578 2631 735 2658; x_wconf 85' lang='lat' dir='ltr'>eorum</span> <span class='ocrx_word' id='word_1_232' title='bbox 772 2625 984 2674; x_wconf 87' lang='lat' dir='ltr'>mortem,</span> <span class='ocrx_word' id='word_1_233' title='bbox 1015 2617 1093 2678; x_wconf 90' lang='lat' dir='ltr'>qui</span> <span class='ocrx_word' id='word_1_234' title='bbox 1123 2615 1430 2678; x_wconf 81' lang='lat' dir='ltr'>indignissime</span> <span class='ocrx_word' id='word_1_235' title='bbox 1459 2617 1641 2660; x_wconf 90' lang='lat' dir='ltr'>interie-</span> 
     </span>
    </p>
   </div>
   <div class='ocr_carea' id='block_1_3' title="bbox 225 2695 1641 2757">
    <p class='ocr_par' dir='ltr' id='par_1_4' title="bbox 225 2695 1641 2757">
     <span class='ocr_line' id='line_1_31' title="bbox 225 2695 1641 2757; baseline 0.002 -18"><span class='ocrx_word' id='word_1_236' title='bbox 225 2705 349 2751; x_wconf 85' lang='lat' dir='ltr'>runt,</span> <span class='ocrx_word' id='word_1_237' title='bbox 379 2705 513 2757; x_wconf 87' lang='lat' dir='ltr'>atque</span> <span class='ocrx_word' id='word_1_238' title='bbox 541 2695 622 2740; x_wconf 93' lang='lat' dir='ltr'>hos</span> <span class='ocrx_word' id='word_1_239' title='bbox 653 2695 848 2742; x_wconf 85' lang='lat' dir='ltr'>latrones</span> <span class='ocrx_word' id='word_1_240' title='bbox 875 2697 1209 2742; x_wconf 87' lang='lat' dir='ltr'>interficiamus.</span> <span class='ocrx_word' id='word_1_241' title='bbox 1240 2718 1261 2739; x_wconf 87' lang='lat'>»</span> <span class='ocrx_word' id='word_1_242' title='bbox 1289 2697 1498 2743; x_wconf 88' lang='lat' dir='ltr'>Ostendit</span> <span class='ocrx_word' id='word_1_243' title='bbox 1523 2699 1641 2742; x_wconf 88' lang='lat' dir='ltr'>cives</span> 
     </span>
    </p>
   </div>
  </div>
 </body>
</html>
