1972 3356
228 196 252 208 Δ
255 197 268 208 Χ-
272 197 281 207 l
289 197 358 209 xm}
366 198 412 210 ww&
415 198 474 211 {own
478 200 600 213 vaxmxffi
605 200 666 212 §Asu
669 200 711 212 KV!
715 200 868 213 lvhxwxoevvv!
871 201 1077 216 Amumwmvmx
1080 203 1111 215 Μ
1117 203 1160 216 W!
1163 203 1175 215 Χ
1179 203 1188 214 ἢ
1193 203 1237 215 ml!
1240 204 1254 216 11
1258 204 1366 216 ἘΝᾸῙΙἏᾹΊ
1372 202 1497 216 maxe-MN
1500 203 1551 217 'ukflss
1556 203 1581 216 U&
1588 205 1598 216 *-
1601 204 1610 215 ἱ

510 382 583 450 C.
619 384 871 452 JULH
911 383 1323 454 CAESARIS

307 595 1527 690 COMMENTARIORUM

540 830 637 883 DE
677 830 919 887 BELLO
955 832 1278 888 GALLICO

666 1029 835 1072 LissER
873 1027 1193 1073 SECUNDUS.

218 1436 250 1479 Ι.
292 1397 481 1503 QUUM
498 1445 610 1479 esset
629 1437 772 1480 Caesar
799 1438 843 1480 in
867 1434 1067 1480 citeriore
1088 1434 1236 1480 Gallia
1260 1437 1303 1480 in
1326 1435 1542 1494 hibernis,
1563 1436 1623 1481 ita

218 1516 282 1560 uti
311 1533 443 1578 supra
472 1516 892 1571 demonstravimus,
919 1516 1061 1560 crebri
1086 1515 1141 1560 ad
1168 1533 1267 1561 eum
1299 1533 1499 1561 rumores
1525 1516 1625 1562 affe-

217 1597 451 1653 rebantur,
480 1597 727 1658 litterisque
754 1598 858 1642 item
887 1597 1073 1641 Labieni
1099 1598 1263 1642 certior
1286 1597 1440 1654 fiebat,
1472 1614 1624 1642 omnes

219 1677 396 1740 Belgas,
440 1696 573 1739 quam
614 1680 790 1723 tertiam
826 1695 918 1722 esse
956 1676 1111 1722 Galliae
1142 1688 1312 1739 partem
1347 1678 1623 1735 dixeramus,

218 1769 373 1803 contra
402 1759 620 1821 populum
657 1776 894 1804 romanum
926 1760 1179 1820 conjurare,
1218 1759 1479 1820 obsidesque
1509 1760 1626 1805 inter

219 1857 262 1884 se
299 1840 423 1896 dare3
459 1841 721 1902 conjurandi
758 1841 837 1884 has
875 1857 968 1884 esse
1005 1856 1157 1884 causas
1198 1857 1206 1883 :
1249 1841 1462 1901 primum,
1505 1842 1625 1903 quod

218 1931 500 1977 vererentur,
535 1939 615 1979 ne,
648 1922 770 1965 omni
811 1930 966 1981 pacata
999 1919 1164 1978 Gallia,
1206 1921 1261 1964 ad
1297 1937 1370 1965 eos
1408 1924 1625 1968 exercitus

220 2011 370 2045 noster
406 2001 719 2056 adduceretur3
756 2000 934 2057 deinde,
975 2000 1094 2061 quod
1125 2001 1179 2044 ab
1218 2000 1443 2045 nonnullis
1485 2002 1626 2047 Gallis

221 2080 590 2137 sollicitarentur,
613 2083 777 2143 partim
802 2083 898 2143 qui,
919 2091 969 2125 ut
991 2085 1240 2127 Germanos
1268 2081 1434 2126 diutius
1456 2083 1500 2125 in
1524 2082 1626 2126 Gal-

219 2160 276 2205 lia
307 2163 474 2206 versari
508 2161 762 2219 noluerant,
790 2163 851 2206 ita
885 2160 1037 2223 populi
1067 2163 1240 2209 romani
1270 2164 1511 2207 exercitum
1536 2163 1626 2207 hie-

219 2259 340 2286 mare
381 2255 514 2302 atque
553 2244 869 2288 inveterascere
909 2244 955 2287 in
995 2241 1143 2288 Gallia
1179 2243 1361 2289 moleste
1396 2244 1623 2301 ferebant3

220 2323 382 2383 partim
419 2323 494 2384 qui
525 2323 770 2369 mobilitate
805 2333 848 2369 et
879 2323 1060 2369 levitate
1091 2325 1227 2369 animi
1267 2327 1393 2370 novis
1427 2326 1623 2387 imperiis

221 2404 459 2449 studebant
485 2422 495 2449 z
521 2406 575 2449 ab
599 2405 823 2452 nonnullis
844 2407 999 2465 etiam,
1029 2407 1150 2469 quod
1176 2408 1220 2451 in
1245 2406 1391 2452 Gallia
1415 2425 1440 2451 a
1466 2417 1622 2468 poten-

224 2486 434 2544 tioribus,
464 2497 594 2548 atque
630 2488 696 2532 his
723 2489 798 2549 qui
835 2490 891 2534 ad
921 2488 1233 2534 conducendos
1262 2489 1463 2533 homines
1489 2487 1624 2532 facul-

223 2576 330 2612 tates
362 2568 608 2625 habehant,
639 2568 773 2631 vulgo
806 2588 943 2633 regna
975 2570 1332 2631 occupabantur,
1368 2569 1443 2629 qui
1477 2569 1623 2612 minus

224 2647 349 2693 facile
392 2667 488 2694 eam
528 2667 620 2694 reni
664 2651 707 2694 in
751 2653 936 2712 imperio
975 2661 1125 2696 nostro
1161 2651 1370 2711 consequi
1402 2659 1622 2711 poterant.
1660 2651 1662 2653 ’
