<?xml version="1.0" encoding="UTF-8"?>
<!DOCTYPE html PUBLIC "-//W3C//DTD XHTML 1.0 Transitional//EN"
    "http://www.w3.org/TR/xhtml1/DTD/xhtml1-transitional.dtd">
<html xmlns="http://www.w3.org/1999/xhtml" xml:lang="en" lang="en">
 <head>
  <title>
</title>
<meta http-equiv="Content-Type" content="text/html;charset=utf-8" />
  <meta name='ocr-system' content='tesseract 3.04.00' />
  <meta name='ocr-capabilities' content='ocr_page ocr_carea ocr_par ocr_line ocrx_word'/>
</head>
<body>
  <div class='ocr_page' id='page_1' title='image "./operajoh0102caesuoft_0396.png"; bbox 0 0 1972 3356; ppageno 0'>
   <div class='ocr_carea' id='block_1_1' title="bbox 393 182 1563 232">
    <p class='ocr_par' dir='ltr' id='par_1_1' title="bbox 393 182 1563 232">
     <span class='ocr_line' id='line_1_1' title="bbox 393 182 1563 232; baseline 0.004 -13"><span class='ocrx_word' id='word_1_1' title='bbox 393 196 442 232; x_wconf 85' lang='lat'>90</span> <span class='ocrx_word' id='word_1_2' title='bbox 605 183 644 217; x_wconf 90' lang='lat' dir='ltr'>C.</span> <span class='ocrx_word' id='word_1_3' title='bbox 673 185 691 216; x_wconf 87' lang='lat' dir='ltr'>J</span> <span class='ocrx_word' id='word_1_4' title='bbox 700 182 800 217; x_wconf 92' lang='lat' dir='ltr'>ULII</span> <span class='ocrx_word' id='word_1_5' title='bbox 829 182 1048 218; x_wconf 87' lang='lat' dir='ltr'><strong>CAESARIS</strong></span> <span class='ocrx_word' id='word_1_6' title='bbox 1079 184 1563 224; x_wconf 80' lang='lat' dir='ltr'><strong>COMMENTARIORUM</strong></span> 
     </span>
    </p>
   </div>
   <div class='ocr_carea' id='block_1_2' title="bbox 388 265 1782 2680">
    <p class='ocr_par' dir='ltr' id='par_1_2' title="bbox 388 265 1779 1143">
     <span class='ocr_line' id='line_1_2' title="bbox 457 265 1775 333; baseline 0.008 -23"><span class='ocrx_word' id='word_1_7' title='bbox 457 269 511 310; x_wconf 89' lang='lat' dir='ltr'>V.</span> <span class='ocrx_word' id='word_1_8' title='bbox 558 265 783 309; x_wconf 84' lang='lat' dir='ltr'><strong>Frumenti</strong></span> <span class='ocrx_word' id='word_1_9' title='bbox 834 266 921 309; x_wconf 92' lang='lat' dir='ltr'>vim</span> <span class='ocrx_word' id='word_1_10' title='bbox 970 268 1205 311; x_wconf 84' lang='lat' dir='ltr'>maximam</span> <span class='ocrx_word' id='word_1_11' title='bbox 1249 284 1300 312; x_wconf 82' lang='lat' dir='ltr'>ex</span> <span class='ocrx_word' id='word_1_12' title='bbox 1354 271 1599 330; x_wconf 86' lang='lat' dir='ltr'>Thessalia,</span> <span class='ocrx_word' id='word_1_13' title='bbox 1644 278 1744 321; x_wconf 88' lang='lat' dir='ltr'>Asia</span> <span class='ocrx_word' id='word_1_14' title='bbox 1763 311 1775 333; x_wconf 83' lang='lat'>‚</span> 
     </span>
     <span class='ocr_line' id='line_1_3' title="bbox 390 347 1776 418; baseline 0.006 -26"><span class='ocrx_word' id='word_1_15' title='bbox 390 349 604 408; x_wconf 84' lang='lat' dir='ltr'>AEgypto,</span> <span class='ocrx_word' id='word_1_16' title='bbox 628 348 781 403; x_wconf 85' lang='lat' dir='ltr'>Creta,</span> <span class='ocrx_word' id='word_1_17' title='bbox 810 347 1016 408; x_wconf 82' lang='lat' dir='ltr'>CyreniS‚</span> <span class='ocrx_word' id='word_1_18' title='bbox 1041 347 1307 410; x_wconf 82' lang='lat' dir='ltr'>reliquisque</span> <span class='ocrx_word' id='word_1_19' title='bbox 1330 352 1583 412; x_wconf 87' lang='lat' dir='ltr'>regionibus</span> <span class='ocrx_word' id='word_1_20' title='bbox 1604 371 1776 418; x_wconf 89' lang='lat' dir='ltr'>compa-</span> 
     </span>
     <span class='ocr_line' id='line_1_4' title="bbox 389 427 1777 498; baseline 0.007 -26"><span class='ocrx_word' id='word_1_21' title='bbox 389 438 563 473; x_wconf 88' lang='lat' dir='ltr'>raverat</span> <span class='ocrx_word' id='word_1_22' title='bbox 602 447 611 474; x_wconf 92' lang='lat'><strong>:</strong></span> <span class='ocrx_word' id='word_1_23' title='bbox 647 427 841 474; x_wconf 86' lang='lat' dir='ltr'>hiemare</span> <span class='ocrx_word' id='word_1_24' title='bbox 879 431 1143 491; x_wconf 87' lang='lat' dir='ltr'>Dyrrachii,</span> <span class='ocrx_word' id='word_1_25' title='bbox 1178 430 1449 491; x_wconf 78' lang='lat' dir='ltr'>Apolloniae,</span> <span class='ocrx_word' id='word_1_26' title='bbox 1486 435 1777 498; x_wconf 82' lang='lat' dir='ltr'>omnibusque</span> 
     </span>
     <span class='ocr_line' id='line_1_5' title="bbox 389 510 1773 572; baseline 0.005 -17"><span class='ocrx_word' id='word_1_27' title='bbox 389 510 563 572; x_wconf 84' lang='lat' dir='ltr'>oppidis</span> <span class='ocrx_word' id='word_1_28' title='bbox 587 511 816 556; x_wconf 83' lang='lat' dir='ltr'>maritimis</span> <span class='ocrx_word' id='word_1_29' title='bbox 843 512 1155 569; x_wconf 86' lang='lat' dir='ltr'>constituerat,</span> <span class='ocrx_word' id='word_1_30' title='bbox 1179 522 1228 557; x_wconf 91' lang='lat' dir='ltr'>ut</span> <span class='ocrx_word' id='word_1_31' title='bbox 1250 529 1370 558; x_wconf 91' lang='lat' dir='ltr'>mare</span> <span class='ocrx_word' id='word_1_32' title='bbox 1389 516 1603 561; x_wconf 78' lang='lat' dir='ltr'>Caesarem</span> <span class='ocrx_word' id='word_1_33' title='bbox 1632 527 1773 562; x_wconf 86' lang='lat' dir='ltr'>traus-</span> 
     </span>
     <span class='ocr_line' id='line_1_6' title="bbox 389 592 1774 654; baseline 0.004 -18"><span class='ocrx_word' id='word_1_34' title='bbox 389 593 452 636; x_wconf 92' lang='lat' dir='ltr'>ire</span> <span class='ocrx_word' id='word_1_35' title='bbox 477 592 732 654; x_wconf 87' lang='lat' dir='ltr'>prohiberet</span> <span class='ocrx_word' id='word_1_36' title='bbox 759 610 768 637; x_wconf 95' lang='lat'><strong>:</strong></span> <span class='ocrx_word' id='word_1_37' title='bbox 794 593 888 654; x_wconf 90' lang='lat' dir='ltr'>ejus</span> <span class='ocrx_word' id='word_1_38' title='bbox 911 594 973 637; x_wconf 88' lang='lat' dir='ltr'>rei</span> <span class='ocrx_word' id='word_1_39' title='bbox 998 610 1132 638; x_wconf 88' lang='lat' dir='ltr'>causa</span> <span class='ocrx_word' id='word_1_40' title='bbox 1165 595 1284 638; x_wconf 89' lang='lat' dir='ltr'>omni</span> <span class='ocrx_word' id='word_1_41' title='bbox 1317 611 1394 639; x_wconf 90' lang='lat' dir='ltr'>ora</span> <span class='ocrx_word' id='word_1_42' title='bbox 1419 596 1639 641; x_wconf 88' lang='lat' dir='ltr'>maritima</span> <span class='ocrx_word' id='word_1_43' title='bbox 1663 596 1774 643; x_wconf 90' lang='lat' dir='ltr'>clas-</span> 
     </span>
     <span class='ocr_line' id='line_1_7' title="bbox 388 672 1776 739; baseline 0.004 -22"><span class='ocrx_word' id='word_1_44' title='bbox 388 690 480 718; x_wconf 89' lang='lat' dir='ltr'>sem</span> <span class='ocrx_word' id='word_1_45' title='bbox 518 672 805 736; x_wconf 87' lang='lat' dir='ltr'>disposuerat.</span> <span class='ocrx_word' id='word_1_46' title='bbox 844 676 1033 719; x_wconf 79' lang='lat' dir='ltr'>Praeerat</span> <span class='ocrx_word' id='word_1_47' title='bbox 1070 676 1270 737; x_wconf 81' lang='lat' dir='ltr'>oegyptiis</span> <span class='ocrx_word' id='word_1_48' title='bbox 1317 675 1501 720; x_wconf 80' lang='lat' dir='ltr'>navibus</span> <span class='ocrx_word' id='word_1_49' title='bbox 1539 678 1776 739; x_wconf 89' lang='lat' dir='ltr'>Pompeius</span> 
     </span>
     <span class='ocr_line' id='line_1_8' title="bbox 388 754 1779 818; baseline 0.002 -19"><span class='ocrx_word' id='word_1_50' title='bbox 388 754 531 809; x_wconf 85' lang='lat' dir='ltr'>filius;</span> <span class='ocrx_word' id='word_1_51' title='bbox 556 756 746 801; x_wconf 87' lang='lat' dir='ltr'>asiaticis</span> <span class='ocrx_word' id='word_1_52' title='bbox 765 758 820 801; x_wconf 91' lang='lat' dir='ltr'>D.</span> <span class='ocrx_word' id='word_1_53' title='bbox 837 754 996 800; x_wconf 84' lang='lat' dir='ltr'>Laelius</span> <span class='ocrx_word' id='word_1_54' title='bbox 1022 766 1064 801; x_wconf 90' lang='lat' dir='ltr'>et</span> <span class='ocrx_word' id='word_1_55' title='bbox 1085 758 1135 801; x_wconf 85' lang='lat' dir='ltr'>C.</span> <span class='ocrx_word' id='word_1_56' title='bbox 1155 757 1351 801; x_wconf 78' lang='lat' dir='ltr'>Triarius</span> <span class='ocrx_word' id='word_1_57' title='bbox 1369 775 1379 812; x_wconf 88' lang='grc'>;</span> <span class='ocrx_word' id='word_1_58' title='bbox 1409 758 1588 818; x_wconf 88' lang='lat' dir='ltr'>syriacis</span> <span class='ocrx_word' id='word_1_59' title='bbox 1609 759 1658 804; x_wconf 93' lang='lat' dir='ltr'>C.</span> <span class='ocrx_word' id='word_1_60' title='bbox 1679 760 1779 804; x_wconf 81' lang='lat' dir='ltr'>Cas-</span> 
     </span>
     <span class='ocr_line' id='line_1_9' title="bbox 388 836 1778 899; baseline 0.002 -19"><span class='ocrx_word' id='word_1_61' title='bbox 388 837 503 893; x_wconf 79' lang='lat' dir='ltr'>sius3</span> <span class='ocrx_word' id='word_1_62' title='bbox 533 837 700 881; x_wconf 90' lang='lat' dir='ltr'>rhodiis</span> <span class='ocrx_word' id='word_1_63' title='bbox 736 839 783 882; x_wconf 93' lang='lat' dir='ltr'>C.</span> <span class='ocrx_word' id='word_1_64' title='bbox 811 836 1047 882; x_wconf 87' lang='lat' dir='ltr'>Marcellus</span> <span class='ocrx_word' id='word_1_65' title='bbox 1077 854 1176 882; x_wconf 89' lang='lat' dir='ltr'>cum</span> <span class='ocrx_word' id='word_1_66' title='bbox 1209 840 1258 883; x_wconf 93' lang='lat' dir='ltr'>C.</span> <span class='ocrx_word' id='word_1_67' title='bbox 1289 839 1516 899; x_wconf 91' lang='lat' dir='ltr'>Coponio;</span> <span class='ocrx_word' id='word_1_68' title='bbox 1551 836 1778 883; x_wconf 79' lang='lat' dir='ltr'>liburnicae</span> 
     </span>
     <span class='ocr_line' id='line_1_10' title="bbox 389 917 1776 979; baseline 0.001 -17"><span class='ocrx_word' id='word_1_69' title='bbox 389 927 521 979; x_wconf 85' lang='lat' dir='ltr'>atque</span> <span class='ocrx_word' id='word_1_70' title='bbox 547 918 735 963; x_wconf 87' lang='lat' dir='ltr'>achaicae</span> <span class='ocrx_word' id='word_1_71' title='bbox 765 917 890 962; x_wconf 88' lang='lat' dir='ltr'>classi</span> <span class='ocrx_word' id='word_1_72' title='bbox 923 918 1179 963; x_wconf 88' lang='lat' dir='ltr'>Scribonius</span> <span class='ocrx_word' id='word_1_73' title='bbox 1217 919 1328 964; x_wconf 91' lang='lat' dir='ltr'>Libo</span> <span class='ocrx_word' id='word_1_74' title='bbox 1368 929 1411 963; x_wconf 90' lang='lat' dir='ltr'>et</span> <span class='ocrx_word' id='word_1_75' title='bbox 1439 921 1502 964; x_wconf 88' lang='lat' dir='ltr'>M.</span> <span class='ocrx_word' id='word_1_76' title='bbox 1527 921 1739 964; x_wconf 87' lang='lat' dir='ltr'>Octavius</span> <span class='ocrx_word' id='word_1_77' title='bbox 1767 939 1776 964; x_wconf 87' lang='lat'>:</span> 
     </span>
     <span class='ocr_line' id='line_1_11' title="bbox 390 998 1778 1062; baseline 0.003 -20"><span class='ocrx_word' id='word_1_78' title='bbox 390 999 470 1042; x_wconf 90' lang='lat' dir='ltr'>toti</span> <span class='ocrx_word' id='word_1_79' title='bbox 489 1009 634 1043; x_wconf 89' lang='lat' dir='ltr'>tamen</span> <span class='ocrx_word' id='word_1_80' title='bbox 652 998 797 1043; x_wconf 85' lang='lat' dir='ltr'>officio</span> <span class='ocrx_word' id='word_1_81' title='bbox 816 999 1037 1043; x_wconf 84' lang='lat' dir='ltr'>maritimo</span> <span class='ocrx_word' id='word_1_82' title='bbox 1058 1001 1120 1043; x_wconf 92' lang='lat' dir='ltr'>M.</span> <span class='ocrx_word' id='word_1_83' title='bbox 1142 998 1324 1043; x_wconf 89' lang='lat' dir='ltr'>Bibulus</span> <span class='ocrx_word' id='word_1_84' title='bbox 1347 1002 1607 1062; x_wconf 87' lang='lat' dir='ltr'>praepositus</span> <span class='ocrx_word' id='word_1_85' title='bbox 1623 1011 1778 1046; x_wconf 84' lang='lat' dir='ltr'>cuncta</span> 
     </span>
     <span class='ocr_line' id='line_1_12' title="bbox 389 1079 1672 1143; baseline 0.002 -20"><span class='ocrx_word' id='word_1_86' title='bbox 389 1079 727 1123; x_wconf 82' lang='lat' dir='ltr'>administrabat</span> <span class='ocrx_word' id='word_1_87' title='bbox 749 1097 757 1123; x_wconf 92' lang='lat'>:</span> <span class='ocrx_word' id='word_1_88' title='bbox 782 1079 836 1123; x_wconf 87' lang='lat' dir='ltr'>ad</span> <span class='ocrx_word' id='word_1_89' title='bbox 862 1080 979 1123; x_wconf 87' lang='lat' dir='ltr'>hunc</span> <span class='ocrx_word' id='word_1_90' title='bbox 1006 1096 1178 1124; x_wconf 89' lang='lat' dir='ltr'>summa</span> <span class='ocrx_word' id='word_1_91' title='bbox 1204 1081 1374 1141; x_wconf 90' lang='lat' dir='ltr'>imperii</span> <span class='ocrx_word' id='word_1_92' title='bbox 1402 1082 1672 1143; x_wconf 90' lang='lat' dir='ltr'>respiciebat.</span> 
     </span>
    </p>

    <p class='ocr_par' dir='ltr' id='par_1_3' title="bbox 389 1159 1782 2356">
     <span class='ocr_line' id='line_1_13' title="bbox 454 1159 1779 1224; baseline 0.002 -20"><span class='ocrx_word' id='word_1_93' title='bbox 454 1162 530 1204; x_wconf 92' lang='lat' dir='ltr'>VI.</span> <span class='ocrx_word' id='word_1_94' title='bbox 567 1162 728 1216; x_wconf 63' lang='lat' dir='ltr'>Caesar,</span> <span class='ocrx_word' id='word_1_95' title='bbox 762 1171 808 1204; x_wconf 90' lang='lat' dir='ltr'>ut</span> <span class='ocrx_word' id='word_1_96' title='bbox 846 1159 1127 1205; x_wconf 89' lang='lat' dir='ltr'>Brundisium</span> <span class='ocrx_word' id='word_1_97' title='bbox 1166 1161 1310 1217; x_wconf 86' lang='lat' dir='ltr'>venit,</span> <span class='ocrx_word' id='word_1_98' title='bbox 1344 1163 1628 1206; x_wconf 79' lang='lat' dir='ltr'>concionatus</span> <span class='ocrx_word' id='word_1_99' title='bbox 1662 1163 1779 1224; x_wconf 86' lang='lat' dir='ltr'>apud</span> 
     </span>
     <span class='ocr_line' id='line_1_14' title="bbox 390 1239 1780 1304; baseline 0.001 -19"><span class='ocrx_word' id='word_1_100' title='bbox 390 1240 548 1285; x_wconf 87' lang='lat' dir='ltr'>milites</span> <span class='ocrx_word' id='word_1_101' title='bbox 576 1259 585 1285; x_wconf 73' lang='grc' dir='ltr'>ε</span> <span class='ocrx_word' id='word_1_102' title='bbox 615 1242 866 1302; x_wconf 89' lang='lat' dir='ltr'>«quoniam</span> <span class='ocrx_word' id='word_1_103' title='bbox 896 1258 1032 1303; x_wconf 87' lang='lat' dir='ltr'>prope</span> <span class='ocrx_word' id='word_1_104' title='bbox 1061 1241 1114 1285; x_wconf 91' lang='lat' dir='ltr'>ad</span> <span class='ocrx_word' id='word_1_105' title='bbox 1143 1241 1273 1286; x_wconf 86' lang='lat' dir='ltr'>finem</span> <span class='ocrx_word' id='word_1_106' title='bbox 1302 1239 1504 1286; x_wconf 86' lang='lat' dir='ltr'>laborum</span> <span class='ocrx_word' id='word_1_107' title='bbox 1532 1259 1584 1287; x_wconf 90' lang='lat' dir='ltr'>ac</span> <span class='ocrx_word' id='word_1_108' title='bbox 1609 1243 1780 1304; x_wconf 89' lang='lat' dir='ltr'>pericu-</span> 
     </span>
     <span class='ocr_line' id='line_1_15' title="bbox 390 1321 1780 1385; baseline 0.001 -19"><span class='ocrx_word' id='word_1_109' title='bbox 390 1321 534 1367; x_wconf 90' lang='lat' dir='ltr'>lorum</span> <span class='ocrx_word' id='word_1_110' title='bbox 571 1333 681 1366; x_wconf 90' lang='lat' dir='ltr'>esset</span> <span class='ocrx_word' id='word_1_111' title='bbox 714 1332 1003 1383; x_wconf 82' lang='lat' dir='ltr'>perventum,</span> <span class='ocrx_word' id='word_1_112' title='bbox 1039 1339 1164 1383; x_wconf 85' lang='lat' dir='ltr'>aequo</span> <span class='ocrx_word' id='word_1_113' title='bbox 1205 1323 1354 1366; x_wconf 89' lang='lat' dir='ltr'>animo</span> <span class='ocrx_word' id='word_1_114' title='bbox 1392 1323 1613 1384; x_wconf 90' lang='lat' dir='ltr'>mancipia</span> <span class='ocrx_word' id='word_1_115' title='bbox 1648 1333 1780 1385; x_wconf 90' lang='lat' dir='ltr'>atque</span> 
     </span>
     <span class='ocr_line' id='line_1_16' title="bbox 393 1403 1780 1465; baseline 0.001 -18"><span class='ocrx_word' id='word_1_116' title='bbox 393 1403 706 1465; x_wconf 85' lang='lat' dir='ltr'>impedimenta</span> <span class='ocrx_word' id='word_1_117' title='bbox 738 1405 781 1448; x_wconf 92' lang='lat' dir='ltr'>in</span> <span class='ocrx_word' id='word_1_118' title='bbox 819 1403 944 1449; x_wconf 88' lang='lat' dir='ltr'>Italia</span> <span class='ocrx_word' id='word_1_119' title='bbox 968 1403 1289 1463; x_wconf 80' lang='lat' dir='ltr'>relinquerent3</span> <span class='ocrx_word' id='word_1_120' title='bbox 1317 1404 1397 1465; x_wconf 91' lang='lat' dir='ltr'>ipsi</span> <span class='ocrx_word' id='word_1_121' title='bbox 1435 1404 1622 1465; x_wconf 78' lang='lat' dir='ltr'>expediti</span> <span class='ocrx_word' id='word_1_122' title='bbox 1650 1421 1780 1449; x_wconf 88' lang='lat' dir='ltr'>naves</span> 
     </span>
     <span class='ocr_line' id='line_1_17' title="bbox 389 1483 1779 1546; baseline 0.001 -18"><span class='ocrx_word' id='word_1_123' title='bbox 389 1484 757 1539; x_wconf 82' lang='lat' dir='ltr'>conscenderent,</span> <span class='ocrx_word' id='word_1_124' title='bbox 782 1502 870 1545; x_wconf 92' lang='lat' dir='ltr'>quo</span> <span class='ocrx_word' id='word_1_125' title='bbox 901 1486 1042 1546; x_wconf 90' lang='lat' dir='ltr'>major</span> <span class='ocrx_word' id='word_1_126' title='bbox 1070 1501 1278 1529; x_wconf 88' lang='lat' dir='ltr'>numerus</span> <span class='ocrx_word' id='word_1_127' title='bbox 1307 1483 1494 1529; x_wconf 89' lang='lat' dir='ltr'>militum</span> <span class='ocrx_word' id='word_1_128' title='bbox 1525 1496 1667 1546; x_wconf 89' lang='lat' dir='ltr'>posset</span> <span class='ocrx_word' id='word_1_129' title='bbox 1704 1487 1779 1529; x_wconf 89' lang='lat' dir='ltr'>im-</span> 
     </span>
     <span class='ocr_line' id='line_1_18' title="bbox 390 1563 1778 1626; baseline 0 -17"><span class='ocrx_word' id='word_1_130' title='bbox 390 1566 525 1626; x_wconf 87' lang='lat' dir='ltr'>poni;</span> <span class='ocrx_word' id='word_1_131' title='bbox 551 1566 789 1626; x_wconf 89' lang='lat' dir='ltr'>omniaque</span> <span class='ocrx_word' id='word_1_132' title='bbox 814 1582 866 1609; x_wconf 86' lang='lat' dir='ltr'>ex</span> <span class='ocrx_word' id='word_1_133' title='bbox 892 1567 1074 1609; x_wconf 82' lang='lat' dir='ltr'>victoria</span> <span class='ocrx_word' id='word_1_134' title='bbox 1100 1575 1142 1610; x_wconf 88' lang='lat' dir='ltr'>et</span> <span class='ocrx_word' id='word_1_135' title='bbox 1169 1581 1221 1609; x_wconf 85' lang='lat' dir='ltr'>ex</span> <span class='ocrx_word' id='word_1_136' title='bbox 1246 1581 1323 1609; x_wconf 91' lang='lat' dir='ltr'>sua</span> <span class='ocrx_word' id='word_1_137' title='bbox 1351 1563 1612 1610; x_wconf 86' lang='lat' dir='ltr'>liberalitate</span> <span class='ocrx_word' id='word_1_138' title='bbox 1634 1581 1778 1626; x_wconf 88' lang='lat' dir='ltr'>spera-</span> 
     </span>
     <span class='ocr_line' id='line_1_19' title="bbox 389 1645 1779 1707; baseline 0.001 -17"><span class='ocrx_word' id='word_1_139' title='bbox 389 1657 489 1691; x_wconf 84' lang='lat' dir='ltr'>rent</span> <span class='ocrx_word' id='word_1_140' title='bbox 506 1666 526 1686; x_wconf 84' lang='lat'>»</span> <span class='ocrx_word' id='word_1_141' title='bbox 550 1665 558 1690; x_wconf 81' lang='lat'>2</span> <span class='ocrx_word' id='word_1_142' title='bbox 586 1646 961 1691; x_wconf 88' lang='lat' dir='ltr'>conclamantibus</span> <span class='ocrx_word' id='word_1_143' title='bbox 986 1646 1214 1702; x_wconf 87' lang='lat' dir='ltr'>omnibus,</span> <span class='ocrx_word' id='word_1_144' title='bbox 1232 1647 1467 1707; x_wconf 88' lang='lat' dir='ltr'>imperaret</span> <span class='ocrx_word' id='word_1_145' title='bbox 1486 1645 1605 1707; x_wconf 91' lang='lat' dir='ltr'>quod</span> <span class='ocrx_word' id='word_1_146' title='bbox 1632 1645 1779 1702; x_wconf 86' lang='lat' dir='ltr'>vellet;</span> 
     </span>
     <span class='ocr_line' id='line_1_20' title="bbox 390 1726 1780 1788; baseline 0.001 -18"><span class='ocrx_word' id='word_1_147' title='bbox 390 1727 702 1788; x_wconf 87' lang='lat' dir='ltr'>quodcumque</span> <span class='ocrx_word' id='word_1_148' title='bbox 722 1728 1046 1787; x_wconf 89' lang='lat' dir='ltr'>imperavisset,</span> <span class='ocrx_word' id='word_1_149' title='bbox 1067 1743 1111 1770; x_wconf 90' lang='lat' dir='ltr'>se</span> <span class='ocrx_word' id='word_1_150' title='bbox 1133 1743 1258 1786; x_wconf 86' lang='lat' dir='ltr'>aequo</span> <span class='ocrx_word' id='word_1_151' title='bbox 1280 1727 1429 1771; x_wconf 88' lang='lat' dir='ltr'>animo</span> <span class='ocrx_word' id='word_1_152' title='bbox 1455 1743 1547 1771; x_wconf 90' lang='lat' dir='ltr'>esse</span> <span class='ocrx_word' id='word_1_153' title='bbox 1567 1726 1780 1783; x_wconf 67' lang='lat' dir='ltr'>faciut-0⁵3</span> 
     </span>
     <span class='ocr_line' id='line_1_21' title="bbox 390 1805 1779 1869; baseline 0.001 -18"><span class='ocrx_word' id='word_1_154' title='bbox 390 1807 530 1869; x_wconf 86' lang='lat' dir='ltr'>pridie</span> <span class='ocrx_word' id='word_1_155' title='bbox 557 1824 695 1852; x_wconf 86' lang='lat' dir='ltr'>nonas</span> <span class='ocrx_word' id='word_1_156' title='bbox 719 1808 946 1868; x_wconf 90' lang='lat' dir='ltr'>januarias</span> <span class='ocrx_word' id='word_1_157' title='bbox 971 1823 1100 1851; x_wconf 83' lang='lat' dir='ltr'>naves</span> <span class='ocrx_word' id='word_1_158' title='bbox 1126 1805 1282 1863; x_wconf 87' lang='lat' dir='ltr'>solvit,</span> <span class='ocrx_word' id='word_1_159' title='bbox 1314 1807 1557 1869; x_wconf 82' lang='lat' dir='ltr'>impositis,</span> <span class='ocrx_word' id='word_1_160' title='bbox 1577 1817 1625 1852; x_wconf 91' lang='lat' dir='ltr'>ut</span> <span class='ocrx_word' id='word_1_161' title='bbox 1646 1824 1779 1869; x_wconf 90' lang='lat' dir='ltr'>supra</span> 
     </span>
     <span class='ocr_line' id='line_1_22' title="bbox 389 1887 1778 1949; baseline 0 -16"><span class='ocrx_word' id='word_1_162' title='bbox 389 1889 738 1933; x_wconf 87' lang='lat' dir='ltr'>demonstratum</span> <span class='ocrx_word' id='word_1_163' title='bbox 769 1898 860 1943; x_wconf 91' lang='lat' dir='ltr'>est,</span> <span class='ocrx_word' id='word_1_164' title='bbox 888 1887 1134 1949; x_wconf 87' lang='lat' dir='ltr'>legionibus</span> <span class='ocrx_word' id='word_1_165' title='bbox 1163 1897 1341 1949; x_wconf 86' lang='lat' dir='ltr'>septem.</span> <span class='ocrx_word' id='word_1_166' title='bbox 1371 1887 1587 1932; x_wconf 84' lang='lat' dir='ltr'>Postridie</span> <span class='ocrx_word' id='word_1_167' title='bbox 1617 1898 1778 1933; x_wconf 88' lang='lat' dir='ltr'>terram</span> 
     </span>
     <span class='ocr_line' id='line_1_23' title="bbox 389 1967 1779 2032; baseline 0 -18"><span class='ocrx_word' id='word_1_168' title='bbox 389 1972 546 2032; x_wconf 83' lang='lat' dir='ltr'>attigit.</span> <span class='ocrx_word' id='word_1_169' title='bbox 577 1970 899 2015; x_wconf 82' lang='lat' dir='ltr'>Cerauniorum</span> <span class='ocrx_word' id='word_1_170' title='bbox 929 1986 1030 2013; x_wconf 86' lang='lat' dir='ltr'>saxa</span> <span class='ocrx_word' id='word_1_171' title='bbox 1065 1970 1179 2013; x_wconf 88' lang='lat' dir='ltr'>inter</span> <span class='ocrx_word' id='word_1_172' title='bbox 1212 1979 1254 2014; x_wconf 91' lang='lat' dir='ltr'>et</span> <span class='ocrx_word' id='word_1_173' title='bbox 1288 1967 1372 2013; x_wconf 90' lang='lat' dir='ltr'>alia</span> <span class='ocrx_word' id='word_1_174' title='bbox 1402 1968 1496 2013; x_wconf 83' lang='lat' dir='ltr'>loca</span> <span class='ocrx_word' id='word_1_175' title='bbox 1535 1968 1779 2030; x_wconf 86' lang='lat' dir='ltr'>periculosa</span> 
     </span>
     <span class='ocr_line' id='line_1_24' title="bbox 389 2051 1780 2113; baseline -0.001 -17"><span class='ocrx_word' id='word_1_176' title='bbox 389 2053 582 2113; x_wconf 87' lang='lat' dir='ltr'>quietam</span> <span class='ocrx_word' id='word_1_177' title='bbox 606 2061 759 2096; x_wconf 90' lang='lat' dir='ltr'>nactus</span> <span class='ocrx_word' id='word_1_178' title='bbox 779 2052 1035 2107; x_wconf 88' lang='lat' dir='ltr'>stationem,</span> <span class='ocrx_word' id='word_1_179' title='bbox 1057 2061 1099 2095; x_wconf 90' lang='lat' dir='ltr'>et</span> <span class='ocrx_word' id='word_1_180' title='bbox 1122 2061 1274 2112; x_wconf 89' lang='lat' dir='ltr'>portus</span> <span class='ocrx_word' id='word_1_181' title='bbox 1294 2066 1445 2094; x_wconf 88' lang='lat' dir='ltr'>omnes</span> <span class='ocrx_word' id='word_1_182' title='bbox 1467 2051 1622 2095; x_wconf 88' lang='lat' dir='ltr'>timens</span> <span class='ocrx_word' id='word_1_183' title='bbox 1637 2085 1648 2107; x_wconf 93' lang='lat'>,</span> <span class='ocrx_word' id='word_1_184' title='bbox 1669 2067 1780 2111; x_wconf 91' lang='lat' dir='ltr'>quos</span> 
     </span>
     <span class='ocr_line' id='line_1_25' title="bbox 390 2130 1779 2192; baseline -0.002 -14"><span class='ocrx_word' id='word_1_185' title='bbox 390 2135 529 2178; x_wconf 89' lang='lat' dir='ltr'>teneri</span> <span class='ocrx_word' id='word_1_186' title='bbox 562 2133 616 2178; x_wconf 93' lang='lat' dir='ltr'>ab</span> <span class='ocrx_word' id='word_1_187' title='bbox 653 2132 912 2178; x_wconf 87' lang='lat' dir='ltr'>adversariis</span> <span class='ocrx_word' id='word_1_188' title='bbox 939 2132 1254 2187; x_wconf 86' lang='lat' dir='ltr'>arbitrabatur,</span> <span class='ocrx_word' id='word_1_189' title='bbox 1281 2131 1335 2176; x_wconf 92' lang='lat' dir='ltr'>ad</span> <span class='ocrx_word' id='word_1_190' title='bbox 1363 2148 1460 2176; x_wconf 83' lang='lat' dir='ltr'>eum</span> <span class='ocrx_word' id='word_1_191' title='bbox 1496 2130 1670 2188; x_wconf 89' lang='lat' dir='ltr'>locum,</span> <span class='ocrx_word' id='word_1_192' title='bbox 1704 2133 1779 2192; x_wconf 90' lang='lat' dir='ltr'>qui</span> 
     </span>
     <span class='ocr_line' id='line_1_26' title="bbox 389 2211 1782 2277; baseline -0.001 -18"><span class='ocrx_word' id='word_1_193' title='bbox 389 2214 636 2277; x_wconf 87' lang='lat' dir='ltr'>appellatur</span> <span class='ocrx_word' id='word_1_194' title='bbox 658 2213 883 2259; x_wconf 86' lang='lat' dir='ltr'>Pharsalia</span> <span class='ocrx_word' id='word_1_195' title='bbox 900 2249 910 2268; x_wconf 85' lang='lat'><strong>‚</strong></span> <span class='ocrx_word' id='word_1_196' title='bbox 938 2214 1143 2258; x_wconf 89' lang='lat' dir='ltr'>omnibus</span> <span class='ocrx_word' id='word_1_197' title='bbox 1169 2213 1355 2257; x_wconf 90' lang='lat' dir='ltr'>navibus</span> <span class='ocrx_word' id='word_1_198' title='bbox 1380 2211 1434 2257; x_wconf 88' lang='lat' dir='ltr'>ad</span> <span class='ocrx_word' id='word_1_199' title='bbox 1457 2229 1589 2258; x_wconf 89' lang='lat' dir='ltr'>unam</span> <span class='ocrx_word' id='word_1_200' title='bbox 1615 2211 1782 2258; x_wconf 89' lang='lat' dir='ltr'>incolu-</span> 
     </span>
     <span class='ocr_line' id='line_1_27' title="bbox 391 2295 989 2356; baseline -0.002 -17"><span class='ocrx_word' id='word_1_201' title='bbox 391 2296 557 2353; x_wconf 90' lang='lat' dir='ltr'>mibus,</span> <span class='ocrx_word' id='word_1_202' title='bbox 586 2295 744 2340; x_wconf 85' lang='lat' dir='ltr'>milites</span> <span class='ocrx_word' id='word_1_203' title='bbox 772 2295 989 2356; x_wconf 87' lang='lat' dir='ltr'>exposuit.</span> 
     </span>
    </p>

    <p class='ocr_par' dir='ltr' id='par_1_4' title="bbox 390 2374 1780 2680">
     <span class='ocr_line' id='line_1_28' title="bbox 455 2374 1776 2439; baseline -0.002 -18"><span class='ocrx_word' id='word_1_204' title='bbox 455 2378 553 2422; x_wconf 91' lang='lat' dir='ltr'><strong>VII.</strong></span> <span class='ocrx_word' id='word_1_205' title='bbox 581 2380 716 2422; x_wconf 89' lang='lat' dir='ltr'>Erant</span> <span class='ocrx_word' id='word_1_206' title='bbox 745 2377 868 2422; x_wconf 90' lang='lat' dir='ltr'>Orici</span> <span class='ocrx_word' id='word_1_207' title='bbox 892 2377 1122 2422; x_wconf 87' lang='lat' dir='ltr'>Lucretius</span> <span class='ocrx_word' id='word_1_208' title='bbox 1147 2374 1343 2439; x_wconf 88' lang='lat' dir='ltr'>Vespillo</span> <span class='ocrx_word' id='word_1_209' title='bbox 1366 2386 1408 2420; x_wconf 88' lang='lat' dir='ltr'>et</span> <span class='ocrx_word' id='word_1_210' title='bbox 1433 2376 1657 2421; x_wconf 87' lang='lat' dir='ltr'>Minucius</span> <span class='ocrx_word' id='word_1_211' title='bbox 1684 2377 1776 2418; x_wconf 90' lang='lat' dir='ltr'>Ru-</span> 
     </span>
     <span class='ocr_line' id='line_1_29' title="bbox 390 2453 1777 2517; baseline -0.004 -14"><span class='ocrx_word' id='word_1_212' title='bbox 390 2459 457 2503; x_wconf 90' lang='lat' dir='ltr'>sus</span> <span class='ocrx_word' id='word_1_213' title='bbox 491 2475 591 2503; x_wconf 90' lang='lat' dir='ltr'>cum</span> <span class='ocrx_word' id='word_1_214' title='bbox 626 2459 814 2502; x_wconf 87' lang='lat' dir='ltr'>asiaticis</span> <span class='ocrx_word' id='word_1_215' title='bbox 845 2456 1030 2501; x_wconf 88' lang='lat' dir='ltr'>navibus</span> <span class='ocrx_word' id='word_1_216' title='bbox 1058 2473 1200 2513; x_wconf 75' lang='lat' dir='ltr'>xviii,</span> <span class='ocrx_word' id='word_1_217' title='bbox 1233 2457 1389 2517; x_wconf 87' lang='lat' dir='ltr'>quibus</span> <span class='ocrx_word' id='word_1_218' title='bbox 1417 2457 1541 2517; x_wconf 89' lang='lat' dir='ltr'>jussu</span> <span class='ocrx_word' id='word_1_219' title='bbox 1573 2457 1629 2500; x_wconf 92' lang='lat' dir='ltr'>D.</span> <span class='ocrx_word' id='word_1_220' title='bbox 1656 2453 1777 2499; x_wconf 86' lang='lat' dir='ltr'>Laelii</span> 
     </span>
     <span class='ocr_line' id='line_1_30' title="bbox 391 2524 1779 2600; baseline -0.004 -16"><span class='ocrx_word' id='word_1_221' title='bbox 391 2550 632 2600; x_wconf 80' lang='lat' dir='ltr'>praeerant3</span> <span class='ocrx_word' id='word_1_222' title='bbox 652 2541 713 2584; x_wconf 91' lang='lat' dir='ltr'>M.</span> <span class='ocrx_word' id='word_1_223' title='bbox 736 2524 919 2584; x_wconf 83' lang='lat' dir='ltr'>Bibulus</span> <span class='ocrx_word' id='word_1_224' title='bbox 945 2555 1042 2582; x_wconf 84' lang='lat' dir='ltr'>cum</span> <span class='ocrx_word' id='word_1_225' title='bbox 1073 2538 1255 2582; x_wconf 88' lang='lat' dir='ltr'>navibus</span> <span class='ocrx_word' id='word_1_226' title='bbox 1278 2553 1334 2584; x_wconf 87' lang='lat' dir='ltr'>cx</span> <span class='ocrx_word' id='word_1_227' title='bbox 1355 2539 1569 2597; x_wconf 84' lang='lat' dir='ltr'>Corcyrae.</span> <span class='ocrx_word' id='word_1_228' title='bbox 1594 2534 1679 2580; x_wconf 89' lang='lat' dir='ltr'>Sed</span> <span class='ocrx_word' id='word_1_229' title='bbox 1708 2552 1779 2579; x_wconf 91' lang='lat' dir='ltr'>ne·</span> 
     </span>
     <span class='ocr_line' id='line_1_31' title="bbox 390 2618 1780 2680; baseline -0.002 -18"><span class='ocrx_word' id='word_1_230' title='bbox 390 2637 473 2680; x_wconf 83' lang='lat' dir='ltr'>que</span> <span class='ocrx_word' id='word_1_231' title='bbox 495 2622 547 2678; x_wconf 88' lang='lat' dir='ltr'>ii,</span> <span class='ocrx_word' id='word_1_232' title='bbox 564 2621 644 2665; x_wconf 88' lang='lat' dir='ltr'>sibi</span> <span class='ocrx_word' id='word_1_233' title='bbox 664 2620 835 2677; x_wconf 80' lang='lat' dir='ltr'>confisi,</span> <span class='ocrx_word' id='word_1_234' title='bbox 859 2636 908 2663; x_wconf 79' lang='lat' dir='ltr'>ex</span> <span class='ocrx_word' id='word_1_235' title='bbox 928 2628 1056 2680; x_wconf 88' lang='lat' dir='ltr'>portu</span> <span class='ocrx_word' id='word_1_236' title='bbox 1074 2618 1250 2680; x_wconf 84' lang='lat' dir='ltr'>prodire</span> <span class='ocrx_word' id='word_1_237' title='bbox 1269 2627 1369 2663; x_wconf 85' lang='lat' dir='ltr'>sunt</span> <span class='ocrx_word' id='word_1_238' title='bbox 1391 2618 1510 2672; x_wconf 86' lang='lat' dir='ltr'>ausi,</span> <span class='ocrx_word' id='word_1_239' title='bbox 1537 2633 1674 2677; x_wconf 86' lang='lat' dir='ltr'>quum</span> <span class='ocrx_word' id='word_1_240' title='bbox 1691 2618 1780 2660; x_wconf 82' lang='lat' dir='ltr'>Cae-</span> 
     </span>
    </p>
   </div>
  </div>
 </body>
</html>
