1972 3356
414 263 482 308 176
640 262 679 296 C.
704 261 833 295 JULII
863 260 1079 296 CAESARIS
1107 260 1365 296 COMMENT.
1404 264 1549 299 LIBER

471 345 632 388 XXIV.
665 345 824 398 Caesar,
858 344 938 387 etsi
964 341 1157 387 fallacem
1192 353 1392 404 gentem,
1419 360 1676 406 semperque
1703 345 1785 390 alia

408 423 700 485 cogitantem,
739 421 823 467 alia
847 421 1150 480 simulantem,
1183 423 1292 467 bene
1326 424 1544 484 cognitam
1581 424 1785 481 habebat3

406 513 550 547 tamen
575 503 820 563 petentibus
846 501 949 547 dare
969 504 1160 558 veniam,
1190 501 1294 547 utile
1317 519 1407 547 esse
1433 503 1584 547 statuit
1611 521 1621 547 z
1644 504 1785 564 quod,

405 583 440 626 si
469 599 557 643 quo
585 592 714 644 pacto
742 585 950 627 sentirent
977 600 1049 639 ea,
1078 600 1174 644 quae
1201 582 1497 645 postularent,
1531 600 1785 628 mansurum

405 664 450 707 in
469 662 556 707 fide
577 663 803 708 dimissum
827 680 975 725 regem
1002 663 1228 721 credebat3
1252 664 1345 721 sin,
1371 663 1415 707 id
1434 663 1554 724 quod
1577 664 1712 725 magis
1734 664 1785 708 il-

406 743 549 789 lorum
575 755 741 789 naturae
766 746 1072 803 conveniebat,
1103 745 1257 790 (lucem
1282 745 1336 789 ad
1361 743 1524 789 bellum
1548 745 1786 807 gerendum

403 842 550 887 regem
575 826 734 870 habere
764 824 942 883 vellent,
973 825 1242 888 splendidius
1267 837 1398 888 atque
1432 827 1658 872 honestius
1696 844 1786 871 sese

402 916 553 951 contra
579 923 725 968 regem
743 942 753 960 ‚
777 924 908 968 quam
934 918 1087 952 contra
1110 924 1404 952 convenarum
1427 924 1476 952 ac
1499 907 1785 969 fugitivorum

402 1004 578 1032 manum
596 1023 607 1044 ,
650 987 810 1032 bellum
839 1004 931 1032 esse
955 999 1192 1050 gesturum.
1225 991 1378 1050 Itaque
1413 1005 1559 1051 regem
1585 990 1785 1034 cohorta-

401 1077 497 1125 tus,
527 1088 547 1109 «
568 1077 616 1112 ut
642 1067 889 1112 consuleret
916 1085 1052 1128 regno
1081 1078 1288 1128 paterno,
1317 1078 1516 1129 parceret
1544 1069 1783 1130 praeclaris-

400 1148 518 1192 simae
559 1150 731 1209 patriae,
767 1164 864 1208 quae
890 1148 1149 1209 turpissimis
1179 1148 1391 1192 incendiis
1422 1158 1466 1192 et
1506 1150 1644 1193 ruinis
1675 1159 1786 1193 esset

399 1227 663 1284 deformata,
698 1229 814 1272 cives
842 1244 942 1272 suos
974 1229 1166 1290 primum
1194 1228 1248 1272 ad
1280 1229 1510 1273 sanitatem
1540 1239 1784 1286 revocaret,

399 1307 556 1353 deinde
591 1318 891 1366 conservaret,
917 1308 1045 1352 fidem
1076 1307 1242 1370 populo
1269 1325 1450 1352 romano
1484 1309 1654 1370 sibique
1677 1326 1786 1371 prae-

397 1398 530 1433 staret
554 1405 563 1432 :
592 1405 727 1449 quum
757 1389 849 1450 ipse
879 1398 1051 1433 tantum
1078 1390 1118 1432 ei
1143 1388 1364 1445 crederet,
1393 1399 1441 1433 ut
1463 1389 1516 1433 ad
1539 1390 1686 1434 hostes
1718 1406 1782 1434 ar-

398 1479 537 1513 matos
561 1486 660 1513 eum
686 1471 898 1526 mitteret3
927 1489 947 1511 n
969 1469 1119 1513 dextra
1147 1469 1342 1513 dextram
1367 1480 1537 1524 tenens,
1562 1470 1783 1515 dimittere

397 1551 526 1611 coepit
553 1549 702 1594 adulta
722 1550 813 1610 jam
842 1559 967 1593 aetate
989 1566 1189 1610 puerum.
1219 1552 1274 1593 At
1303 1551 1447 1610 regius
1481 1550 1673 1605 animus,
1703 1549 1784 1595 dis-

395 1629 566 1690 ciplinis
606 1628 888 1673 fallacissimis
918 1629 1139 1685 eruditus,
1166 1645 1219 1672 ne
1253 1645 1276 1672 a
1305 1630 1443 1690 gentis
1470 1646 1557 1673 suae
1584 1630 1782 1674 moribus

399 1709 701 1770 degeneraret,
726 1709 832 1754 flens
857 1726 981 1753 orare
1008 1719 1162 1753 contra
1189 1712 1400 1754 Caesarem
1431 1711 1582 1771 coepit,
1609 1730 1631 1752 «
1657 1727 1712 1755 ne
1739 1728 1783 1756 se

396 1789 631 1833 dimitteret
656 1807 665 1832 :
692 1806 779 1833 non
806 1790 920 1833 enim
948 1806 1129 1850 regnum
1155 1791 1298 1850 ipsum
1322 1790 1403 1834 sibi
1430 1800 1665 1852 conspectu
1692 1793 1783 1837 Cae-

395 1871 502 1913 saris
524 1886 615 1914 esse
634 1868 886 1930 jucundius.
909 1888 929 1909 »
950 1870 1222 1930 Compressis
1245 1852 1368 1930 pueri
1391 1868 1612 1931 lacrymiS,
1637 1873 1783 1916 Caesar

395 1952 486 2010 ipse
506 1960 773 2006 commotus,
793 1949 1014 2003 celeriter,
1034 1951 1067 1994 si
1088 1949 1159 1994 illa
1182 1951 1382 2007 sentiret,
1402 1950 1494 1995 fore
1514 1968 1612 1996 eum
1635 1968 1781 1996 secum

394 2030 647 2085 affirmans,
671 2029 725 2074 ad
753 2046 853 2074 suos
888 2029 1065 2073 dimisit.
1103 2029 1203 2087 Ille,
1230 2040 1276 2073 ut
1311 2047 1360 2074 ex
1385 2031 1632 2076 carceribus
1657 2032 1700 2075 in
1731 2031 1782 2076 li-

394 2111 545 2154 berum
583 2126 759 2154 cursum
798 2110 1003 2165 emissus,
1043 2109 1151 2154 adeo
1184 2120 1336 2155 contra
1374 2113 1586 2156 Caesarem
1624 2113 1781 2156 acriter

394 2189 558 2235 bellum
598 2207 748 2253 gerere
784 2191 936 2252 coepit,
972 2200 1018 2234 ut
1056 2189 1293 2252 lacrymas,
1333 2208 1440 2252 quas
1476 2193 1518 2236 in
1559 2191 1779 2254 colloquio

395 2272 656 2332 projecerat,
688 2271 847 2332 gaudio
877 2270 1100 2315 videretur
1135 2271 1393 2333 profudisse.
1431 2271 1649 2317 Accidisse
1694 2273 1778 2317 hoc

393 2349 640 2412 complures
671 2352 853 2396 Caesaris
878 2350 1030 2411 legati,
1072 2352 1221 2408 amici,
1261 2353 1566 2407 centuriones,
1602 2351 1777 2396 milites-

393 2448 479 2493 que
501 2430 780 2490 laetabantur,
816 2431 934 2493 quod
958 2433 1094 2476 nimia
1117 2433 1287 2477 bonitas
1317 2433 1410 2493 ejus
1440 2431 1618 2476 fallaciis
1651 2433 1775 2492 pueri

392 2511 512 2557 elusa
538 2522 673 2570 esset3
699 2513 822 2574 quasi
847 2528 951 2556 vero
973 2512 1015 2555 id
1037 2515 1181 2558 Caesar
1201 2514 1397 2557 bonitate
1420 2522 1587 2557 tantum
1613 2511 1775 2555 adduc-

394 2602 488 2644 tus,
515 2610 564 2638 ac
588 2610 676 2638 non
700 2592 1040 2656 prudentissimo
1065 2591 1247 2637 consilio
1272 2593 1456 2637 fecisset.

456 2674 597 2717 XXV.
636 2674 809 2730 Quum,
841 2673 951 2717 duce
990 2683 1233 2734 assumpto,
1259 2671 1538 2718 Alexandrini
1568 2670 1704 2716 nihilo
1730 2689 1774 2716 se
