1972 3356
638 231 704 266 DE
733 229 900 265 BELLO
931 229 1207 265 AFRICANO.
1553 228 1627 265 215

215 328 337 373 ctus,
369 326 530 362 natura
560 314 644 360 loci
672 325 926 377 perspecta,
951 313 1066 358 redit
1102 315 1146 358 in
1174 324 1329 359 castra.
1360 315 1462 360 Non
1493 331 1626 359 nemo

215 398 355 460 culpae
381 399 474 459 ejus
492 396 890 458 imprudentiaeque
917 395 1196 457 assignabat,
1225 395 1345 457 quod
1370 412 1512 457 neque
1529 413 1625 441 cer-

215 491 310 525 tum
335 479 482 524 locum
507 477 877 540 gubernatoribus
899 476 1228 537 praefectisque,
1253 494 1385 538 quem
1403 487 1627 539 peterent,

217 569 505 624 praeceperat,
535 574 701 619 neque,
734 567 780 601 ut
809 574 904 602 mos
931 558 1069 618 ipsius
1097 557 1464 620 consuetudoque
1493 576 1624 621 supe-

215 642 407 688 rioribus
429 639 705 700 temporibus
729 638 872 682 fuerat
887 673 898 695 ,
920 637 1104 682 tabellas
1123 639 1319 699 signatas
1350 639 1556 697 dederat,
1578 651 1627 685 ut

216 726 261 770 in
295 733 520 785 tempore,
553 721 604 764 iis
639 718 870 781 perlectis,
913 718 1058 763 locum
1093 728 1264 764 certum
1298 730 1501 782 peterent
1530 722 1629 766 uni-

217 805 342 850 versi.
359 802 494 861 Quod
517 803 700 847 minime
724 802 945 846 Caesarem
962 799 1177 846 fefellerat
1206 818 1214 845 :
1245 818 1436 864 namque
1452 801 1624 846 nullum

214 895 393 947 portum
411 895 536 929 terrae
554 883 714 929 Africae
730 919 740 937 ,
756 900 846 945 quo
870 881 1029 928 classes
1053 882 1369 937 decurrerent,
1398 900 1480 945 pro
1508 894 1627 928 certo

214 975 359 1011 tutum
390 966 446 1010 ab
475 966 668 1010 hostium
704 965 910 1027 praesidio
944 964 1038 1009 fore
1074 965 1406 1027 suspicabatur,
1435 965 1509 1010 sed
1540 965 1628 1010 for·

212 1048 327 1092 tuitu
354 1046 547 1092 oblatam
574 1048 850 1092 occasionem
879 1063 1079 1109 egressus
1105 1047 1429 1109 aucupabatur.

276 1130 355 1175 IV.
386 1131 435 1174 L.
452 1127 644 1174 Plancus
671 1129 849 1173 interim
875 1128 1044 1191 legatus
1064 1130 1175 1190 petit
1198 1146 1221 1173 a
1242 1130 1434 1185 Caesare,
1456 1130 1517 1173 uti
1544 1129 1627 1173 sibi

211 1211 334 1256 daret
364 1209 617 1256 facultatem
645 1228 746 1255 cum
783 1209 996 1256 Considio
1025 1209 1207 1273 agendi,
1237 1212 1270 1255 si
1301 1221 1447 1272 posset
1479 1209 1628 1272 aliqua

211 1294 383 1338 ratione
423 1292 606 1354 perduci
650 1292 705 1336 ad
744 1293 991 1337 sanitatem.
1033 1295 1212 1354 Itaque,
1254 1291 1355 1337 data
1392 1291 1628 1349 facultate,

211 1374 381 1420 litteras
410 1374 679 1431 conscribit,
707 1384 750 1419 et
780 1392 851 1419 eas
876 1375 1053 1436 captivo
1082 1373 1159 1418 dat
1176 1373 1458 1435 perferendas
1482 1375 1526 1418 in
1544 1391 1626 1435 op-

211 1456 363 1518 pidum
393 1456 448 1502 ad
473 1456 752 1502 Considium.
783 1457 888 1515 Quo
916 1455 1048 1500 simul
1080 1466 1215 1517 atque
1245 1457 1447 1518 captivus
1475 1471 1631 1517 perve-

210 1539 366 1591 nisset,
400 1537 680 1598 litterasque,
724 1547 772 1581 ιιι
804 1547 898 1582 erat
944 1536 1229 1592 mandatum,
1256 1537 1470 1582 Considio
1497 1538 1632 1598 porri-

211 1635 314 1681 gere
331 1620 556 1681 coepisset,
583 1620 844 1682 priusquam
869 1621 1088 1681 acciperet
1115 1618 1188 1664 ille
1215 1637 1222 1663 :
1253 1619 1445 1676 «Unde,
1462 1619 1630 1681 inquit,

210 1701 384 1746 istas?»
413 1704 528 1747 Tum
559 1703 761 1764 captivus
784 1719 792 1746 :
822 1723 841 1743 «
869 1703 1013 1746 Immo
1040 1702 1093 1745 ab
1121 1703 1391 1763 imperatore
1409 1703 1595 1746 Caesare.
1612 1721 1632 1742 n

209 1785 335 1828 Tunc
365 1783 604 1829 Considius
631 1801 639 1827 :
674 1804 695 1825 «
725 1785 852 1828 Unus
885 1794 973 1839 est,
1001 1784 1173 1844 inquit,
1207 1784 1359 1844 Scipio
1390 1784 1633 1845 imperator

208 1864 294 1909 hoc
324 1875 525 1927 tempore
552 1864 705 1926 populi
733 1866 919 1909 romani.
951 1885 972 1906 J)
1001 1863 1174 1910 Deinde
1203 1866 1247 1908 in
1275 1875 1517 1926 conspectu
1550 1882 1631 1909 suo

209 1948 433 2008 captivum
461 1947 609 1991 statim
642 1946 830 1991 interfici
853 1947 1004 2008 jubet,
1029 1945 1288 2008 litterasque
1314 1947 1514 1991 noudum
1537 1963 1633 2008 per-

210 2026 346 2073 lectas
363 2064 374 2086 ,
400 2030 508 2074 sicut
544 2039 673 2074 erant
696 2028 896 2090 signatae,
925 2027 1001 2074 dat
1034 2028 1204 2073 homini
1227 2038 1347 2074 certo
1372 2027 1426 2073 ad
1458 2028 1631 2089 Scipio-

211 2128 314 2155 nem
340 2110 639 2172 perferendas.

278 2195 332 2237 V.
351 2194 593 2254 Postquam
608 2230 618 2248 ,
637 2210 725 2238 una
742 2202 871 2238 nocte
886 2204 928 2238 et
944 2192 1015 2237 die
1033 2193 1086 2238 ad
1105 2193 1320 2256 oppidum
1340 2201 1608 2254 consumpta
1624 2227 1634 2245 ,

212 2290 353 2335 neque
388 2291 652 2336 responsum
679 2274 819 2320 ullum
855 2292 880 2320 a
913 2275 1128 2322 Considio
1165 2276 1377 2334 dabatur3
1408 2292 1552 2337 neque
1594 2279 1633 2322 ei

211 2355 392 2417 reliquae
416 2358 554 2418 copiae
579 2357 921 2415 succurrebant,
952 2375 1096 2419 neque
1120 2359 1323 2419 equitatu
1348 2358 1631 2412 abundabat3

212 2447 256 2482 et
281 2436 335 2482 ad
364 2438 581 2500 oppidum
611 2439 965 2502 oppugnandum
991 2457 1082 2485 non
1110 2441 1215 2485 satis
1240 2441 1471 2503 copiarum
1499 2440 1635 2484 habe-

209 2519 369 2575 bat,et
396 2537 468 2565 eas
497 2521 718 2579 tironum,
749 2538 893 2583 neque
922 2523 1068 2584 primo
1095 2522 1290 2567 adventu
1319 2521 1633 2567 convulnerari

210 2603 451 2648 exercitum
482 2601 687 2659 volebat3
722 2613 765 2648 et
801 2604 955 2667 oppidi
986 2605 1162 2667 egregia
1199 2605 1390 2650 munitio
1409 2640 1419 2659 ,
1449 2614 1489 2648 et
1518 2602 1635 2647 diffi-

211 2681 303 2727 cilis
342 2683 397 2728 ad
431 2685 787 2745 oppugnandum
830 2697 926 2731 erat
964 2704 1189 2744 accessus;
1227 2697 1270 2731 et
1305 2686 1633 2730 nuntiabantur
