1972 3356
1677 238 1693 248 ..ο

574 237 844 273 COMMENT.
872 236 941 272 DE
967 236 1136 271 BELLO
1162 237 1398 275 GALLICO.
1620 252 1694 284 27³

275 317 506 353 Baiocasses
513 345 525 362 ,
541 316 606 364 qui
624 316 686 351 hic
705 329 726 351 a
741 315 884 352 Caesare
899 316 1127 351 omittuntur
1147 316 1247 352 inter
1272 317 1478 353 armoricas
1506 317 1696 363 civitates,

273 381 339 416 sed
369 381 417 416 ab
443 380 617 417 Ausonio
649 381 750 417 inter
781 380 848 415 has
867 386 1146 425 memorantur,
1173 379 1214 415 in
1233 380 1292 416 his
1310 381 1482 417 versibus
1503 381 1551 418 de
1578 382 1696 418 Claris

273 444 373 480 Prof.
392 457 401 479 ε

662 510 726 546 Τυ,
741 506 913 539 Baiocassis
925 506 1024 549 stirpe
1041 507 1237 539 Druidarum
1254 515 1387 544 satus...

656 563 766 595 Beleni
783 569 940 595 sacratum
959 563 1048 595 ducis
1067 575 1084 595 e
1101 565 1223 608 templo
1243 576 1386 608 genus...

751 619 857 662 Stirpe
873 626 959 652 satus
974 620 1134 652 Druidum
1146 646 1155 659 ‚

751 676 864 708 Gentis
879 676 1090 716 Aremoricae,
1106 684 1167 710 etc.

270 783 335 819 ubi
356 783 485 818 videre
509 789 565 818 est
586 783 686 818 cultu
707 782 838 819 Beleni
858 782 959 819 inter
980 789 1111 831 gentes
1131 783 1338 819 armoricas
1358 783 1574 821 Baiocasses
1595 787 1696 823 cele-

269 847 355 882 bres
376 858 465 881 esse.
489 847 756 881 memorantur
776 853 813 882 et
838 859 859 881 a
878 846 1007 882 Plinio
1033 846 1104 882 sub
1126 846 1304 892 nomine,
1327 860 1460 884 revera
1490 857 1695 897 corrupto,

267 909 373 958 quod
403 910 658 945 Bodiocasses
683 909 725 945 in
761 909 958 946 codicibus
986 910 1203 955 nonnullis,
1235 911 1492 947 Vadiocasses
1519 911 1560 947 in
1592 913 1696 959 aliis,

266 973 424 1021 legitur,
444 974 511 1010 sed
531 973 632 1010 inter
650 973 874 1009 Viducasses
895 980 931 1009 et
950 974 1114 1010 Unellos
1140 981 1429 1022 nuncupantur,
1448 974 1499 1010 ita
1526 982 1566 1011 ut
1590 976 1696 1012 nihi-

265 1036 433 1073 lominus
453 1037 601 1073 nullum
621 1036 669 1072 sit
689 1036 849 1072 dubium
872 1037 920 1072 de
940 1036 1013 1072 situ
1033 1044 1070 1072 et
1089 1037 1247 1073 nomine
1267 1050 1412 1074 eorum.
1430 1037 1605 1074 Citantur
1624 1039 1695 1076 de-

265 1100 381 1148 nique
418 1100 458 1135 in
493 1100 637 1135 Notitia
669 1100 790 1135 veteri
816 1099 948 1135 Galliae
978 1099 1050 1135 sub
1084 1100 1242 1137 nomine
1278 1108 1476 1137 contracto
1509 1103 1691 1148 Baiocoe,

266 1164 435 1211 Bayeux,
455 1175 527 1210 pro
548 1164 800 1206 Baiocasses,
816 1162 912 1198 sicut
931 1164 1090 1207 Drocoe,
1111 1164 1260 1209 Dreux,
1281 1171 1519 1200 contractum
1546 1173 1601 1201 est
1621 1179 1693 1214 pro

264 1227 521 1269 Durocasses,
550 1233 586 1261 et
612 1227 761 1269 Trecoe,
785 1227 948 1274 Troyes,
965 1238 1038 1274 pro
1060 1227 1270 1263 Trecasses.
1297 1229 1451 1264 Nomen
1469 1236 1596 1265 autem
1612 1232 1692 1266 Ar·-

264 1289 415 1324 moricoe
435 1286 650 1339 (civitates)
678 1303 699 1325 a
723 1302 846 1338 graeco
866 1285 1000 1336 ἁρμὸς,
1027 1302 1250 1338 compages,
1274 1291 1500 1336 concordia,
1532 1292 1693 1329 harmo-

264 1353 345 1398 nia3
367 1349 515 1400 ἀρμὸζω
530 1381 540 1399 ,
567 1360 654 1401 apte
681 1360 891 1399 connecto,
915 1360 952 1390 et
979 1350 1074 1400 ὅρος,
1094 1354 1223 1399 limes,
1249 1354 1452 1400 terminus,
1474 1351 1558 1402 ὅρια.
1583 1354 1692 1402 fines,

265 1418 419 1463 limium,
437 1414 574 1463 ὃρικὸς,
599 1418 648 1453 ad
669 1416 765 1454 fines
791 1417 1008 1465 pertinens,
1029 1416 1239 1453 certissime
1262 1417 1525 1465 componitur,
1545 1418 1693 1468 signifi-

262 1489 396 1530 eatque
407 1510 416 1527 ‚
437 1481 654 1518 Concordia
670 1481 866 1517 civitatum
880 1479 1149 1525 finitimarum,
1164 1479 1299 1529 gallice
1314 1481 1424 1529 [cg-rue.
1439 1480 1546 1518 Nihil
1565 1482 1691 1519 adhuc

259 1544 374 1592 igitur
393 1544 432 1580 in
455 1545 530 1581 hoc
549 1544 709 1580 nomine
728 1544 922 1589 celticum,
944 1543 1118 1592 quamvis
1136 1556 1268 1580 revera
1293 1544 1511 1582 britannice
1530 1549 1687 1592 Armor,

258 1615 321 1644 aut
344 1609 480 1644 rectius
507 1612 643 1652 Arvor,
671 1609 720 1644 ad
750 1621 855 1644 mare
879 1606 1089 1656 significet,
1117 1620 1164 1643 ex
1183 1621 1249 1652 ar,
1272 1620 1405 1657 super,
1431 1621 1533 1654 mor,
1559 1622 1688 1656 marc;

259 1679 295 1708 et
308 1671 507 1707 Britannia
525 1672 654 1708 minor
671 1673 879 1708 etiamnum
896 1672 935 1707 in
947 1674 1090 1707 Armor
1102 1678 1138 1707 et
1158 1670 1198 1706 in
1209 1673 1352 1720 Argoet
1364 1672 1426 1708 vel
1439 1675 1607 1722 Argoat,
1622 1687 1688 1710 seu

257 1735 296 1771 in
316 1736 515 1785 regionem
531 1736 762 1772 maritimam
779 1743 815 1771 et
836 1735 1038 1783 regionem
1061 1735 1253 1783 sylvosam
1276 1734 1482 1772 dividatur.
1510 1739 1570 1772 Ar
1585 1737 1688 1773 enim

257 1806 320 1835 aut
346 1812 446 1844 war,
474 1813 567 1844 var,
598 1813 688 1844 oar,
715 1799 811 1835 sicut
840 1799 988 1847 anglice
1009 1810 1111 1842 over,
1134 1797 1351 1846 germanice
1376 1799 1503 1843 acher,
1527 1807 1582 1836 est
1609 1814 1687 1837 vox

256 1874 375 1909 graeca
394 1857 489 1910 ὑπὲρ
502 1869 719 1907 contracte,
734 1875 819 1897 mor
834 1868 888 1897 est
907 1873 1032 1904 mare,
1052 1867 1090 1896 et
1108 1868 1206 1904 coel,
1228 1860 1269 1895 in
1283 1861 1566 1909 compositione
1581 1872 1686 1913 goel,

257 1938 275 1959 a
297 1938 393 1961 voce
413 1926 533 1961 latina
544 1927 681 1962 caedua
696 1924 816 1975 (sylva
830 1922 1046 1974 subaudita)
1058 1924 1296 1970 decurtatum
1310 1924 1440 1973 sicque
1451 1937 1585 1963 omnes
1600 1928 1687 1964 bri-

257 1987 415 2024 tannicae
430 2001 541 2025 voces
556 1989 746 2038 originem
756 2000 917 2037 graecam
928 1987 989 2024 vel
1000 1987 1158 2023 latinam
1170 1987 1326 2024 habent.
1340 1988 1437 2025 Vide
1444 1996 1540 2036 not„
1551 2003 1607 2037 w,
1626 2005 1686 2038 17.

308 2070 395 2106 CAP.
406 2071 584 2106 LXXVI.
604 2070 640 2103 V
639 2071 909 2120 etgasillauno.
926 2071 983 2106 Ex
997 2069 1208 2115 Oberlino‚
1229 2070 1409 2117 O'brien‚
1423 2071 1463 2107 in
1476 2085 1545 2108 suo
1560 2072 1685 2110 lexico

253 2134 438 2179 hiberno,
458 2134 533 2170 hoc
551 2146 695 2170 nomen
714 2133 828 2169 fuisse
848 2133 1047 2182 dignitatis
1066 2133 1237 2170 ostendit
1256 2146 1276 2170 e
1296 2134 1427 2183 lingua
1448 2134 1582 2172 celtica
1603 2135 1685 2186 (hi-

252 2196 393 2247 berna)
407 2196 866 2246 sear-go—saigl'zlean,
896 2197 956 2232 vir
982 2196 1032 2233 ad
1056 2196 1260 2242 vexillum,
1284 2197 1524 2245 vexillarius,
1548 2199 1684 2248 gallice

251 2260 440 2295 banneret.
462 2259 540 2295 Sed
559 2259 639 2307 jam
661 2259 742 2295 dixi
760 2260 859 2296 male
882 2273 1016 2296 sanum
1042 2273 1122 2296 esse
1147 2260 1197 2296 ab
1217 2259 1401 2298 idiomate
1419 2262 1629 2300 recentiori
1646 2271 1683 2301 et

250 2330 434 2359 extraneo
444 2350 454 2368 ,
464 2322 654 2371 valdeque
665 2329 847 2371 corrupto
867 2323 1058 2360 deducere
1071 2336 1208 2360 vocem
1220 2324 1429 2373 antiquam.
1441 2326 1527 2362 Hoc
1536 2340 1681 2365 nomen

248 2398 411 2433 graecum
439 2393 514 2431 est,
543 2385 639 2422 sicut
667 2386 795 2421 omnia
821 2386 981 2422 nomina
1004 2387 1164 2436 propria
1190 2387 1363 2436 gentium
1385 2402 1478 2437 quas
1498 2391 1621 2427 Graeci
1643 2399 1681 2428 et

247 2448 414 2484 Romani
433 2449 617 2485 barbaras
637 2448 876 2496 vocitabant,
897 2450 946 2486 ab
965 2449 1057 2499 ipsis
1083 2450 1234 2486 tradita.
1254 2450 1353 2486 Mihi
1376 2452 1529 2489 videtur
1551 2462 1678 2491 ortum

246 2525 266 2547 a
297 2512 456 2548 vocibus
488 2509 617 2563 ἔργον,
646 2524 762 2561 opus,
787 2519 828 2548 ut
861 2512 1126 2563 Vergobretus,
1152 2521 1190 2549 et
1217 2507 1360 2559 σέλλω,
1385 2527 1545 2563 operam
1564 2517 1676 2566 dare,

246 2583 308 2611 aut
327 2589 347 2611 a
369 2574 529 2622 σιλλόω,
546 2575 727 2622 irridere,
743 2575 844 2612 forte
861 2576 998 2613 eodem
1018 2590 1134 2614 sensu
1156 2590 1199 2613 ac
1219 2575 1479 2629 ἑργομοκεὺω,
1493 2580 1674 2628 illudere,

246 2638 422 2686 irridere3
442 2640 576 2689 gallice
595 2639 711 2688 igitur
734 2640 987 2677 Bon-ouvn'er
999 2649 1062 2677 aut
1078 2642 1269 2691 Illoqueur
1280 2641 1481 2680 diceretur.
