1972 3356
301 265 367 300 130
505 264 543 298 C.
576 264 701 298 JULII
732 263 947 299 CAESARIS
975 259 1457 298 COMMENTARIORUM

296 359 387 392 tum
415 346 623 408 appellat,
647 362 835 406 quorum
858 346 1074 408 egregiam
1098 344 1227 388 fuisse
1247 344 1455 387 virtutem
1479 343 1649 388 testimo

294 429 367 471 nio
395 427 620 471 Ciceronis
650 435 935 487 cognoverat3
959 426 1012 469 de
1040 441 1139 469 casu
1166 424 1315 468 Sabini
1343 433 1386 467 et
1412 424 1551 467 Cottae
1575 438 1666 465 cer-

296 508 379 550 tius
402 523 454 549 ex
473 506 656 566 captivis
684 506 920 567 cognoscit.
940 507 1121 550 Postero
1146 504 1214 548 die
1230 538 1241 560 ,
1268 503 1478 547 concione
1500 501 1666 556 habita,

293 602 385 629 rem
411 595 574 646 gestam
598 586 804 646 proponit
829 602 837 628 :
867 584 1024 629 milites
1053 584 1306 629 consolatur
1331 593 1372 626 et
1398 581 1628 626 confirmat
1657 597 1665 623 :

292 664 411 724 quod
445 658 759 708 detrimentum
784 663 912 725 culpa
943 674 984 708 et
1012 665 1254 708 temeritate
1281 662 1410 723 legati
1439 663 1494 705 sit
1517 676 1667 720 accep-

290 754 404 800 tum,
429 744 513 788 hoc
537 744 726 804 aequiore
754 745 898 787 animo
923 743 1149 787 ferendum
1176 742 1318 797 docet,
1344 741 1481 801 quod,
1509 739 1669 783 benefi-

290 825 356 867 cio
389 823 571 867 deorum
602 823 914 867 immortalium
944 833 987 866 et
1019 824 1178 865 virtute
1205 838 1376 875 eorum,
1407 821 1577 881 expiato
1606 821 1669 862 in-

290 903 542 959 commodo,
574 919 716 963 neque
746 903 945 946 hostibus
981 902 1149 945 diutina
1178 901 1361 956 laetatio,
1395 917 1535 961 neque
1567 901 1669 960 ipsis

289 981 462 1044 longior
486 982 610 1026 dolor
634 982 921 1042 relinquatur.

353 1065 470 1106 LIII.
496 1063 677 1105 Interim
704 1061 759 1104 ad
781 1061 1025 1105 Labienum
1049 1076 1126 1120 per
1149 1063 1310 1104 Remos
1333 1058 1574 1103 incredibili
1600 1075 1669 1102 ce-

290 1142 458 1186 leritate
474 1142 526 1185 de
543 1142 727 1185 victoria
739 1141 919 1185 Caesaris
931 1140 1046 1183 fama
1061 1139 1377 1200 perfertur,ut,
1390 1156 1526 1200 quum
1540 1139 1592 1182 ab
1606 1139 1672 1182 hi-

288 1223 436 1265 bernis
451 1221 676 1265 Ciceronis
691 1220 857 1266 abesset
871 1219 1005 1266 millia
1021 1236 1227 1280 passuum
1242 1221 1416 1264 circiter
1434 1233 1488 1261 Lx
1506 1253 1517 1274 ,
1535 1235 1672 1278 eoque

290 1311 387 1361 post
409 1301 564 1345 horam
588 1317 749 1345 nonam
773 1300 857 1344 diei
882 1302 1025 1344 Caesar
1048 1300 1337 1360 pervenisset,
1362 1308 1462 1342 ante
1485 1297 1670 1341 mediam

288 1391 461 1425 noctem
490 1381 544 1424 ad
578 1390 726 1441 portas
763 1389 1008 1424 castrorum
1039 1378 1205 1425 clamor
1228 1380 1437 1434 oriretur,
1469 1394 1556 1438 quo
1583 1376 1672 1421 cla-

290 1477 411 1504 more
447 1459 704 1521 significatio
739 1460 933 1503 victoriae
970 1458 1292 1520 gratulatioque
1325 1459 1378 1502 ab
1412 1458 1561 1502 Remis
1590 1460 1673 1501 La-

288 1540 416 1583 bieno
440 1539 577 1583 fieret.
613 1543 704 1584 Hac
733 1539 845 1583 fama
874 1538 929 1582 ad
955 1539 1157 1582 Treviros
1187 1537 1371 1599 perlata,
1399 1537 1672 1581 Indutioma-

289 1635 382 1673 rus,
410 1619 484 1678 qui
512 1628 685 1679 postero
720 1618 788 1662 die
813 1628 954 1662 castra
982 1617 1162 1662 Labieni
1192 1633 1448 1678 oppugnare
1473 1616 1674 1660 decreve-

290 1708 376 1753 rat,
397 1707 532 1742 noctu
550 1698 763 1759 profugit,
780 1698 1012 1759 copiasque
1032 1714 1183 1741 omnes
1205 1698 1249 1740 in
1269 1698 1471 1741 Treviros
1488 1696 1671 1740 reducit.

290 1780 432 1823 Caesar
458 1778 641 1821 Fabium
666 1794 764 1821 cum
790 1776 961 1838 legione
987 1778 1031 1820 in
1055 1793 1131 1820 sua
1154 1777 1337 1820 remittit
1360 1777 1562 1831 hiberna,
1584 1778 1674 1836 ipse

291 1875 390 1901 cum
413 1874 465 1902 111
493 1857 736 1917 legionibus
760 1859 928 1901 circum
954 1857 1307 1901 Samarobrivam
1332 1857 1458 1900 trinis
1481 1856 1674 1900 hibernis

290 1938 482 1981 hiemare
503 1938 751 1991 constituit,
779 1947 842 1992 et,
868 1936 986 1997 quod
1014 1938 1126 1981 tanti
1150 1947 1295 1981 motus
1317 1935 1472 1980 Galliae
1499 1936 1676 1980 exstite-

289 2026 404 2073 rant,
435 2027 573 2061 totam
599 2016 787 2060 hiemem
807 2016 897 2077 ipse
915 2016 971 2060 ad
998 2016 1236 2060 exercitum
1263 2032 1442 2060 manere
1470 2015 1674 2060 decrevit.

287 2097 402 2140 Nam
434 2095 509 2140 illo
538 2095 821 2140 incommodo
856 2095 908 2139 de
940 2096 1088 2140 Sabini
1123 2106 1264 2140 morte
1301 2095 1489 2156 perlato,
1526 2112 1676 2139 omnes

291 2175 380 2220 fere
404 2174 560 2220 Galliae
581 2176 779 2219 civitates
802 2175 854 2219 de
877 2174 992 2219 bello
1015 2175 1347 2231 consultabant,
1368 2176 1546 2219 nuntios
1564 2174 1678 2236 lega-

289 2257 517 2316 tionesque
551 2257 596 2299 in
619 2273 771 2300 omnes
794 2264 937 2316 partes
967 2255 1267 2311 dimittebant,
1295 2264 1355 2311 et,
1390 2254 1495 2315 quid
1519 2253 1676 2314 reliqui

289 2335 455 2380 consilii
489 2346 697 2397 caperent
724 2346 854 2396 atque
883 2335 1000 2379 unde
1027 2336 1201 2379 initium
1228 2334 1328 2379 belli
1360 2335 1502 2391 fieret,
1527 2333 1676 2395 explo-

288 2416 466 2471 rabant,
490 2426 794 2476 nocturnaque
824 2417 867 2459 in
898 2414 1004 2459 locis
1028 2415 1209 2459 desertis
1233 2414 1418 2460 concilia
1442 2414 1674 2458 habebant.

288 2497 441 2556 Neque
465 2494 605 2540 ullum
626 2495 715 2540 fere
739 2496 873 2540 totius
896 2496 1053 2539 hiemis
1077 2505 1249 2556 tempus
1271 2495 1364 2539 sine
1382 2492 1677 2538 sollicitudine

293 2576 470 2619 Caesaris
501 2576 768 2630 intercessit,
799 2576 905 2635 quin
939 2574 1130 2635 aliquem
1161 2575 1214 2619 de
1244 2572 1438 2618 conciliis
1473 2589 1522 2616 ac
1552 2581 1673 2616 motu

289 2655 519 2698 Gallorum
549 2655 756 2699 nuntium
795 2656 1024 2714 acciperet.
1062 2657 1115 2698 In
1147 2655 1213 2697 his
1248 2653 1302 2696 ab
1336 2655 1384 2696 L.
1425 2652 1585 2696 Roscio
1615 2650 1675 2695 le.-
