1972 3356
556 207 623 243 DE
656 208 819 243 BELLO
849 207 1006 242 CIVILI
1036 207 1130 242 LIB.
1156 207 1225 242 III.
1530 219 1602 254 1¹9

192 294 493 355 majoremque
547 310 668 354 spem
720 293 977 336 maturitate
1028 291 1356 336 frumentorum
1407 293 1599 353 proponi

191 376 411 420 videbant.

257 460 311 503 L.
348 459 401 502 In
429 474 545 501 novo
578 473 738 519 genere
773 455 878 500 belli
918 473 1043 500 novae
1081 457 1137 501 ab
1175 457 1374 517 utrisque
1408 454 1603 500 bellandi

194 540 385 584 rationes
400 537 748 600 reperiebantur.
767 536 860 593 Illi,
878 538 1075 582 animum
1091 554 1230 599 quum
1245 537 1535 583 advertissent
1551 555 1601 583 ex

191 621 368 684 ignibus
385 655 396 676 ,
421 628 551 664 nocte
565 619 772 663 cohortes
795 627 971 663 nostras
993 618 1048 663 ad
1073 619 1343 663 munitiones
1361 620 1600 675 excubare,

191 702 365 748 silentio
394 701 590 763 aggressi
620 701 871 755 universas,
899 700 1016 744 intra
1043 699 1376 744 multitudinem
1423 702 1602 762 sagittas

189 783 507 845 conjiciebant,
543 792 585 827 et
615 798 660 826 se
680 781 911 826 confestim
947 780 1001 825 ad
1034 798 1136 826 suos
1167 781 1456 842 recipiebant.
1492 782 1603 839 Qui-

188 866 270 910 bus
307 865 438 909 rebus
464 864 630 921 nostri,
658 880 742 908 usu
777 863 918 919 docti,
945 863 1038 908 haec
1070 863 1351 925 reperiebant
1376 863 1569 908 remedia
1589 899 1600 920 ,

190 955 240 990 ut
276 945 364 990 alio
400 944 498 991 loco
532 947 656 1008 ignes
690 945 913 1000 facerent,
949 944 1060 1007 (alio
1094 944 1389 1007 excubarent)
1395 981 1600 990 .....

254 1112 328 1154 LI.
367 1110 553 1154 Interim
588 1109 752 1154 certior
781 1108 922 1153 factus
955 1111 1001 1154 P.
1035 1107 1172 1170 Sylla,
1208 1125 1337 1170 quem
1375 1108 1604 1154 discedens

188 1192 343 1237 castris
379 1191 631 1253 praefecerat
669 1193 838 1247 Caesar,
865 1189 1029 1235 auxilio
1065 1190 1238 1235 cohorti
1267 1191 1391 1235 venit
1418 1207 1519 1235 cum
1548 1189 1605 1235 le-

188 1272 396 1334 gionibus
421 1289 477 1327 113
503 1273 628 1334 cujus
655 1272 846 1317 adventu
870 1270 997 1316 facile
1016 1281 1120 1316 sunt
1136 1270 1299 1332 repulsi
1325 1272 1601 1333 Pompeiani.

192 1355 348 1415 Neque
379 1371 485 1398 vero
526 1363 816 1415 conspectum
846 1363 923 1397 aut
955 1354 1170 1415 impetum
1206 1363 1461 1397 nostrorum
1493 1351 1605 1397 tule-

189 1446 324 1492 runt;
363 1436 609 1496 primisque
638 1434 838 1496 dejectis,
874 1433 1033 1495 reliqui
1064 1450 1109 1478 se
1140 1443 1398 1489 verterunt,
1430 1444 1474 1478 et
1504 1432 1603 1477 loco

187 1527 423 1560 cesserunt.
464 1515 549 1561 Sed
590 1517 872 1577 insequentes
912 1525 1107 1572 nostros,
1152 1532 1207 1559 ne
1242 1514 1417 1576 longius
1454 1531 1603 1576 prose-

183 1607 451 1659 querentur,
491 1596 610 1658 Sylla
649 1598 886 1642 revocavit.
928 1599 986 1641 At
1024 1596 1226 1658 plerique
1264 1598 1537 1654 existimant,
1567 1598 1601 1642 si

183 1682 329 1725 acrius
361 1681 532 1742 insequi
564 1679 803 1737 voluisset,
838 1678 1003 1724 bellum
1044 1696 1095 1724 eo
1131 1678 1201 1723 die
1235 1681 1432 1741 potuisse
1466 1679 1600 1724 finiri.

182 1765 321 1825 Cujus
340 1762 574 1808 consilium
592 1761 1012 1823 reprehendendum
1038 1779 1126 1806 non
1150 1761 1352 1806 videtur:
1371 1762 1467 1806 aliae
1483 1763 1601 1806 enim

183 1855 285 1889 sunt
302 1844 434 1906 legati
461 1855 635 1905 partes,
663 1853 796 1904 atquc
824 1843 1105 1904 imperatoris
1130 1841 1269 1887 :alter
1298 1843 1446 1887 omnia
1472 1859 1603 1904 agere

185 1926 238 1970 ad
267 1927 594 1988 praescriptum,
630 1924 742 1970 alter
767 1923 902 1969 libere
926 1923 981 1968 ad
1012 1939 1232 1969 summam
1263 1940 1416 1967 rerum
1442 1939 1601 1967 consu-

186 2007 277 2053 lere
313 2008 454 2053 debet.
497 2006 640 2069 Sylla,
676 2024 699 2052 a
746 2008 918 2052 Caesare
967 2007 1122 2051 castris
1155 2005 1361 2062 relictus,
1398 2003 1599 2049 liberatis

185 2091 297 2147 suis,
332 2090 417 2134 hoc
447 2089 532 2134 suit
554 2098 814 2145 contentus,
848 2105 990 2150 neque
1015 2086 1173 2149 proelio
1200 2086 1428 2132 decertare
1459 2085 1601 2130 voluit

183 2172 310 2233 (quae
334 2189 403 2216 res
432 2181 580 2217 tamen
615 2170 799 2216 fortasse
831 2169 1025 2232 aliquem
1061 2170 1278 2230 reciperet
1310 2168 1517 2230 casum),
1544 2184 1600 2212 ne

183 2254 492 2315 imperatorias
516 2254 597 2298 sibi
615 2263 764 2315 partes
789 2253 1026 2315 sumpsisse
1054 2251 1293 2296 videretur.
1311 2250 1597 2312 Pompeianis

183 2352 394 2398 magnam
415 2352 483 2380 res
509 2335 564 2381 ad
592 2345 821 2398 receptum
860 2333 1171 2380 difficultatem
1203 2332 1430 2378 afferebat.
1459 2333 1598 2389 Nam,

181 2434 234 2462 cx
256 2419 412 2480 iniquo
436 2419 657 2481 progressi
681 2417 800 2475 loco,
830 2419 874 2462 in
900 2434 1074 2463 summo
1103 2416 1394 2462 constiterant
1420 2432 1429 2459 ε
1458 2415 1493 2459 si
1520 2431 1600 2476 per

182 2499 350 2545 declive
376 2517 467 2545 sese
495 2501 762 2563 reciperent,
790 2510 965 2545 nostros
981 2516 1034 2544 ex
1061 2498 1289 2559 superiore
1317 2498 1598 2557 insequentes

181 2580 281 2626 loco
302 2582 572 2627 verebantur
596 2599 605 2626 z
632 2599 775 2643 neque
799 2581 991 2627 multum
1010 2580 1065 2625 ad
1091 2578 1195 2625 solis
1213 2595 1418 2623 occasum
1447 2593 1599 2638 super—

183 2674 278 2708 erat
311 2666 522 2726 temporis
560 2682 568 2708 :
606 2681 682 2726 spe
720 2665 836 2708 enim
874 2661 1135 2708 conficiendi
1171 2661 1340 2723 negotii
1380 2675 1520 2722 prope
1551 2659 1595 2702 in
