1972 3356
596 201 661 237 DE
694 201 853 237 BELLO
882 201 1038 238 CIVILI
1070 202 1162 237 LIB.
1192 202 1220 238 I.
1570 220 1609 242 11

217 287 421 331 cohortes
443 304 494 331 ex
520 286 761 331 deleclibus
787 287 1066 348 Pompeianis
1095 304 1104 331 :
1135 288 1180 331 in
1206 288 1257 331 iis
1284 290 1524 335 Camerino
1548 292 1615 336 su-

217 370 409 431 gientem
432 367 636 415 Ulcillem
668 370 868 425 Hirrum,
895 385 997 413 cum
1027 385 1102 413 sex
1131 369 1390 415 cohortibus
1419 388 1527 432 quas
1554 373 1614 417 ibi

216 452 257 494 in
286 450 488 512 praesidio
516 450 750 506 habuerat,
777 450 940 511 excipit
969 468 977 494 :
1006 451 1169 511 quibus
1197 452 1385 508 coactis,
1414 470 1498 498 xm
1520 454 1613 498 effi-

213 533 288 577 cit.
332 535 447 578 Cum
500 532 551 576 iis
594 531 649 576 ad
698 532 950 576 Domitium
1005 530 1313 576 AEnobarbum
1364 533 1614 579 Corfinium

213 615 386 677 magnis
415 613 645 658 itineribus
664 612 892 674 pervenit,
919 613 1227 673 Caesaremque
1253 613 1403 658 adesse
1429 632 1530 660 cum
1554 615 1614 660 le-

211 695 417 757 gionibus
442 694 615 738 duabus
638 693 828 738 nuntiat.
846 693 1073 738 Domitius
1087 710 1168 754 per
1191 710 1235 738 se
1256 694 1433 739 circiter
1453 712 1516 740 xx
1534 713 1610 741 co-

210 777 361 821 hortes
386 775 495 820 Alba
509 810 520 831 ,
550 791 603 820 ex
624 774 788 819 Marsis
808 783 851 818 et
872 772 1086 836 Pelignis,
1111 784 1155 818 et
1180 774 1380 819 finitimis
1400 776 1456 820 ab
1473 778 1612 839 regio-

210 857 339 901 nibus
366 866 584 919 coegerat.

273 940 395 983 XVI.
417 941 614 1001 Recepto
631 939 804 993 Firmo,
823 937 1075 999 Asculoque
1089 937 1275 1001 expulso
1292 938 1506 997 Lentulo,
1523 942 1613 985 Cae-

208 1036 280 1064 sar
307 1021 513 1081 conquiri
540 1018 723 1076 milites,
750 1020 825 1081 qui
856 1020 911 1064 ab
941 1036 994 1064 eo
1021 1019 1340 1077 discesserant,
1366 1020 1612 1066 delectum-

207 1118 294 1162 que
323 1101 494 1146 institui
518 1101 643 1162 jubet
669 1118 677 1145 :
702 1102 817 1163 ipse,
844 1117 985 1145 unum
1010 1101 1126 1145 diem
1142 1102 1203 1146 ibi
1222 1102 1285 1146 rei
1311 1102 1612 1148 frumentariae

208 1199 340 1226 causa
359 1192 579 1238 moratus,
603 1182 853 1228 Corfinium
876 1182 1121 1227 contendit.
1149 1184 1215 1228 Eo
1239 1200 1376 1244 quum
1401 1185 1610 1241 venisset,

210 1264 415 1309 cohortes
442 1282 493 1322 v,
514 1265 746 1326 praemissae
776 1281 801 1308 a
819 1265 1020 1309 Domitio
1043 1281 1096 1309 ex
1119 1264 1312 1326 oppidO,
1338 1276 1517 1326 pontem
1533 1266 1612 1311 ssu-

208 1346 338 1390 minis
358 1346 762 1407 interrumpebant,
784 1348 968 1407 quierat
989 1348 1043 1391 ab
1058 1347 1223 1409 oppido
1241 1347 1378 1393 millia
1400 1365 1609 1409 passuum

205 1427 380 1471 circiter
398 1444 465 1472 111.
492 1427 559 1471 Ibi
585 1444 684 1472 cum
707 1428 1068 1473 antecursoribus
1096 1429 1281 1473 Caesaris
1302 1429 1459 1491 proelio
1486 1446 1611 1474 com-

205 1509 362 1564 misso,
388 1507 591 1553 celeriter
615 1509 882 1565 Domitiani,
908 1527 931 1554 a
956 1519 1093 1570 ponte
1123 1508 1310 1571 repulsi,
1338 1527 1381 1554 se
1411 1511 1454 1554 in
1481 1512 1611 1572 Oppi-

206 1588 314 1633 dum
343 1600 619 1651 receperunt.
656 1592 824 1648 Caesar,
852 1589 1100 1653 legionibus
1129 1591 1366 1647 traductis,
1403 1591 1458 1636 ad
1485 1593 1612 1654 oppi-

204 1669 308 1715 dum
334 1672 557 1728 constitit,
581 1672 798 1733 juxtaque
821 1689 1000 1716 murum
1023 1682 1164 1717 castra
1191 1674 1353 1735 posuit.

269 1754 416 1797 XVII.
451 1755 516 1797 Re
539 1754 746 1815 cognita,
774 1753 1000 1798 Domitius
1037 1754 1092 1798 ad
1120 1755 1384 1816 Pompeium
1414 1756 1459 1799 in
1489 1758 1611 1817 Apu-

203 1833 308 1878 liam
343 1834 509 1894 peritos
544 1835 800 1895 regionum,
828 1851 990 1894 niagno
1016 1836 1246 1895 proposito
1274 1837 1481 1897 praemio,
1510 1854 1611 1881 cum

203 1913 362 1958 litteris
380 1915 538 1971 mittit,
560 1916 637 1976 qui
659 1924 813 1976 petant
838 1925 971 1975 atque
989 1926 1141 1971 orent,
1165 1925 1214 1959 ut
1236 1916 1317 1960 sibi
1344 1917 1578 1962 subveniat
1600 1936 1609 1962 :

203 2014 223 2036 α
251 1997 467 2041 Caesarem
493 1995 666 2040 duobus
694 1996 958 2041 exercitibus
985 2006 1027 2040 et
1057 1996 1260 2041 locorum
1297 1999 1516 2059 angustiis
1542 1999 1607 2043 fa-

204 2075 285 2121 cile
311 2076 546 2122 intercludi
575 2094 727 2138 posse,
753 2076 1069 2138 frumentoque
1095 2078 1339 2139 prohiberi.
1364 2079 1498 2137 Quod
1526 2080 1609 2124 nisi

203 2157 377 2213 fecerit,
404 2174 448 2202 se
469 2159 765 2220 cohortesque
787 2158 976 2221 amplius
992 2177 1104 2215 xxx,
1127 2176 1429 2222 magnumque
1456 2178 1610 2206 nume-

203 2256 303 2284 rum
342 2249 598 2285 senatorum
637 2250 771 2302 atque
798 2242 998 2302 equitum
1030 2258 1322 2287 romanorum
1356 2242 1400 2286 in
1436 2243 1610 2304 pericu-

204 2319 296 2365 lum
322 2337 414 2365 esse
442 2331 729 2366 venturum.»
755 2323 941 2367 Interim
962 2339 1066 2368 suos
1082 2324 1362 2382 cohortatus,
1388 2334 1609 2369 tormenta

202 2402 247 2446 in
268 2403 407 2449 muris
427 2402 645 2465 disponit,
663 2414 893 2466 certasque
916 2405 1078 2466 cuique
1105 2415 1254 2467 partes
1277 2405 1332 2450 ad
1359 2405 1608 2450 custodiam

203 2483 325 2528 urbis
349 2484 554 2529 attribuit
582 2501 590 2528 :
617 2483 831 2531 militibus
855 2488 899 2530 in
926 2489 1140 2531 concione
1166 2504 1296 2548 agros
1319 2503 1371 2531 cx
1399 2488 1488 2532 suis
1507 2504 1606 2548 pos-

203 2565 467 2610 sessionibus
508 2564 766 2627 pollicetur,
793 2577 1009 2629 quaterna
1052 2570 1093 2612 in
1129 2567 1327 2630 singulos
1353 2569 1531 2630 jugera,
1564 2578 1609 2612 et

203 2662 284 2706 pro
307 2657 402 2691 rata
426 2658 550 2708 parte
572 2649 908 2694 centurionibus
935 2650 1229 2711 evocatisque.
