1972 3356
393 216 465 258 248
624 217 662 249 C.
689 215 817 248 JULII
848 214 1063 248 CAESARIS
1093 213 1350 247 COMMENT.
1388 214 1534 248 LIBER

456 299 592 342 LVII.
621 295 755 352 Quod
782 305 1012 356 postquam
1043 295 1214 356 Scipio,
1236 296 1399 354 quique
1425 311 1523 338 cum
1550 310 1601 337 eo
1625 304 1770 349 erant,

393 384 711 436 cognoverunt,
736 391 872 435 quum
900 376 1107 419 commoti
1133 392 1183 418 ex
1211 373 1286 418 tali
1311 373 1589 418 incommodo
1611 383 1772 429 essent,

392 455 481 499 fere
508 471 585 516 per
606 454 650 498 id
680 465 851 516 tempus
878 457 939 499 M.
972 456 1213 516 Aquinium
1238 472 1334 498 cum
1365 457 1415 499 C.
1440 456 1621 498 Saserna
1647 452 1775 498 collo-

394 545 600 596 quentem
624 535 842 580 viderunt.
872 536 1018 596 Scipio
1044 536 1178 580 mittit
1201 535 1253 579 ad
1282 536 1521 596 Aquinium
1537 569 1548 591 ,
1575 532 1685 577 nihil
1707 543 1774 578 at-

395 617 553 673 tinere,
583 632 683 661 eum
713 634 812 661 cum
840 616 1096 661 adversariis
1126 615 1330 677 colloqui.
1355 617 1506 673 Quum
1529 613 1668 658 nihilo
1691 615 1775 658 mi·

392 713 473 741 nus
495 698 588 757 ejus
608 714 854 742 sermonem
876 698 1056 741 nuntius
1081 697 1137 740 ad
1160 713 1204 741 se
1229 696 1435 753 referret,
1458 715 1478 737 «
1497 694 1571 739 sed
1594 704 1775 750 restare,

392 787 441 821 ut
469 776 655 838 reliqua,
687 795 782 839 quae
807 777 937 822 vellet
955 812 966 832 ,
996 788 1242 839 perageret3
1271 798 1292 818 n
1321 778 1460 820 viator
1488 786 1696 836 praeterea
1724 776 1777 820 ab

390 857 502 901 Juba
526 857 581 901 ad
604 875 702 902 eum
727 868 792 902 est
816 859 996 914 missus,
1021 860 1097 919 qui
1123 857 1306 911 diceret,
1331 856 1537 901 audiente
1562 858 1744 900 Saserna
1767 873 1776 899 z

391 955 411 977 «
435 939 569 983 Vetat
591 948 633 982 te
656 955 731 982 rex
758 937 962 999 colloqui.
989 958 1009 980 υ
1033 939 1135 996 Quo
1161 938 1317 981 nuntio
1339 937 1596 998 perterritus
1622 935 1779 981 disces·

393 1018 473 1071 sit,
496 1028 539 1061 et
563 1017 679 1061 dicto
711 1017 891 1061 audiens
919 1017 998 1061 fuit
1035 1018 1139 1078 regi.
1169 1019 1262 1061 Usu
1294 1018 1459 1060 venisse
1491 1017 1576 1060 hoc
1606 1017 1690 1059 civi
1716 1032 1780 1059 ro-

392 1113 543 1152 mano,
569 1107 610 1141 et
636 1098 700 1154 ei,
728 1099 803 1158 qui
834 1115 857 1142 a
888 1096 1054 1158 populo
1090 1114 1274 1141 romano
1306 1097 1496 1140 honores
1526 1096 1779 1157 accepisset,

395 1176 607 1221 incolumi
637 1178 780 1239 patria
806 1178 1081 1237 fortunisque
1108 1178 1331 1230 omnibus,
1355 1179 1378 1220 J
1384 1176 1475 1220 ubae
1499 1176 1686 1220 barbaro
1709 1192 1781 1237 po-

396 1258 480 1300 tius
502 1257 778 1302 obedientem
801 1258 951 1314 fuisse,
970 1275 1101 1319 quam
1124 1268 1199 1302 aut
1223 1258 1437 1319 Scipionis
1462 1257 1781 1317 obtemperasse

391 1339 549 1381 nuntio
564 1373 574 1392 ,
590 1348 686 1393 aut,
711 1340 828 1382 caesis
852 1338 1044 1399 ejusdem
1065 1339 1200 1400 partis
1225 1338 1414 1394 civibus,
1436 1336 1698 1382 incolumem
1721 1353 1782 1381 re-

394 1419 503 1462 verti
533 1417 682 1463 malle!
710 1422 857 1480 Atque
878 1420 1008 1463 etiam
1035 1420 1266 1480 superbius
1295 1420 1416 1463 Jubae
1436 1417 1600 1462 factum
1624 1434 1711 1462 non
1736 1418 1780 1461 in

391 1500 453 1542 M.
486 1501 727 1560 Aquinium
744 1535 754 1554 ,
778 1500 1001 1544 hominem
1029 1517 1193 1543 novum
1218 1515 1490 1560 parvumque
1515 1508 1780 1553 senatorem,

393 1578 468 1622 sed
495 1580 539 1622 in
568 1580 840 1640 Scipionem,
870 1580 1092 1623 hominem
1123 1578 1196 1622 illa
1223 1578 1407 1635 familia,
1436 1578 1674 1640 dignitate,
1703 1578 1781 1621 ho-

393 1658 573 1703 noribus
593 1669 887 1719 praestantem.
913 1660 1026 1703 Nam
1052 1676 1188 1719 quum
1212 1659 1360 1720 Scipio
1384 1657 1534 1719 sagulo
1558 1675 1780 1720 purpureo

394 1749 494 1781 ante
513 1739 629 1799 regis
654 1739 891 1782 adventum
922 1740 985 1782 uti
1015 1738 1166 1782 solitus
1195 1749 1327 1793 esset,
1356 1738 1517 1781 dicitur
1544 1739 1657 1782 Juba
1681 1755 1780 1783 cum

393 1834 445 1861 eo
471 1819 631 1879 egisse,
659 1835 747 1862 non
781 1828 984 1878 oportere
1010 1817 1132 1862 illum
1161 1818 1313 1862 eodem
1345 1819 1407 1862 uti
1437 1819 1618 1875 vestitu,
1652 1829 1782 1880 atque

394 1898 485 1958 ipse
508 1908 721 1943 uteretur.
738 1901 891 1959 Itaque
918 1899 1079 1942 factum
1101 1908 1190 1955 est,
1213 1908 1262 1943 ut
1277 1899 1422 1959 Scipio
1437 1898 1493 1943 ad
1519 1898 1667 1943 album
1691 1916 1782 1944 sese

394 1979 599 2022 vestitum
622 1978 899 2033 transferret,
920 1989 960 2022 et
986 1979 1125 2035 Jubae,
1144 1979 1312 2022 homini
1337 1979 1645 2040 superbissimo
1671 1981 1782 2025 iner-

396 2059 673 2119 tissimoque,
701 2059 1035 2120 obtemperaret.

457 2141 618 2183 LVIII.
650 2141 832 2183 Postero
858 2139 928 2183 die
955 2141 1179 2184 universas
1210 2143 1409 2186 omnium
1437 2143 1584 2203 copias
1622 2142 1674 2187 de
1705 2160 1777 2187 ca-

395 2219 493 2263 stris
519 2220 724 2264 omnibus
744 2220 960 2277 educunt;
975 2230 1017 2264 et
1031 2221 1312 2282 supercilium
1326 2222 1547 2283 quoddam
1563 2223 1778 2268 excelsum

395 2300 536 2356 nacti,
566 2317 653 2344 non
688 2299 817 2362 longe
854 2318 878 2345 a
911 2303 1091 2346 Caesaris
1120 2304 1271 2347 castris
1310 2304 1444 2347 aciem
1484 2305 1778 2361 constituunt,

395 2388 526 2439 atque
547 2380 604 2423 ibi
619 2382 878 2425 consistunt.
909 2382 1053 2425 Caesar
1077 2383 1179 2427 item
1204 2383 1409 2444 producit
1435 2385 1606 2446 copias,
1631 2384 1778 2429 celeri-

395 2468 546 2531 terque
570 2461 620 2505 iis
643 2462 864 2506 instructis
891 2471 990 2506 ante
1016 2480 1114 2507 suas
1145 2465 1434 2521 munitiones,
1463 2481 1556 2525 quae
1581 2475 1705 2508 erant
1730 2466 1774 2508 in

396 2556 576 2601 campo,
600 2543 822 2599 constitit3
858 2543 947 2587 sine
975 2542 1109 2588 dubio
1135 2546 1405 2601 existimans,
1432 2544 1547 2589 ultro
1573 2545 1776 2589 adversa-

396 2620 507 2677 rios,
539 2639 676 2683 quum
703 2633 790 2668 tam
820 2624 988 2685 magnis
1019 2626 1153 2686 copiis
1192 2626 1451 2686 auxiliisque
1479 2627 1588 2686 regis
1630 2636 1772 2670 essent

1950 1293 1958 1364 ,νεμ-

1952 1542 1957 1564 -,
1951 1457 1958 1529 „⁴2³-
