1972 3356
432 243 505 279 232
666 245 705 278 C.
732 242 861 276 JULII
891 241 1116 275 CAESARIS
1147 242 1413 276 COMMENT.
1445 244 1591 278 LIBER

430 328 593 372 adoriri
619 325 844 369 auderent.
883 326 1094 368 Praeterea
1128 325 1264 381 ipsius
1302 341 1461 369 nomen
1498 329 1819 388 auctoritasque

431 423 592 468 magna
618 422 670 449 ex
703 414 827 466 parte
854 420 1006 448 eorum
1034 405 1248 448 exercitus
1283 405 1507 449 minuebat
1541 404 1768 450 audaciam
1808 425 1817 450 ε

430 497 524 531 tum
546 486 731 548 egregiae
755 486 1021 529 munitiones
1043 495 1288 529 castrorum
1303 520 1314 541 ,
1333 495 1375 528 et
1395 485 1495 529 valli
1515 485 1820 547 fossarumque

430 567 640 624 altitudo,
671 577 714 610 et
740 576 862 610 extra
890 565 1053 609 vallum
1082 565 1181 626 styli
1208 567 1329 621 caeci,
1359 564 1603 610 mirabilem
1639 568 1684 611 in
1729 584 1819 611 mo-

430 648 536 692 dum
561 648 747 703 consiti,
772 645 841 690 vel
866 647 958 690 sine
994 645 1319 691 defensionibus
1355 647 1523 691 aditum
1563 647 1822 692 adversariis

431 729 740 790 prohibebant.
769 727 1086 788 Scorpionum,
1115 726 1458 788 catapultarum,
1489 738 1824 790 ceterorumque

431 808 639 864 telorum,
666 825 762 869 quae
798 808 850 851 ad
888 806 1209 851 defendendum
1247 806 1387 852 solent
1416 810 1579 868 parari,
1619 825 1822 870 magnam

430 891 603 951 copiam
631 889 834 933 habebat.
872 890 1017 948 Atque
1046 889 1136 932 haec
1165 899 1348 949 propter
1375 890 1589 934 exercitus
1618 892 1682 934 sui
1713 906 1823 950 prae-

431 972 565 1014 sentis
592 971 855 1031 paucitatem
878 978 921 1012 et
942 968 1191 1011 tirocinium
1215 978 1558 1030 praeparaverat3
1593 986 1704 1027 non,
1741 971 1823 1014 ho·

431 1052 563 1094 stium
593 1051 632 1093 vi
666 1060 709 1093 et
736 1059 857 1093 metu
893 1058 1164 1102 commotus,
1197 1049 1434 1108 patientem
1461 1065 1506 1092 se
1534 1049 1825 1110 timidumque

430 1131 623 1173 hostium
648 1130 847 1190 opinioni
874 1128 1106 1189 praebebat.
1132 1129 1285 1188 Neque
1308 1128 1471 1172 idcirco
1494 1130 1660 1189 copias,
1690 1145 1828 1190 quan-

432 1227 564 1270 quam
587 1220 712 1254 erant
736 1226 882 1270 paucae
905 1211 1211 1269 tironumque,
1241 1226 1330 1253 non
1355 1209 1565 1253 educebat
1592 1211 1637 1254 in
1665 1211 1826 1266 aciem,

433 1291 553 1350 quod
583 1291 777 1334 victoriae
807 1307 987 1340 suorum
1013 1290 1257 1345 diffideret3
1289 1290 1364 1334 sed
1393 1289 1553 1334 referre
1581 1290 1826 1335 arbitraba-

435 1383 531 1425 tur,
561 1371 807 1433 cujusmodi
850 1371 1035 1415 victoria
1062 1381 1173 1416 esset
1212 1371 1356 1415 futura
1385 1388 1393 1414 :
1431 1380 1560 1432 turpe
1596 1372 1713 1415 enim
1748 1372 1828 1416 sibi

434 1454 731 1505 existimabat,
768 1463 833 1496 tot
860 1453 988 1496 rebus
1016 1455 1175 1513 gestis,
1203 1453 1420 1512 tantisque
1460 1453 1723 1497 exercitibus
1750 1453 1827 1496 de-

436 1535 585 1587 victis,
615 1544 680 1578 tot
708 1543 795 1577 tam
823 1533 949 1577 claris
984 1534 1177 1576 victoriis
1206 1534 1364 1592 partis,
1404 1532 1458 1576 ab
1485 1531 1662 1593 reliquis
1691 1534 1828 1594 copiis

437 1613 789 1657 adversariorum
817 1630 996 1657 suorum
1016 1648 1027 1667 ,
1058 1630 1109 1655 ex
1135 1613 1238 1673 fuga
1263 1611 1483 1667 collectis,
1523 1630 1566 1656 se
1603 1623 1829 1657 cruentam

435 1694 642 1754 adeptum
668 1694 906 1753 existimari
939 1694 1180 1736 victoriam.
1209 1695 1364 1753 Itaque
1395 1695 1703 1750 constituerat,
1734 1694 1829 1756 glo-

435 1777 543 1817 riam
571 1773 994 1833 exsultationemque
1020 1789 1171 1816 eorum
1200 1774 1310 1832 pati,
1336 1772 1475 1816 donec
1502 1774 1583 1817 sibi
1611 1784 1831 1819 veterana-

437 1871 533 1897 rum
563 1853 785 1915 legionum
816 1869 916 1914 pars
942 1851 1089 1912 aliqua
1115 1854 1157 1895 in
1187 1852 1379 1896 secundo
1405 1864 1653 1898 commeatu
1677 1871 1833 1900 occur-

438 1936 575 1978 risset.

504 2017 691 2059 XXXII.
729 2017 877 2075 Scipio
906 2016 1108 2071 interim,
1138 2014 1378 2076 paulisper,
1416 2027 1462 2060 ut
1504 2027 1605 2061 ante
1642 2018 1752 2073 dixi,
1788 2020 1832 2062 in

438 2114 487 2139 eo
514 2095 610 2140 loco
638 2105 955 2151 commoratus,
981 2106 1027 2139 ut
1051 2097 1175 2156 quasi
1199 2096 1444 2158 despexisse
1471 2099 1685 2143 Caesarem
1714 2099 1833 2142 vide-

440 2186 583 2230 retur,
620 2176 831 2237 paulatim
858 2176 1028 2220 reducit
1055 2193 1151 2220 suas
1176 2178 1322 2237 copias
1349 2179 1392 2221 in
1424 2188 1591 2235 castra,
1623 2189 1692 2234 et,
1729 2196 1833 2224 cou-

440 2258 564 2301 cione
591 2257 830 2314 advocata,
878 2258 930 2302 de
959 2267 1122 2301 terrore
1150 2275 1229 2302 suo
1259 2258 1648 2321 desperationeque
1673 2261 1836 2305 exerci-

442 2348 511 2381 tus
536 2340 720 2385 Caesaris
755 2339 886 2383 verba
924 2338 1045 2393 facit,
1077 2349 1117 2381 et
1154 2339 1408 2384 cohortatus
1449 2358 1569 2396 suos,
1604 2342 1833 2386 victoriam

443 2422 667 2479 propriam
702 2437 744 2463 se
773 2421 833 2463 eis
874 2420 997 2463 brevi
1026 2419 1232 2463 daturum
1261 2419 1506 2481 pollicetur.
1537 2424 1682 2466 Caesar
1706 2422 1834 2482 jubet

444 2499 603 2544 milites
633 2518 783 2545 rursus
810 2501 864 2544 ad
894 2517 1002 2562 opus
1030 2501 1192 2557 redire,
1225 2512 1267 2545 et
1298 2519 1376 2563 per
1410 2519 1587 2547 causam
1621 2504 1831 2547 munitio-

444 2597 549 2623 num
574 2581 737 2625 tirones
773 2583 815 2625 in
847 2581 995 2626 labore
1024 2581 1262 2643 defatigare
1298 2600 1386 2627 non
1412 2584 1673 2628 intermittit.
1714 2584 1833 2626 Inte-

444 2662 525 2702 rim
574 2662 776 2705 Numidae
825 2661 1072 2722 Gaetulique
1108 2661 1320 2725 diffugere
1358 2664 1555 2725 quotidie
1591 2681 1642 2708 ex
1680 2663 1836 2708 castris
