1972 3356
627 233 693 268 DE
722 233 881 268 BELLo
912 232 1063 269 civim
1468 231 1542 282 309

141 312 248 358 juxta
269 312 463 357 Vossfflm,
485 312 659 347 cohortes
681 325 761 360 quae
789 312 930 347 colonis
950 318 984 347 et
1013 310 1129 347 servis
1157 310 1394 346 constabant.
1420 311 1543 347 Cella-

144 375 202 410 rio
223 382 345 410 autem
365 374 492 422 potius
513 374 790 410 assentiendum
817 374 976 408 videtur.

195 447 279 481 Cn.
308 446 394 481 XX.
435 446 531 490 Quoe
563 445 775 479 Ver-nacula
808 442 1091 491 appellabatur.
1122 442 1166 477 Id
1200 450 1274 487 est,
1313 451 1489 482 constans
1523 459 1543 481 e

142 508 290 550 vernis,
312 506 476 551 libertis,
503 505 661 552 aliisque
688 503 884 540 similibus.

195 578 280 612 CAP.
307 578 431 613 XXII.
458 578 549 625 Ipse
573 576 627 610 ad
648 575 783 610 Urbem
802 574 1062 622 proficiscitur.
1084 574 1319 610 Dictaturam
1343 575 1397 611 ibi
1424 577 1542 612 susei-

139 638 269 685 piendi
297 638 437 686 gratia,
464 649 584 684 nuper
613 637 645 671 ei
672 636 872 672 decretam.

195 711 280 745 CAP.
310 710 450 745 XXIV.
477 709 542 744 Ad
565 716 691 743 castra
715 707 957 755 exploranda
984 707 1170 742 Cornelia.
1186 707 1272 751 Quo
1292 707 1448 743 nornine
1471 721 1539 756 ap-

139 772 352 820 pellabatur
383 773 505 815 locus,
531 771 599 806 ubi
625 770 715 805 olim
748 770 868 817 posita
904 769 1053 805 fuerant
1085 770 1122 803 P.
1151 769 1319 804 Cornelii
1351 769 1540 816 Scipionis

140 833 307 869 Africani
330 840 468 877 castra,
489 845 625 880 nempe
640 833 739 867 inter
758 831 917 867 fluvium
938 830 1148 879 Bagradam
1175 838 1211 866 et
1232 831 1381 867 Uticam
1395 832 1538 869 urbem.

190 905 276 940 CM».
305 905 486 940 XXVIII.
510 903 634 951 Supra
653 905 949 939 demonstratum
971 911 1036 938 cst.
1063 901 1159 937 Vide
1186 901 1251 937 lib.
1282 916 1318 948 1,
1339 915 1419 951 cap.
1443 903 1502 938 23.

190 974 275 1010 CAP.
301 975 465 1010 XXXII.
493 974 597 1009 Duos
622 982 819 1022 superatos
839 975 961 1010 duces,
987 972 1174 1009 Petreium
1200 972 1339 1007 scilicet
1367 979 1401 1008 et
1427 973 1537 1008 Afra-

137 1037 252 1072 nium.
273 1058 325 1063 —
344 1038 452 1072 Duas
476 1045 644 1085 receptas
659 1037 883 1084 provincias.
905 1037 1048 1083 Nempe
1069 1034 1289 1070 Citeriorem
1315 1042 1350 1069 et
1368 1035 1539 1071 Ulterio-

136 1111 215 1134 rem
237 1099 472 1146 Hispaniam.

188 1170 272 1205 CAP.
300 1170 462 1206 XXXV.
499 1171 756 1205 Buccc'natore.
781 1170 1069 1205 Buccinatorem
1093 1181 1178 1203 cum
1205 1167 1335 1214 paucis
1357 1168 1537 1204 taberna—

137 1232 228 1267 culis
254 1233 374 1267 Varus
413 1231 452 1267 in
481 1232 610 1268 castris
636 1232 807 1279 reliquit,
834 1238 872 1266 ut
896 1232 965 1266 hac
991 1231 1114 1278 specie
1145 1237 1262 1265 castra
1299 1229 1420 1265 adhuc
1459 1243 1537 1266 esse

136 1301 314 1342 occupata
338 1292 568 1342 significaret
589 1308 596 1328 :
624 1301 702 1330 erat
722 1293 822 1329 enim
849 1292 1095 1338 buccinator,
1123 1292 1226 1338 cujus
1251 1298 1360 1326 cantu
1387 1292 1537 1340 vigilia-

136 1369 217 1392 rum
240 1363 409 1404 tempora
433 1356 720 1405 designarentur
747 1356 786 1391 in
813 1356 953 1392 castris.

620 1476 679 1510 IN
712 1476 940 1510 LIBRUM
971 1476 1048 1510 111.

187 1588 271 1623 CAP.
297 1590 324 1623 Ι.
351 1590 392 1623 Ρ.
422 1588 605 1623 Servilius:
632 1588 777 1634 Nempe
803 1588 1011 1631 Isauricus,
1041 1594 1080 1621 ut.
1104 1595 1205 1633 patet
1233 1600 1276 1623 ex
1294 1590 1416 1636 App,
1438 1590 1533 1624 Bell.

136 1650 207 1684 siv.
222 1677 231 1691 ‚
250 1651 316 1686 lib.
347 1663 379 1685 11
397 1679 406 1696 ,
427 1649 491 1697 qui
512 1649 564 1684 SIC
582 1649 696 1684 habet
721 1656 887 1692 ἰῦπσίτους
905 1655 1066 1697 ἀπέφηνεν
1088 1657 1199 1688 ἑαυτόν
1224 1669 1258 1687 τε
1287 1656 1342 1688 καὶ
1361 1658 1534 1700 Σεριυίλιον

130 1711 306 1762 Ῐσαυρικόν.

185 1775 229 1807 Is
246 1781 330 1809 erat
347 1786 481 1809 amum.
503 1773 679 1809 Decimus
701 1773 842 1808 scilicet
856 1773 903 1807 ab
930 1773 1045 1820 ipsius
1065 1773 1189 1820 primo
1213 1775 1419 1808 consulatu.
1446 1776 1532 1810 Ple—

132 1835 273 1871 biscitis
305 1836 405 1872 enim
426 1843 572 1871 cautum
602 1836 741 1879 fuerat,
768 1842 860 1871 teste
883 1835 1017 1879 Livio,
1038 1848 1085 1870 ne
1110 1836 1191 1884 quis
1218 1835 1391 1871 eumdem
1417 1837 1534 1884 magi—

130 1904 284 1933 stratum
306 1899 403 1933 intra
431 1898 561 1933 decem
589 1910 709 1934 annos
733 1905 893 1945 caperet.

187 1961 233 1995 Ut
250 1961 381 1995 arbitri
403 1961 592 1995 darentur.
610 1960 725 2005 Quod
747 1960 899 2008 quidem
928 1959 1121 2004 conferas,
1148 1960 1179 1995 si
1204 1962 1314 2006 velis,
1342 1962 1440 2009 apud
1457 1964 1533 1997 Ap-

127 2035 251 2067 MAN„
275 2023 372 2058 Bell.
397 2023 497 2066 Cina,
519 2022 585 2058 lib.
617 2036 672 2067 11,
692 2030 727 2058 et
751 2024 887 2067 SUET„
917 2022 1031 2067 Coes.,
1060 2028 1120 2066 42.

180 2094 265 2129 CAP.
288 2094 337 2128 II.
363 2093 486 2128 Feriis
501 2094 638 2129 latinis.
661 2093 729 2128 His
755 2093 856 2129 enim
879 2094 1052 2129 consules
1075 2094 1179 2142 prius
1194 2094 1364 2130 assistere
1379 2095 1530 2130 solitum

127 2162 224 2199 erat,
247 2167 359 2203 quam
378 2154 417 2190 in
440 2155 655 2202 provincias
673 2154 1018 2204 proficiscerentur.

180 2226 265 2261 Cn.
288 2227 352 2261 IV.
391 2226 496 2272 Quas
520 2227 701 2261 Lentulus
715 2229 856 2262 consul.
879 2228 1020 2263 Consul
1045 2226 1137 2262 anni
1163 2227 1390 2275 superiori5‚
1417 2228 1463 2264 U.
1488 2228 1529 2263 C.

129 2286 202 2331 705
216 2315 226 2331 ‚
253 2294 293 2322 ut
313 2294 416 2334 patet
441 2300 487 2323 ex
506 2287 652 2333 Dione,
679 2288 745 2324 lib.
762 2302 838 2326 xm.

181 2349 419 2385 Antonianos
439 2349 587 2385 milite&
611 2351 668 2386 Dc
683 2350 723 2386 C.
749 2351 921 2387 Antonio
942 2351 1002 2387 hic
1027 2352 1172 2399 agitur,
1197 2353 1249 2387 Μ.
1279 2350 1436 2387 Antonii
1457 2352 1530 2387 fra-

125 2420 200 2457 tre,
237 2411 342 2458 cujus
371 2411 511 2447 milites
544 2412 587 2447 T.
618 2412 809 2448 Pulcionis
833 2425 948 2461 opera
981 2413 1126 2462 proditi
1153 2414 1193 2449 in
1219 2414 1392 2462 Pompeii
1419 2421 1528 2462 pote-

124 2481 257 2510 statem
272 2480 478 2518 venerant,
492 2473 687 2521 ipsiusque
709 2474 827 2523 copiis
852 2475 999 2512 fuerant
1019 2476 1189 2512 admixti.
1210 2476 1309 2513 Vide
1335 2477 1502 2513 Sun'rou.
1520 2505 1530 2522 ,

125 2536 245 2579 Caesa,
273 2548 318 2570 ιο
346 2543 382 2570 et
408 2548 468 2581 77.

185 2598 461 2633 Tarcondarius
475 2597 617 2635 Castor.
645 2599 816 2646 Dejotari
842 2612 978 2648 gener,
994 2608 1027 2636 et
1050 2614 1069 2636 a
1084 2601 1273 2637 Strabone
1292 2600 1423 2636 Castor
1432 2600 1528 2637 Sao—

122 2660 319 2695 condarius
348 2660 569 2708 appellatus.
