1972 3356
391 249 463 285 286
627 251 666 283 C.
694 247 823 282 JULII
851 245 1074 281 CAESARIS
1101 245 1363 281 COMMENT.
1394 247 1541 282 LIBER

390 335 519 396 sugit,
551 342 590 376 et
620 332 859 387 nuntiavit,
889 347 977 391 quo
1015 330 1083 373 die
1119 339 1317 390 equestre
1354 328 1555 391 proelium
1600 329 1761 374 factum

390 425 522 470 esset,
561 430 639 457 suo
683 413 807 474 signo
846 412 1004 472 perisse
1043 411 1239 455 homines
1276 426 1422 464 XXXV,
1463 426 1602 470 neque
1634 408 1764 453 licere

388 495 539 540 castris
565 496 647 539 Cn.
675 493 870 554 Pompeii
896 493 1112 548 nuntiari,
1133 508 1272 552 neque
1298 490 1405 546 dici,
1435 491 1594 551 perisse
1618 507 1764 551 quem-

389 593 532 637 quam.
571 577 756 632 Servus,
797 574 920 634 cujus
955 573 1156 617 dominus
1195 572 1238 615 in
1275 572 1454 617 Caesaris
1486 571 1636 615 castris
1666 570 1766 615 fuis-

389 667 469 713 set,
489 672 757 717 uxoremque
779 665 820 699 et
844 653 982 698 filium
1007 653 1050 697 in
1075 651 1237 714 oppido
1264 651 1516 712 reliquerat,
1542 651 1766 694 dominum

387 737 627 801 jugulavit,
666 747 709 781 et
737 737 795 780 ita
836 734 947 780 clam
980 751 1004 778 a
1040 734 1220 779 Caesaris
1254 731 1464 793 praesidiis
1499 733 1542 776 in
1571 732 1767 792 Pompeii

390 830 529 865 castra
573 819 798 873 discessit,
842 827 885 861 et
926 815 1135 860 indicium
1183 814 1341 876 glande
1380 814 1591 875 scriptum
1625 814 1769 868 misit,

390 917 468 961 per
501 899 618 961 quod
646 900 805 944 certior
843 898 966 941 fieret
1000 899 1164 953 Caesar,
1197 913 1292 956 quae
1329 897 1373 939 in
1415 895 1577 957 oppido
1615 894 1669 938 ad
1697 894 1769 938 de-

390 980 655 1024 fendendum
681 986 1053 1039 compararentur.
1080 979 1147 1019 Ita
1168 1011 1179 1032 ,
1214 975 1366 1020 litteris
1395 976 1581 1036 acceptis
1598 1011 1609 1029 ,
1634 991 1769 1035 quum

392 1063 436 1106 in
470 1060 681 1122 oppidum
720 1059 1020 1113 revertissent,
1065 1057 1139 1117 qui
1177 1057 1350 1100 mittere
1387 1055 1589 1117 glandem
1620 1056 1771 1099 inscri-

392 1152 509 1204 ptam
550 1139 773 1194 solebant,
803 1138 1045 1199 insequenti
1088 1146 1283 1197 tempore
1323 1135 1410 1180 duo
1451 1136 1651 1180 Lusitani
1686 1135 1772 1179 fra-

391 1233 478 1267 tres
505 1221 739 1281 transfugae
764 1219 1048 1274 nuntiarunt,
1081 1234 1212 1278 quam
1250 1217 1480 1278 Pompeius
1517 1217 1773 1260 concionem

393 1303 643 1358 habuisset,
682 1300 929 1361 «quoniam
961 1298 1125 1360 oppido
1164 1297 1358 1342 subsidio
1388 1314 1475 1341 non
1516 1307 1658 1358 posset
1701 1312 1774 1340 ve·

394 1384 514 1439 nire,
543 1391 677 1426 noctu
710 1398 763 1425 ex
785 1379 1134 1424 adversariorum
1167 1388 1403 1439 conspectu
1438 1394 1481 1421 se
1509 1376 1775 1421 deducerent

393 1464 447 1508 ad
477 1480 597 1507 mare
623 1478 820 1506 versum:
846 1481 866 1502 »
891 1477 1027 1505 unum
1056 1459 1391 1520 respondisse,«
1412 1468 1459 1502 ut
1483 1457 1627 1519 potius
1642 1456 1695 1501 ad
1711 1456 1776 1500 di-

394 1544 645 1589 micandum
682 1542 1012 1597 descenderent,
1050 1557 1181 1601 quain
1218 1541 1390 1601 signum
1433 1539 1544 1600 fugae
1580 1537 1777 1582 ostende-

395 1634 493 1668 rent
519 1641 528 1667 :
559 1643 579 1664 »
605 1640 727 1679 eum,
755 1623 830 1682 qui
859 1623 920 1666 ita
951 1621 1123 1665 locutus
1153 1629 1286 1675 esset,
1318 1617 1582 1680 jugulatum.
1612 1618 1776 1662 Eodem

394 1713 590 1764 tempore
617 1701 829 1746 tabellarii
855 1702 947 1762 ejus
970 1700 1247 1761 deprehensi,
1272 1700 1346 1759 qui
1388 1698 1442 1742 ad
1467 1698 1678 1759 oppidum
1704 1715 1776 1742 ve-

396 1783 597 1835 niebant,
622 1799 807 1842 quorum
840 1781 1003 1825 litteras
1042 1782 1184 1825 Caesar
1221 1779 1451 1840 oppidanis
1490 1778 1675 1839 objecit,
1716 1788 1778 1835 et,

395 1864 469 1924 qui
496 1863 629 1907 vitam
655 1862 735 1906 sibi
762 1871 954 1922 peteret,
982 1861 1108 1922 jussit
1130 1870 1295 1904 turrem
1324 1858 1513 1921 ligneam
1534 1858 1778 1920 oppidano-

397 1960 493 1987 rum
516 1942 748 1987 incendere
771 1959 779 1986 :
803 1941 843 1986 id
869 1943 902 1985 si
926 1941 1120 1997 fecisset,
1146 1941 1184 1984 ci
1210 1957 1253 1983 se
1281 1940 1483 2001 promisit
1509 1940 1655 1983 omnia
1675 1955 1780 1982 con-

397 2041 634 2069 cessurum.
663 2023 797 2080 Quod
824 2021 1001 2066 difficile
1025 2031 1114 2065 crat
1140 2020 1254 2065 factu
1271 2057 1281 2075 ,
1304 2030 1350 2065 ut
1376 2037 1470 2064 eam
1498 2030 1662 2064 turrem
1689 2020 1779 2064 sine

399 2104 594 2167 periculo
620 2105 716 2165 quis
744 2103 1009 2148 incenderet.
1036 2104 1099 2146 Ita
1127 2102 1321 2146 facturus
1362 2101 1414 2145 de
1459 2100 1578 2163 ligno
1597 2136 1608 2157 ,
1641 2117 1779 2161 quum

401 2186 581 2247 propius
596 2185 866 2240 accessisset,
881 2185 935 2228 ab
955 2181 1185 2244 oppidanis
1203 2192 1267 2226 est
1280 2180 1633 2226 occisus.Eadem
1654 2189 1781 2224 nocte

401 2265 625 2327 transfuga
650 2266 898 2321 nuntiavit,
921 2264 1180 2324 Pompeium
1208 2272 1251 2306 et
1276 2262 1517 2306 Labienum
1540 2260 1593 2305 de
1609 2259 1782 2322 jugula-

403 2347 519 2390 tione
543 2346 864 2407 oppidanorum
889 2345 1137 2406 indignatos
1158 2360 1263 2387 esse.

466 2429 587 2472 XIX.
619 2425 780 2488 Vigilia
803 2425 990 2470 secunda
1014 2434 1190 2485 propter
1232 2422 1554 2468 multitudinem
1594 2421 1780 2466 telorum

402 2508 536 2551 turris
563 2506 726 2568 lignea,
750 2523 845 2567 quae
870 2515 1013 2550 nostra
1043 2505 1213 2561 fuisset,
1239 2504 1293 2548 ab
1337 2505 1424 2548 imo
1466 2504 1620 2547 vitium
1654 2502 1779 2555 fecit,

405 2604 540 2648 usque
572 2587 626 2631 ad
652 2587 897 2631 tabulatum
929 2585 1170 2631 secundum
1198 2595 1240 2629 et
1267 2586 1455 2629 tertium.
1483 2584 1647 2629 Eodem
1677 2593 1782 2626 tem·

405 2684 511 2728 porc
538 2684 617 2728 pro
640 2685 767 2712 muro
793 2677 1036 2729 pugnatum
1058 2667 1294 2721 acerrime,
1316 2676 1356 2710 et
1384 2666 1540 2710 turrim
1561 2672 1753 2707 nostram
1769 2695 1781 2718 ,
