1972 3356
561 234 626 269 DE
656 235 818 272 BELLO
848 236 1180 274 HISPANIENSI.
1480 251 1549 286 2533·

171 317 312 362 verbis
336 319 539 362 nuntium
566 319 725 376 mittit,
754 338 776 360 «
802 336 939 380 quum
967 322 1111 365 minus
1136 319 1246 365 belle
1272 321 1478 379 haberet,
1505 334 1552 367 ut

171 399 393 454 mitterent
434 398 658 454 lecticam,
699 417 784 461 qua
820 401 863 444 in
900 401 1113 462 oppidum
1151 401 1311 446 deferri
1351 404 1500 464 possit.
1532 425 1551 444 >n

170 481 346 524 Litteris
365 481 528 536 missis,
545 480 778 541 Pompeius
795 482 1019 525 Carteiam
1037 481 1247 526 defertur.
1266 483 1357 540 Qui
1376 483 1551 529 illarum

170 561 362 620 partium
391 560 580 605 fautores
604 570 745 605 essent
761 562 1055 617 ,conveniunt
1073 562 1118 605 in
1141 561 1340 620 domum,
1358 581 1445 625 quo
1459 576 1552 609 erat

170 639 339 685 delatus
371 642 471 703 (qui
497 641 695 686 arbitrati
722 651 825 684 sunt
862 639 1113 686 clanculum
1151 644 1370 705 venisse),
1409 656 1457 690 ut
1499 648 1551 690 ab

171 738 247 779 eo,
274 739 369 784 quae
398 722 550 778 vellet,
583 722 636 766 de
663 720 779 766 bello
813 723 1101 782 requirerent.
1127 724 1278 781 Quum
1306 724 1552 787 frequentia

171 804 470 860 convenisset,
495 803 548 846 de
584 802 735 847 lectica
771 804 1006 864 Pompeius
1028 821 1181 849 eorum
1217 805 1262 850 in
1290 805 1420 851 fidem
1448 824 1553 852 con-

167 883 292 944 fugit.

232 965 446 1008 XXXIII.
473 966 638 1019 Caesar,
663 982 714 1010 ex
737 965 891 1027 proelio
912 966 1084 1010 Munda
1110 968 1354 1013 munitione
1374 970 1554 1013 circum·

169 1044 292 1098 data,
308 1044 563 1089 Cordubam
586 1046 722 1089 venit.
738 1046 828 1103 Qui
849 1062 901 1090 ex
925 1046 1040 1092 caede
1064 1064 1115 1091 eo
1134 1048 1227 1092 refu
1237 1059 1410 1111 gerant,
1439 1067 1551 1111 pon-

169 1135 257 1169 tem
290 1135 628 1186 occupaverunt.
663 1127 816 1183 Quum
844 1143 896 1171 eo
920 1138 1031 1171 esset
1072 1138 1274 1184 ventum,
1317 1131 1551 1175 conviciari

166 1216 419 1267 coeperunt,
439 1225 460 1247 α
477 1223 556 1251 nos
580 1223 633 1251 ex
654 1206 808 1268 proelio
832 1224 994 1269 paucos
1010 1225 1232 1270 superesse
1258 1228 1267 1254 :
1288 1227 1375 1271 quo
1404 1211 1554 1255 confu-

167 1287 429 1348 geremus?»
456 1290 524 1332 Ita
556 1304 752 1349 pugnare
780 1299 1007 1350 coeperunt
1046 1289 1098 1334 de
1124 1300 1271 1351 ponte.
1303 1293 1446 1336 Caesar
1473 1292 1553 1337 flu-

166 1384 267 1411 men
292 1369 539 1429 transjecit,
565 1378 608 1412 et
630 1379 768 1414 castra
795 1370 953 1430 posuit.
985 1370 1192 1432 Scapula,
1220 1373 1353 1417 totius
1379 1373 1553 1417 seditio-

165 1449 233 1492 nis
261 1448 436 1493 familiae
455 1459 497 1493 et
520 1448 827 1494 libertinorum
857 1461 1009 1512 caput,
1034 1468 1087 1496 ex
1115 1452 1270 1514 proelio
1296 1453 1552 1499 Cordubam

166 1546 303 1589 quum
327 1530 537 1585 venisset,
566 1529 775 1575 familiam
805 1540 846 1575 et
881 1531 1058 1577 libertos
1089 1536 1370 1589 convocavit,
1398 1552 1552 1596 pyram

166 1609 248 1653 sibi
277 1611 514 1665 exstruxit,
539 1626 706 1654 coenam
730 1610 879 1655 afferri
907 1629 1041 1672 quam
1069 1614 1261 1674 opimam
1291 1616 1521 1675 imperavit
1542 1651 1553 1669 ,

165 1691 271 1734 item
293 1691 470 1751 optimis
491 1690 821 1735 instet-nendum
847 1693 1140 1737 vestimentis:
1167 1696 1400 1755 pecuniam
1425 1706 1467 1741 et
1487 1713 1556 1740 ar-

166 1780 345 1831 gentum
383 1771 426 1813 in
462 1771 691 1831 praesentia
717 1770 889 1814 familiae
928 1772 1121 1816 donavit.
1150 1775 1250 1834 Ipse
1276 1775 1330 1818 de
1357 1786 1554 1837 tempore

164 1852 371 1907 coenavit,
396 1851 581 1894 resinam
606 1860 646 1894 et
671 1850 861 1895 nardum
886 1851 1123 1897 identidem
1150 1854 1231 1898 sibi
1252 1855 1458 1900 infundit.
1486 1859 1551 1902 Ita

164 1931 405 1975 novissimo
435 1940 629 1992 tempore
651 1947 826 1975 servum
843 1932 971 1992 jussit
996 1942 1037 1977 et
1063 1932 1290 1992 libertum,
1309 1936 1552 1997 quifuisset

165 2013 258 2074 ejus
280 2012 572 2065 concubinus,
591 2010 775 2056 alterum
802 2028 846 2056 se
860 2012 1084 2074 jugulare,
1111 2013 1297 2060 alterum
1316 2034 1468 2079 pyram
1489 2020 1555 2062 iu·

163 2092 360 2138 cendere.

227 2176 438 2219 XXXIV.
467 2174 690 2236 Oppidani
714 2186 882 2233 autem,
908 2176 1037 2220 simul
1058 2178 1204 2222 Caesar
1230 2190 1372 2223 castra
1395 2189 1548 2224 contra

164 2255 380 2317 oppidum
404 2257 571 2317 posuit,
599 2255 850 2301 discordare
876 2268 1106 2319 coeperunt
1130 2275 1268 2320 usque
1293 2277 1370 2316 eo,
1400 2271 1446 2304 ut
1469 2259 1556 2305 cla-

164 2337 327 2381 morin
365 2346 506 2382 castra
540 2347 690 2381 nostra
718 2339 963 2398 perveniret
994 2337 1105 2396 fere,
1143 2340 1256 2384 inter
1280 2342 1552 2386 Caesarianos

165 2427 209 2463 et
234 2419 348 2462 inter
374 2418 680 2479 Pompeianos.
703 2421 844 2463 Erant
866 2418 938 2464 bic
963 2419 1154 2482 legiones
1172 2456 1183 2477 ,
1209 2438 1304 2482 quae
1327 2438 1381 2466 ex
1409 2422 1554 2483 perfu-

166 2501 232 2561 gis
259 2500 517 2560 conscriptae
535 2534 546 2555 ‚
572 2500 731 2560 partim
758 2500 1082 2562 oppidanorum
1108 2503 1220 2546 servi
1238 2538 1249 2560 ,
1277 2504 1352 2563 qui
1380 2513 1506 2547 erant
1530 2522 1553 2548 a

167 2582 298 2625 Sexto
312 2581 523 2642 Pompeio
544 2582 820 2637 manumissi,
838 2590 942 2626 tunc
966 2583 1008 2626 in
1026 2584 1208 2627 Caesaris
1226 2583 1468 2628 adventum
1485 2583 1555 2628 de-

169 2661 373 2706 scendere
388 2671 629 2723 coeperunt.
653 2662 787 2723 Legio
811 2679 896 2707 x111
915 2664 1129 2724 oppidum
1144 2664 1376 2709 defendere
1391 2666 1521 2728 coepit
1545 2683 1552 2708 :
