1972 3356
449 238 521 281 234
685 240 722 274 C.
749 239 877 274 JULII
905 238 1121 275 CAESARIS
1153 241 1415 277 COMMENT.
1447 244 1593 279 LIBER

445 322 698 377 stravimus,
733 323 964 366 Cercinam
991 324 1204 384 pervenit.
1234 325 1372 386 Cujus
1399 324 1588 369 adventu
1620 328 1668 370 C.
1696 329 1825 372 Deci-

445 403 579 458 mius,
604 404 884 462 quaestorius,
908 404 982 463 qui
1009 403 1067 447 ibi
1097 421 1196 448 cum
1225 404 1379 466 grandi
1406 405 1579 449 familiae
1607 422 1692 450 suae
1721 424 1826 467 prae-

444 480 556 525 sidio
592 492 777 544 praeerat
824 486 1114 541 commeatui,
1147 484 1380 546 parvulum
1408 487 1632 548 navigium
1674 498 1824 533 nactus

443 563 719 621 conscendit,
749 580 798 608 ac
836 582 880 609 se
905 565 1016 627 fugae
1056 566 1344 611 commendat.
1386 565 1614 611 Sallustius
1648 568 1822 613 interim

444 656 630 707 praetor,
671 665 694 692 a
725 649 1031 693 Cercinatibus
1065 659 1286 710 receptus,
1321 666 1480 712 magno
1519 666 1701 694 numero
1734 650 1825 696 fru-

442 728 576 772 menti
598 729 798 782 invento,
827 746 959 774 naves
980 731 1223 787 onerarias,
1245 747 1431 791 quarum
1458 731 1517 774 ibi
1543 731 1644 774 satis
1666 747 1824 793 magna

440 809 566 869 copia
588 809 694 867 fuit,
723 809 936 872 complet,
963 820 1093 871 atque
1120 811 1163 855 in
1189 821 1329 856 castra
1351 811 1406 855 ad
1433 813 1647 856 Caesarem
1675 812 1820 856 mittit.

440 888 822 935 Allienusinterim
852 891 1087 951 proconsul
1110 909 1133 936 e
1160 891 1353 953 Lilybaeo
1376 893 1420 936 in
1450 909 1581 936 naves
1602 894 1822 937 onerarias

440 969 626 1031 imponit
657 970 847 1033 legiones
886 988 971 1016 xm
1008 983 1050 1016 et
1081 989 1179 1029 xiV,
1207 983 1249 1016 et
1280 974 1446 1033 equites
1484 972 1636 1018 Gallos
1679 990 1822 1029 DCCC,

441 1051 715 1096 funditorum
747 1053 1159 1114 sagittariorumque
1188 1052 1325 1109 mille,
1350 1070 1400 1097 ac
1429 1053 1668 1098 secundum
1702 1071 1821 1098 com-

439 1142 629 1176 meatum
672 1134 716 1176 in
757 1133 949 1177 Africam
988 1134 1123 1178 mittit
1159 1133 1214 1177 ad
1257 1136 1470 1178 Caesarem
1498 1151 1506 1177 :
1535 1151 1630 1195 quae
1668 1151 1821 1191 naves,

438 1221 614 1256 ventum
639 1213 879 1257 secundum
900 1224 1057 1270 nactae,
1085 1224 1242 1275 quarto
1263 1214 1333 1259 die
1353 1215 1398 1259 in
1422 1224 1600 1276 portum
1625 1213 1678 1259 ad
1703 1217 1819 1259 Rus-

437 1294 608 1353 pinam,
635 1294 709 1338 ubi
734 1297 880 1339 Caesai·
913 1305 1051 1340 castra
1080 1296 1315 1353 habuerat,
1347 1295 1587 1340 incolumes
1615 1312 1821 1356 pervene-

437 1385 554 1419 runt.
579 1377 645 1420 Ita
668 1378 834 1431 Caesar,
850 1376 1016 1438 duplici
1042 1376 1191 1421 laetiiia
1204 1394 1253 1422 ac
1272 1376 1495 1439 voluptate
1511 1394 1598 1421 uno
1624 1387 1821 1438 tempore

437 1466 611 1512 auctus,
644 1457 868 1502 frumento
907 1458 1195 1519 auxiliisque,
1234 1457 1411 1503 taudem
1448 1459 1536 1503 suis
1570 1456 1820 1502 exhilaratis

435 1554 698 1599 annonaque
721 1538 886 1592 levata,
902 1538 1244 1583 sollicitudinem
1265 1539 1467 1600 deponit,
1489 1538 1682 1600 legiones
1699 1539 1819 1599 equi-

435 1627 586 1678 tesque
605 1636 655 1662 ex
676 1619 858 1663 navibus
886 1635 1107 1680 egressos,
1127 1620 1252 1680 jubet
1267 1636 1320 1663 ex
1345 1618 1555 1680 languore
1571 1635 1818 1679 nauseaque

435 1698 610 1742 reficere
627 1717 637 1755 3
656 1698 855 1744 dimissos
880 1700 921 1743 in
950 1699 1151 1756 castella,
1176 1700 1530 1760 munitionesque
1546 1699 1751 1760 disponit.

499 1781 683 1823 XXXV.
713 1781 886 1836 Quibus
918 1781 1048 1824 rebus
1082 1781 1255 1842 Scipio,
1284 1781 1449 1840 quique
1477 1797 1575 1824 cum
1606 1798 1658 1825 eo
1693 1792 1818 1826 erant

435 1860 644 1916 comites,
684 1862 833 1904 mirari
873 1870 913 1904 et
948 1861 1204 1922 requirere:
1236 1864 1285 1906 C.
1311 1863 1549 1918 Caesarem,
1587 1864 1662 1923 qui
1703 1861 1818 1906 ultro

431 1951 680 1985 consuesset
714 1941 874 1986 bellum
912 1941 1073 1986 inferre
1119 1959 1168 1987 ac
1210 1942 1418 1987 lacessere
1453 1941 1635 2004 proeli0‚
1672 1943 1817 1987 subito

430 2032 751 2066 commutatum
790 2041 878 2066 uon
911 2024 1002 2067 sine
1048 2040 1207 2085 magno
1248 2022 1432 2068 consilio
1468 2023 1814 2085 suspicabantur.

430 2103 584 2162 Itaque
607 2120 657 2147 ex
682 2104 775 2164 ejus
801 2105 1010 2165 patientia
1051 2104 1093 2148 in
1118 2121 1330 2165 inagnum
1366 2105 1568 2148 timorem
1604 2104 1816 2164 conjecti,

432 2201 483 2227 ex
512 2185 694 2229 Gaetulis
721 2186 851 2241 duos,
882 2203 991 2246 quos
1013 2186 1342 2230 arbitrabantur
1371 2187 1459 2230 suis
1486 2186 1615 2229 rebus
1646 2185 1816 2230 amicis·

430 2266 584 2320 simos,
620 2268 790 2328 mugnis
827 2268 1016 2329 praemiis
1044 2266 1522 2328 pollicitationibusque
1554 2267 1815 2327 propositis,

429 2362 509 2406 pro
530 2346 723 2408 perfugis
746 2346 1000 2409 speculandi
1025 2348 1162 2409 gratia
1183 2349 1228 2391 in
1251 2348 1434 2394 Caesaris
1455 2357 1595 2392 castra
1617 2349 1812 2391 mittunt.

430 2429 519 2485 Qui
546 2428 674 2473 simul
701 2429 754 2473 ad
781 2446 881 2474 eum
907 2439 1009 2473 sunt
1033 2429 1234 2484 deducti,
1260 2430 1507 2491 petierunt,
1539 2439 1586 2473 ut
1609 2428 1690 2472 sibi
1714 2427 1814 2472 lice-

429 2518 495 2552 ret
517 2510 609 2554 sine
631 2509 826 2571 periculo
845 2509 976 2554 verba
1001 2509 1217 2570 proloqui.
1235 2512 1452 2554 Potestate
1471 2509 1583 2553 sacta
1606 2526 1614 2551 :
1640 2528 1659 2549 «
1680 2510 1814 2569 Saepe-

432 2606 633 2647 numero,
671 2592 898 2652 inquiunt,
939 2591 1189 2651 imperator,
1232 2589 1478 2652 complures
1516 2588 1702 2640 Gaetuli,
1739 2590 1812 2649 qui

429 2685 577 2714 sumus
621 2670 798 2716 clientes
832 2674 880 2717 C.
911 2673 1070 2726 Marii,
1099 2683 1138 2716 ct
1171 2672 1488 2734 propemodum
1517 2688 1667 2715 omncs
1698 2672 1813 2715 cives
