1972 3356
555 206 622 241 DE
654 205 813 239 BELLO
842 202 1058 238 GALLICO
1088 202 1179 236 LIB.
1206 202 1232 236 Ι.
1569 209 1588 241 7

195 290 349 333 civitas
377 299 443 333 est
468 289 512 332 in
535 289 783 333 Provincia.
813 287 865 331 ld
895 287 928 330 si
958 285 1105 342 fieret,
1131 282 1403 344 intelligebat
1428 298 1590 341 magno

195 387 296 414 cum
317 370 562 414 Provinciae
586 368 783 430 periculo
806 368 1027 422 futurum,
1053 375 1102 410 ut
1123 364 1325 410 homines
1342 361 1589 419 bellicosos,

193 450 346 511 populi
384 451 555 494 romani
604 449 829 503 inimicos,
873 446 979 491 locis
1020 446 1273 507 patentibus
1316 444 1592 504 maximeque

194 530 492 573 frumentariis
518 528 730 572 finitimos
759 528 955 571 haberet.
986 527 1056 571 Ob
1088 542 1159 570 eas
1198 542 1350 570 causas
1375 525 1414 569 ei
1444 524 1592 568 inuni-

194 610 328 666 tioni,
365 626 498 669 quam
534 608 714 665 fecerat,
749 610 800 652 T.
836 607 1082 652 Labienum
1114 605 1309 667 legatum
1344 605 1539 666 praefecit
1582 621 1591 649 :

192 692 282 751 ipse
307 690 351 733 in
378 689 550 734 Italiam
579 689 750 750 magnis
781 682 1015 732 itineribus
1038 687 1290 743 contendit,
1315 686 1512 745 duasque
1536 686 1593 729 ibi

191 769 383 832 legiones
413 770 672 826 conscribit,
701 779 745 814 et
770 779 878 826 tres,
906 786 1003 830 quae
1030 770 1197 813 circum
1227 766 1478 828 Aquileiam
1501 766 1594 809 hie-

192 851 389 907 mabant,
425 867 477 895 ex
512 851 710 894 hibernis
744 850 913 907 educit,
937 860 1001 906 et,
1033 867 1119 911 qua
1153 850 1408 910 proximum
1436 848 1521 891 iter
1549 847 1594 890 in

191 930 448 976 ulteriorem
474 930 669 976 Galliam
690 948 767 993 per
787 930 921 992 Alpes
945 941 1066 988 erat,
1089 947 1189 975 cum
1213 931 1282 974 his
1306 930 1504 990 quinque
1534 926 1594 971 le-

191 1014 393 1074 gionibus
429 1014 492 1057 ire
528 1012 773 1057 contendit.
808 1013 876 1056 Ibi
911 1015 1180 1068 Ceutrones,
1205 1022 1251 1056 et
1277 1008 1522 1063 Graioceli,
1552 1019 1595 1052 et

191 1094 448 1155 Caturiges,
480 1093 586 1138 locis
617 1094 918 1155 superioribus
956 1094 1201 1154 occupatis,
1239 1093 1397 1136 itinere
1426 1089 1595 1135 exerci-

193 1185 288 1217 tum
317 1175 554 1234 prohibere
590 1184 822 1218 conantur.
854 1173 1174 1235 Compluribus
1204 1173 1272 1217 his
1302 1171 1469 1234 proeliis
1494 1168 1594 1232 pul-

192 1255 268 1310 sis,
297 1255 350 1298 ab
382 1254 544 1310 Ocelo,
573 1255 692 1314 quod
722 1265 788 1298 est
815 1255 1032 1298 citerioris
1056 1255 1299 1298 Provinciae
1325 1263 1594 1307 extremum,

191 1335 236 1376 in
263 1334 371 1377 fines
410 1336 736 1378 Vocontiorum
770 1333 993 1377 ulterioris
1026 1336 1269 1377 Provinciae
1307 1334 1376 1376 die
1406 1334 1596 1392 septimo

190 1415 394 1474 pervenit
417 1432 425 1459 :
450 1414 552 1458 inde
579 1415 622 1458 in
653 1413 946 1474 Allobrogum
976 1414 1108 1468 fines,
1131 1414 1183 1457 ab
1213 1412 1526 1473 Allobrogibus
1550 1412 1595 1454 in

191 1496 456 1556 Segusiauos
489 1496 735 1540 exercitum
766 1495 902 1538 ducit.
942 1497 998 1538 Hi
1032 1505 1136 1539 sunt
1165 1504 1288 1538 extra
1315 1494 1596 1538 Provinciam

192 1586 312 1620 trans
336 1576 605 1620 Rhodanum
629 1577 775 1638 primi.

254 1658 332 1700 XI.
361 1656 551 1702 Helvetii
573 1658 665 1719 jam
695 1675 774 1719 per
808 1661 1033 1720 angustias
1068 1668 1112 1702 et
1137 1658 1246 1702 fines
1281 1661 1594 1718 Sequanorum

190 1753 288 1781 suas
316 1738 464 1798 copias
500 1738 809 1798 traduxerant,
848 1749 891 1784 et
926 1741 972 1783 in
1007 1739 1253 1783 AEduoruln
1297 1739 1404 1783 fines
1443 1753 1596 1798 perve-

189 1828 366 1875 nerant,
392 1835 634 1881 eorumque
672 1838 800 1882 agros
824 1819 1167 1882 populabantur.
1204 1820 1360 1877 AEdui,
1389 1835 1526 1880 quum
1551 1835 1594 1862 se

190 1916 356 1960 suaque
371 1901 424 1943 ab
449 1901 501 1944 iis
523 1901 758 1944 defendere
774 1918 864 1945 non
885 1910 1087 1961 possent,
1110 1899 1277 1960 legatos
1302 1900 1358 1943 ad
1376 1902 1593 1945 Caesarem

190 1981 396 2034 mittunt,
425 1991 630 2042 rogatum
660 1980 877 2025 auxilium
909 1998 917 2024 :
955 1983 1022 2025 Ita
1060 1997 1103 2025 se
1142 1982 1263 2024 omni
1303 1991 1502 2041 tempore
1540 1980 1593 2023 de

190 2059 357 2120 populo
400 2078 585 2105 romano
631 2062 812 2105 meritos
855 2078 971 2115 esse,
1011 2070 1059 2105 ut
1097 2078 1221 2122 paene
1265 2063 1310 2105 in
1352 2070 1591 2121 conspectu

190 2142 411 2185 exercitus
431 2143 572 2185 nostri
597 2143 690 2204 agri
713 2144 900 2199 vastari,
926 2141 1054 2186 liberi
1079 2159 1234 2186 eorum
1260 2142 1307 2185 in
1333 2143 1592 2185 servitutem

190 2221 373 2278 abduci,
403 2222 566 2284 oppida
594 2224 840 2285 expugnari
868 2241 958 2268 non
985 2223 1248 2267 debuerunt.
1278 2222 1444 2267 Eodem
1480 2231 1590 2266 tem-

190 2319 295 2362 pore
319 2303 472 2359 AEdui,
496 2304 703 2348 Ambarri
726 2321 927 2366 quoque,
950 2304 1184 2349 necessarii
1205 2314 1247 2348 et
1271 2304 1589 2365 consanguinei

189 2384 456 2440 AEduorum,
475 2387 695 2430 Caesarem
713 2388 948 2430 certiorem
970 2386 1159 2441 faciunt,
1178 2402 1288 2441 sese,
1309 2383 1589 2446 depopulatis

188 2466 324 2526 agris,
346 2483 435 2510 non
460 2465 588 2510 facile
604 2467 657 2510 ab
672 2467 847 2528 oppidis
866 2468 958 2511 vim
975 2468 1171 2511 hostium
1187 2466 1426 2528 prohibere
1450 2483 1459 2509 ε
1483 2467 1588 2509 item

190 2545 470 2608 Allobroges,
502 2548 576 2608 qui
608 2557 726 2592 trans
754 2548 1023 2593 Rhodanum
1052 2549 1172 2593 vicos
1202 2549 1587 2609 possessionesque

191 2627 425 2687 habebant,
450 2629 551 2690 fuga
568 2645 611 2671 sc
631 2629 685 2672 ad
700 2631 917 2674 Caesarem
940 2630 1180 2690 recipiunt,
1198 2639 1239 2673 et
1259 2629 1586 2683 demonstrant,
