1972 3356
349 272 373 318 ij
773 271 975 304 NOTITIA
1006 269 1307 303 LITTERARIA

347 364 412 397 est
436 352 689 413 hujusmodi
715 353 759 395 in
793 353 930 395 Bruto
952 368 960 394 :
982 371 1002 391 «
1029 350 1379 395 Commentarios
1406 350 1579 409 scripsit
1607 348 1732 393 valde

347 441 522 502 quidem
557 439 831 501 probandos;
858 440 965 483 nudi
1007 449 1134 495 sunt,
1176 440 1303 496 recti,
1333 449 1376 483 et
1407 439 1577 482 venusti
1612 439 1731 481 omni

345 539 505 573 ornatu
535 529 767 585 orationis,
793 539 1003 589 tanquam
1030 539 1149 573 veste
1179 529 1374 572 detracta
1397 545 1405 572 :
1430 527 1504 572 sed
1527 527 1633 570 dum
1656 543 1732 570 vo-

345 619 427 663 luit
467 618 575 662 alios
617 618 777 662 habere
817 628 990 679 parata,
1025 617 1142 662 unde
1172 627 1419 673 sumerent,
1458 618 1533 678 qui
1573 615 1732 660 vellent

344 709 531 753 scribere
561 708 816 762 historiam3
859 708 1017 767 ineptis
1052 716 1229 768 gratum
1267 686 1450 751 fortasse
1487 706 1614 762 fecit,
1656 706 1730 766 qui

342 797 418 842 illa
444 797 595 842 volent
634 797 891 841 calamistris
926 797 1100 839 inurere
1127 813 1136 837 :
1167 812 1295 838 sanos
1326 795 1501 855 quidem
1531 795 1732 841 homines

341 905 366 931 a
391 886 621 931 scribendo
650 886 914 930 deterruit.»
936 887 1004 928 De
1033 884 1186 927 iisdem
1208 885 1379 927 Hirtius
1411 885 1471 927 ita
1504 884 1731 944 praedicat,

342 978 386 1020 in
411 975 666 1036 praefatione
692 974 792 1019 libri
817 990 901 1018 vul
930 974 985 1019 de
1015 974 1196 1018 Caesaris
1221 971 1335 1016 bello
1362 972 1517 1034 gallico
1540 990 1548 1016 ε
1572 993 1592 1013 (c
1610 973 1732 1017 Adeo

342 1065 589 1126 probantur
615 1065 814 1108 omnium
850 1063 1044 1125 judicio,
1076 1073 1126 1106 ut
1161 1072 1396 1124 praerepta,
1427 1078 1518 1105 non
1552 1063 1733 1123 praebita

342 1154 526 1200 facultas
561 1154 850 1216 scriptoribus
886 1152 1102 1196 videatur.
1144 1152 1283 1212 Cujus
1313 1161 1461 1195 tamen
1497 1152 1560 1194 rei
1591 1151 1733 1212 major

342 1254 519 1299 nostra,
553 1261 684 1302 quam
719 1242 1011 1302 reliquorum,
1044 1250 1109 1284 est
1138 1239 1385 1284 admiratio.
1415 1241 1561 1283 Ceteri
1588 1241 1731 1295 enim,

341 1349 473 1394 quam
491 1333 602 1376 bene
623 1341 755 1390 atque
770 1329 1020 1383 emendate,
1043 1345 1122 1371 nos
1139 1329 1290 1385 etiam,
1310 1344 1442 1387 quam
1462 1327 1586 1372 facile
1602 1338 1732 1388 atque

340 1421 539 1466 celeriter
567 1438 640 1465 eos
666 1419 996 1482 perscripserit,
1025 1419 1200 1462 scimus.
1223 1438 1244 1460 »

404 1514 461 1555 Et
484 1520 605 1559 tanta
638 1528 778 1571 quum
797 1512 853 1556 sit
869 1509 1284 1554 commentariorum
1304 1509 1487 1552 Caesaris
1505 1518 1707 1553 venustas
1726 1544 1736 1566 ,

337 1612 485 1646 tamen
506 1603 709 1648 nonnulli
733 1605 894 1650 eruditi
918 1606 1079 1650 Caesari
1105 1606 1372 1668 abjudicant.
1409 1607 1492 1653 Sed
1520 1609 1617 1671 quis
1642 1627 1731 1654 non

337 1691 515 1736 credere
542 1692 669 1741 malit
702 1695 785 1755 ipsi
818 1695 1033 1740 Suetonio
1058 1696 1342 1758 Tranquillo,
1374 1698 1451 1759 qui
1485 1698 1547 1742 sic
1577 1698 1729 1742 scribit

336 1781 381 1825 in
401 1781 520 1827 Julio
534 1817 544 1836 ,
566 1799 659 1843 cap.
692 1781 753 1828 56
776 1801 785 1828 :
810 1805 830 1826 <c
852 1783 1050 1846 Reliquit
1068 1796 1113 1830 et
1132 1803 1282 1831 rerum
1301 1804 1480 1832 suarum
1506 1806 1728 1834 commen-

335 1871 469 1915 tarios
500 1871 681 1930 Gallici,
709 1873 951 1935 Civilisque
965 1872 1068 1919 belli
1097 1877 1379 1938 Pompeiani3
1404 1894 1506 1921 nam
1535 1877 1728 1922 Alexan-

336 1958 454 2003 drini
470 1960 712 2021 Africique,
734 1972 776 2006 et
796 1963 1117 2023 Hispaniensis,
1141 1965 1336 2010 incertus
1358 1976 1513 2010 auctor
1533 1966 1622 2011 est?
1638 1965 1724 2011 Alii

334 2050 452 2093 enim
493 2052 689 2112 Oppium
724 2062 908 2114 putant3
939 2052 1013 2097 alii
1040 2054 1258 2111 Hirtium,
1291 2055 1368 2115 qui
1409 2056 1541 2100 etiam
1581 2054 1726 2117 gallici

332 2137 432 2181 belli
476 2141 763 2186 novissimum
808 2142 1204 2205 imperfectumque
1241 2142 1403 2188 librum
1443 2143 1675 2205 supplevit.
1706 2164 1726 2185 >2

331 2228 444 2284 Quis
465 2245 556 2272 non
579 2229 758 2274 credere
776 2229 902 2275 malit
920 2230 1088 2290 Tullio,
1105 2234 1362 2295 Hirtioque,
1377 2250 1567 2294 quorum
1594 2233 1726 2277 verba

332 2317 570 2363 Suetonius
597 2319 811 2365 continuo
834 2321 1094 2384 subjungit?
1121 2323 1270 2367 Fidem
1299 2324 1404 2367 item
1426 2323 1583 2367 habeat
1605 2325 1724 2367 Stra-

330 2404 456 2464 boni,
481 2409 556 2469 qui
579 2410 713 2454 initio?
737 2410 838 2455 libri
862 2427 933 2468 lv,
957 2413 1145 2457 advocat
1176 2408 1461 2472 ὑπομνήματα
1485 2413 1584 2457 Geloi)
1610 2414 1724 2456 Kal-

330 2512 476 2553 σαρος,
518 2498 563 2542 id
596 2510 660 2544 est
695 2500 1049 2546 Commentarios
1077 2501 1172 2546 clivi
1198 2503 1408 2547 Coesaris.
1439 2503 1549 2546 Item
1576 2501 1725 2545 credat

329 2583 587 2643 Plutarcho,
612 2589 813 2648 quando,
837 2607 933 2651 quae
957 2607 1010 2634 ex
1036 2593 1219 2636 Caesaris
1240 2592 1292 2636 de
1317 2591 1434 2635 bello
1461 2591 1579 2636 civili
1605 2608 1724 2636 com-

329 2676 552 2718 mentariis
580 2677 711 2732 citat,
747 2694 795 2721 ea
824 2678 1049 2739 hodieque
1085 2681 1141 2724 ibi
1174 2679 1390 2741 leguntur.
1424 2680 1493 2725 Ad
1531 2682 1620 2725 haec
1647 2699 1723 2727 ve-
