1972 3356
428 226 498 268 146
631 225 668 259 C.
693 225 822 258 JUL11
852 224 1072 258 CAESARIS
1085 223 1591 261 ‘COMMENTARIORUM

424 307 661 352 multitudo
686 307 1015 368 sagittariorum
1042 324 1086 351 se
1115 307 1310 368 profudit
1337 326 1346 351 :
1377 325 1565 369 quorum
1590 310 1803 369 impetum

423 398 570 432 noster
593 388 812 448 equitatus
842 404 930 432 non
958 388 1081 444 tulit,
1111 388 1185 433 sed
1207 388 1387 450 paulum
1411 389 1510 434 loco
1545 400 1688 434 motus
1715 408 1805 436 ces-

423 469 478 512 sit
507 486 516 512 :
543 469 797 530 equitesque
816 470 1070 531 Pompeiani
1094 469 1177 514 hoc
1200 470 1343 514 acrius
1366 470 1548 524 instare,
1576 480 1620 514 et
1647 487 1691 515 se
1715 481 1805 515 tur-

423 550 573 593 matim
599 548 838 610 explicare,
867 552 1091 611 aciemque
1114 560 1308 595 nostram
1336 567 1360 595 a
1390 549 1523 595 latere
1552 561 1705 612 aperto
1727 553 1807 596 cir-

424 630 542 673 cuire
558 630 942 691 coeperunt.„Qt10d
958 631 1032 676 ubi
1045 634 1189 677 Caesar
1206 631 1399 676 animum
1416 632 1630 688 advertit,
1644 642 1808 693 quartae

424 711 555 767 aciei,
586 727 718 772 quam
755 712 1003 756 instituerat
1027 729 1100 756 sex
1126 712 1374 756 cohortium
1405 729 1609 769 numero,
1633 713 1807 775 signum

424 789 557 834 dedit.
598 790 668 835 llli
704 791 903 836 celeriter
939 802 1342 854 procucurrerunt,
1383 793 1638 854 infestisque
1673 794 1807 854 signis

426 880 544 914 tanta
567 872 609 915 vi
635 872 678 916 in
696 873 892 933 Pompeii
920 874 1084 933 equites
1103 875 1312 934 impetum
1335 873 1555 931 fecerunt,
1582 883 1630 917 ut
1654 891 1807 918 eorum
1862 874 1866 877 ’

425 968 553 996 nemo
593 953 872 1008 consisteret,
898 970 1136 1014 omnesque
1164 955 1384 1007 conversi,
1416 971 1505 998 non
1539 953 1679 998 solum
1714 954 1809 998 loco

425 1032 701 1088 excederent,
727 1033 803 1077 sed
827 1034 1027 1094 protinus
1054 1035 1219 1078 incitati
1245 1034 1346 1095 fuga
1381 1045 1551 1079 montes
1576 1034 1809 1079 altissimos

424 1122 637 1172 peterent.
662 1114 838 1170 Quibus
866 1114 1101 1169 submotis,
1130 1130 1281 1158 omnes
1303 1115 1516 1175 sagittarii
1547 1114 1811 1159 funditores-

425 1208 510 1251 que
544 1192 773 1249 destituti,
802 1194 1013 1251 inermes,
1058 1195 1150 1238 sine
1186 1195 1407 1255 praesidio,
1450 1195 1667 1239 interfecti
1694 1205 1809 1239 sunt.

424 1272 589 1316 Eodem
632 1275 799 1336 impetu
835 1275 1037 1319 cohortes
1065 1275 1289 1320 sinistrum
1324 1292 1483 1332 cornu,
1513 1275 1811 1337 pugnantibus

424 1354 555 1398 etiam
602 1365 697 1399 turn
728 1373 778 1400 ac
810 1357 1114 1401 resistentibus
1161 1357 1205 1401 in
1240 1358 1330 1402 acie
1374 1357 1674 1419 Pompeianis,
1727 1357 1812 1401 cir-

424 1437 698 1490 cumierunt,
719 1453 879 1497 eosque
905 1454 930 1481 a
953 1447 1077 1499 tergo
1104 1447 1205 1482 sunt
1233 1437 1388 1482 adorti.

489 1518 650 1562 XCIV.
661 1517 826 1562 Eodem
839 1528 1034 1577 tempore
1049 1519 1223 1562 tertiam
1237 1519 1372 1562 aciem
1380 1521 1538 1573 Caesar,
1555 1534 1651 1578 quae
1664 1519 1812 1578 quieta

427 1597 589 1654 fuerat,
603 1606 644 1641 et
664 1613 708 1641 se
722 1597 777 1641 ad
800 1597 843 1641 id
856 1607 1026 1659 tempus
1040 1596 1137 1642 loco
1154 1608 1355 1642 tenuerat
1371 1632 1382 1654 ,
1396 1599 1810 1659 procurrerejussit.

425 1680 511 1734 Ita,
538 1694 674 1739 quum
706 1688 901 1722 recentes
927 1688 1058 1739 atque
1086 1679 1242 1740 integri
1278 1678 1453 1723 defessis
1486 1679 1812 1733 successissent,

426 1757 498 1802 alii
521 1768 667 1802 autem
695 1775 719 1801 a
745 1769 869 1819 tergo
896 1758 1192 1815 adorirentur,
1210 1760 1425 1802 sustinere
1448 1759 1699 1820 Pompeiani
1723 1776 1813 1804 non

427 1848 666 1900 potuerunt
675 1873 686 1895 ,
699 1848 831 1900 atque
843 1839 1031 1883 universi
1048 1847 1171 1900 terga
1182 1848 1420 1882 verterunt.
1436 1840 1589 1899 Neque
1603 1855 1707 1883 vero
1721 1840 1814 1884 Cae-

427 1937 567 1965 sarem
586 1920 754 1976 fefellit,
783 1921 889 1982 quin
912 1920 966 1964 ab
989 1921 1040 1964 iis
1069 1920 1348 1977 cohortibus,
1377 1937 1473 1981 quae
1509 1930 1661 1965 contra
1693 1921 1816 1982 equi-

426 2011 567 2045 tatum
596 2003 639 2045 in
667 2012 824 2063 quarta
851 2003 941 2045 acie
971 1999 1193 2045 collocatae
1218 2010 1386 2056 essent,
1416 2001 1590 2046 initium
1620 2002 1814 2046 victoriae

427 2082 644 2138 oriretur,
670 2093 719 2127 ut
734 2084 825 2144 ipse
840 2083 883 2126 in
903 2082 1186 2126 cohortandis
1207 2081 1417 2126 militibus
1441 2083 1812 2142 pronuntiaverat.

429 2163 494 2207 Ab
523 2164 591 2208 his
621 2165 738 2208 enim
766 2165 957 2225 primum
994 2164 1213 2224 equitatus
1246 2173 1308 2207 est
1342 2162 1492 2224 pulsus
1531 2180 1540 2207 ε
1577 2163 1632 2207 ab
1663 2162 1813 2208 iisdem

429 2243 551 2288 factae
576 2244 711 2289 caedes
734 2245 1058 2306 sagittariorum
1087 2255 1218 2305 atque
1244 2244 1518 2289 funditorum
1546 2262 1556 2289 z
1584 2245 1638 2289 ab
1663 2244 1812 2289 iisdem

430 2325 541 2369 acies
568 2326 834 2387 Pompeiana
863 2341 888 2369 a
915 2325 1086 2369 sinistra
1119 2334 1242 2386 parte
1276 2335 1367 2369 erat
1398 2326 1648 2382 circumita,
1685 2335 1816 2385 atque

432 2406 606 2449 initium
629 2405 741 2468 fugae
767 2406 942 2451 factum.
969 2405 1052 2449 Sed
1074 2406 1332 2467 Pompeius,
1353 2415 1405 2470 ut·
1422 2406 1663 2465 equitatum
1685 2421 1814 2449 suum

432 2485 608 2546 pulsum
635 2487 772 2544 vidit,
799 2497 929 2548 atque
955 2503 1050 2530 eam
1080 2497 1249 2548 partem
1266 2521 1277 2542 ,
1310 2487 1379 2531 cui
1407 2487 1593 2530 maxime
1620 2485 1814 2529 confide-

433 2565 532 2623 bat,
557 2568 830 2629 perterritam
854 2567 1047 2612 animum
1071 2567 1280 2624 advertit,
1305 2566 1398 2611 aliis
1419 2565 1611 2623 diffisus,
1637 2567 1727 2610 acie
1749 2582 1816 2611 ex-

434 2648 580 2703 cessit,
606 2649 892 2709 protinusque
914 2664 957 2692 se
978 2649 1020 2691 in
1045 2659 1185 2693 castra
1206 2665 1318 2709 equo
1337 2645 1521 2691 contulit
1541 2682 1551 2698 ,
1574 2656 1617 2690 et
1641 2647 1690 2691 iis
1714 2663 1814 2692 cen-
