<?xml version="1.0" encoding="UTF-8"?>
<!DOCTYPE html PUBLIC "-//W3C//DTD XHTML 1.0 Transitional//EN"
    "http://www.w3.org/TR/xhtml1/DTD/xhtml1-transitional.dtd">
<html xmlns="http://www.w3.org/1999/xhtml" xml:lang="en" lang="en">
 <head>
  <title>
</title>
<meta http-equiv="Content-Type" content="text/html;charset=utf-8" />
  <meta name='ocr-system' content='tesseract 3.04.00' />
  <meta name='ocr-capabilities' content='ocr_page ocr_carea ocr_par ocr_line ocrx_word'/>
</head>
<body>
  <div class='ocr_page' id='page_1' title='image "./operajoh0102caesuoft_0101.png"; bbox 0 0 1972 3356; ppageno 0'>
   <div class='ocr_carea' id='block_1_1' title="bbox 0 0 37 1246">
    <p class='ocr_par' dir='ltr' id='par_1_1' title="bbox 0 0 37 1246">
     <span class='ocr_line' id='line_1_1' title="bbox 0 0 37 1246; baseline 0 0"><span class='ocrx_word' id='word_1_1' title='bbox 0 0 37 1246; x_wconf 95' lang='lat' dir='ltr'> </span> 
     </span>
    </p>
   </div>
   <div class='ocr_carea' id='block_1_2' title="bbox 559 209 1624 254">
    <p class='ocr_par' dir='ltr' id='par_1_2' title="bbox 559 209 1624 254">
     <span class='ocr_line' id='line_1_2' title="bbox 559 209 1624 254; baseline -0.008 -5"><span class='ocrx_word' id='word_1_2' title='bbox 559 213 626 248; x_wconf 80' lang='lat' dir='ltr'>DE</span> <span class='ocrx_word' id='word_1_3' title='bbox 654 213 817 248; x_wconf 87' lang='lat' dir='ltr'>BELLO</span> <span class='ocrx_word' id='word_1_4' title='bbox 847 211 1066 247; x_wconf 86' lang='lat' dir='ltr'><strong>GALLICO</strong></span> <span class='ocrx_word' id='word_1_5' title='bbox 1096 209 1187 245; x_wconf 85' lang='lat' dir='ltr'>LlB.</span> <span class='ocrx_word' id='word_1_6' title='bbox 1213 210 1276 244; x_wconf 80' lang='lat' dir='ltr'>IV.</span> <span class='ocrx_word' id='word_1_7' title='bbox 1578 219 1624 254; x_wconf 71' lang='lat'>79</span> 
     </span>
    </p>
   </div>
   <div class='ocr_carea' id='block_1_3' title="bbox 215 295 1640 2716">
    <p class='ocr_par' dir='ltr' id='par_1_3' title="bbox 215 295 1629 1087">
     <span class='ocr_line' id='line_1_3' title="bbox 218 295 1623 359; baseline -0.004 -18"><span class='ocrx_word' id='word_1_8' title='bbox 218 315 347 342; x_wconf 81' lang='lat' dir='ltr'>suum</span> <span class='ocrx_word' id='word_1_9' title='bbox 368 314 425 343; x_wconf 85' lang='lat' dir='ltr'>Dc</span> <span class='ocrx_word' id='word_1_10' title='bbox 440 298 534 359; x_wconf 79' lang='lat' dir='ltr'>agri</span> <span class='ocrx_word' id='word_1_11' title='bbox 553 314 707 342; x_wconf 84' lang='lat' dir='ltr'>vacare</span> <span class='ocrx_word' id='word_1_12' title='bbox 721 298 948 342; x_wconf 85' lang='lat' dir='ltr'>dicuntur.</span> <span class='ocrx_word' id='word_1_13' title='bbox 970 295 1036 341; x_wconf 81' lang='lat' dir='ltr'>Ad</span> <span class='ocrx_word' id='word_1_14' title='bbox 1056 295 1240 339; x_wconf 82' lang='lat' dir='ltr'>alteram</span> <span class='ocrx_word' id='word_1_15' title='bbox 1260 302 1432 355; x_wconf 82' lang='lat' dir='ltr'>partem</span> <span class='ocrx_word' id='word_1_16' title='bbox 1451 326 1461 348; x_wconf 90' lang='lat'>,</span> <span class='ocrx_word' id='word_1_17' title='bbox 1477 308 1623 337; x_wconf 81' lang='lat' dir='ltr'>succe-</span> 
     </span>
     <span class='ocr_line' id='line_1_4' title="bbox 218 374 1625 440; baseline -0.004 -18"><span class='ocrx_word' id='word_1_18' title='bbox 218 379 330 423; x_wconf 84' lang='lat' dir='ltr'>dunt</span> <span class='ocrx_word' id='word_1_19' title='bbox 358 379 488 433; x_wconf 86' lang='lat' dir='ltr'>Ubii,</span> <span class='ocrx_word' id='word_1_20' title='bbox 516 396 708 440; x_wconf 85' lang='lat' dir='ltr'>quorum</span> <span class='ocrx_word' id='word_1_21' title='bbox 732 378 815 422; x_wconf 90' lang='lat' dir='ltr'>fuit</span> <span class='ocrx_word' id='word_1_22' title='bbox 842 379 997 422; x_wconf 87' lang='lat' dir='ltr'>civitas</span> <span class='ocrx_word' id='word_1_23' title='bbox 1025 375 1172 438; x_wconf 83' lang='lat' dir='ltr'>ampla</span> <span class='ocrx_word' id='word_1_24' title='bbox 1198 385 1331 437; x_wconf 86' lang='lat' dir='ltr'>atque</span> <span class='ocrx_word' id='word_1_25' title='bbox 1360 374 1548 431; x_wconf 87' lang='lat' dir='ltr'>florens,</span> <span class='ocrx_word' id='word_1_26' title='bbox 1578 383 1625 418; x_wconf 81' lang='lat' dir='ltr'>ut</span> 
     </span>
     <span class='ocr_line' id='line_1_5' title="bbox 215 454 1625 522; baseline -0.004 -18"><span class='ocrx_word' id='word_1_27' title='bbox 215 470 283 504; x_wconf 88' lang='lat' dir='ltr'>est</span> <span class='ocrx_word' id='word_1_28' title='bbox 316 471 471 522; x_wconf 86' lang='lat' dir='ltr'>captus</span> <span class='ocrx_word' id='word_1_29' title='bbox 496 461 857 515; x_wconf 87' lang='lat' dir='ltr'>Germanorum,</span> <span class='ocrx_word' id='word_1_30' title='bbox 883 469 924 502; x_wconf 87' lang='lat' dir='ltr'>et</span> <span class='ocrx_word' id='word_1_31' title='bbox 955 457 1107 519; x_wconf 88' lang='lat' dir='ltr'>paulo,</span> <span class='ocrx_word' id='word_1_32' title='bbox 1134 474 1267 518; x_wconf 88' lang='lat' dir='ltr'>quam</span> <span class='ocrx_word' id='word_1_33' title='bbox 1302 467 1406 500; x_wconf 84' lang='lat' dir='ltr'>sunt</span> <span class='ocrx_word' id='word_1_34' title='bbox 1429 454 1625 517; x_wconf 85' lang='lat' dir='ltr'>ejusdem</span> 
     </span>
     <span class='ocr_line' id='line_1_6' title="bbox 220 536 1626 603; baseline -0.005 -17"><span class='ocrx_word' id='word_1_35' title='bbox 220 542 410 603; x_wconf 85' lang='lat' dir='ltr'>generis,</span> <span class='ocrx_word' id='word_1_36' title='bbox 434 541 566 585; x_wconf 81' lang='lat' dir='ltr'>etiam</span> <span class='ocrx_word' id='word_1_37' title='bbox 593 541 750 584; x_wconf 88' lang='lat' dir='ltr'>ceteris</span> <span class='ocrx_word' id='word_1_38' title='bbox 774 539 1081 595; x_wconf 81' lang='lat' dir='ltr'>humaniores,</span> <span class='ocrx_word' id='word_1_39' title='bbox 1106 547 1342 599; x_wconf 86' lang='lat' dir='ltr'>propterea</span> <span class='ocrx_word' id='word_1_40' title='bbox 1367 537 1486 597; x_wconf 88' lang='lat' dir='ltr'>quod</span> <span class='ocrx_word' id='word_1_41' title='bbox 1508 536 1626 580; x_wconf 70' lang='lat' dir='ltr'>Rho-</span> 
     </span>
     <span class='ocr_line' id='line_1_7' title="bbox 220 618 1626 683; baseline -0.004 -17"><span class='ocrx_word' id='word_1_42' title='bbox 220 639 325 666; x_wconf 90' lang='lat' dir='ltr'>num</span> <span class='ocrx_word' id='word_1_43' title='bbox 347 622 598 683; x_wconf 84' lang='lat' dir='ltr'>attingunt,</span> <span class='ocrx_word' id='word_1_44' title='bbox 624 618 906 680; x_wconf 86' lang='lat' dir='ltr'>multumque</span> <span class='ocrx_word' id='word_1_45' title='bbox 922 618 976 663; x_wconf 85' lang='lat' dir='ltr'>ad</span> <span class='ocrx_word' id='word_1_46' title='bbox 998 635 1071 663; x_wconf 90' lang='lat' dir='ltr'>eos</span> <span class='ocrx_word' id='word_1_47' title='bbox 1090 628 1358 662; x_wconf 80' lang='lat' dir='ltr'>mercatores</span> <span class='ocrx_word' id='word_1_48' title='bbox 1382 619 1626 666; x_wconf 77' lang='lat' dir='ltr'>ventitant,</span> 
     </span>
     <span class='ocr_line' id='line_1_8' title="bbox 219 698 1628 764; baseline -0.004 -17"><span class='ocrx_word' id='word_1_49' title='bbox 219 713 262 748; x_wconf 91' lang='lat' dir='ltr'>et</span> <span class='ocrx_word' id='word_1_50' title='bbox 288 704 369 764; x_wconf 86' lang='lat' dir='ltr'>ipsi</span> <span class='ocrx_word' id='word_1_51' title='bbox 400 710 582 763; x_wconf 89' lang='lat' dir='ltr'>propter</span> <span class='ocrx_word' id='word_1_52' title='bbox 609 701 991 762; x_wconf 79' lang='lat' dir='ltr'>propinquitatem</span> <span class='ocrx_word' id='word_1_53' title='bbox 1017 698 1184 761; x_wconf 78' lang='lat' dir='ltr'>gallicis</span> <span class='ocrx_word' id='word_1_54' title='bbox 1208 708 1311 743; x_wconf 90' lang='lat' dir='ltr'>sunt</span> <span class='ocrx_word' id='word_1_55' title='bbox 1337 698 1535 742; x_wconf 89' lang='lat' dir='ltr'>moribus</span> <span class='ocrx_word' id='word_1_56' title='bbox 1559 715 1628 742; x_wconf 89' lang='lat' dir='ltr'>as-</span> 
     </span>
     <span class='ocr_line' id='line_1_9' title="bbox 220 778 1625 843; baseline -0.003 -16"><span class='ocrx_word' id='word_1_57' title='bbox 220 782 414 827; x_wconf 76' lang='lat' dir='ltr'>suefacti.</span> <span class='ocrx_word' id='word_1_58' title='bbox 451 784 544 827; x_wconf 86' lang='lat' dir='ltr'>Hos</span> <span class='ocrx_word' id='word_1_59' title='bbox 577 798 717 843; x_wconf 89' lang='lat' dir='ltr'>quum</span> <span class='ocrx_word' id='word_1_60' title='bbox 753 783 907 837; x_wconf 88' lang='lat' dir='ltr'>Suevi,</span> <span class='ocrx_word' id='word_1_61' title='bbox 939 780 1092 825; x_wconf 89' lang='lat' dir='ltr'>multis</span> <span class='ocrx_word' id='word_1_62' title='bbox 1127 797 1241 842; x_wconf 67' lang='lat' dir='ltr'>saepe</span> <span class='ocrx_word' id='word_1_63' title='bbox 1275 778 1402 824; x_wconf 89' lang='lat' dir='ltr'>bellis</span> <span class='ocrx_word' id='word_1_64' title='bbox 1439 781 1625 841; x_wconf 73' lang='lat' dir='ltr'>experti,</span> 
     </span>
     <span class='ocr_line' id='line_1_10' title="bbox 222 861 1629 926; baseline -0.004 -17"><span class='ocrx_word' id='word_1_65' title='bbox 222 874 404 926; x_wconf 88' lang='lat' dir='ltr'>propter</span> <span class='ocrx_word' id='word_1_66' title='bbox 419 862 758 925; x_wconf 87' lang='lat' dir='ltr'>amplitudinem</span> <span class='ocrx_word' id='word_1_67' title='bbox 778 863 1131 924; x_wconf 80' lang='lat' dir='ltr'>gravitatemque</span> <span class='ocrx_word' id='word_1_68' title='bbox 1150 862 1361 917; x_wconf 82' lang='lat' dir='ltr'>civitatis,</span> <span class='ocrx_word' id='word_1_69' title='bbox 1380 861 1543 906; x_wconf 85' lang='lat' dir='ltr'>finibus</span> <span class='ocrx_word' id='word_1_70' title='bbox 1561 878 1629 905; x_wconf 67' lang='lat' dir='ltr'>ex-</span> 
     </span>
     <span class='ocr_line' id='line_1_11' title="bbox 222 942 1628 1009; baseline -0.004 -18"><span class='ocrx_word' id='word_1_71' title='bbox 222 945 383 1009; x_wconf 81' lang='lat' dir='ltr'>pellere</span> <span class='ocrx_word' id='word_1_72' title='bbox 406 962 495 989; x_wconf 88' lang='lat' dir='ltr'>non</span> <span class='ocrx_word' id='word_1_73' title='bbox 517 945 785 1006; x_wconf 89' lang='lat' dir='ltr'>potuissent,</span> <span class='ocrx_word' id='word_1_74' title='bbox 807 956 954 989; x_wconf 89' lang='lat' dir='ltr'>tamen</span> <span class='ocrx_word' id='word_1_75' title='bbox 978 942 1215 1005; x_wconf 79' lang='lat' dir='ltr'>vectigales</span> <span class='ocrx_word' id='word_1_76' title='bbox 1235 943 1315 987; x_wconf 90' lang='lat' dir='ltr'>sibi</span> <span class='ocrx_word' id='word_1_77' title='bbox 1338 943 1556 999; x_wconf 86' lang='lat' dir='ltr'>fecerunt,</span> <span class='ocrx_word' id='word_1_78' title='bbox 1579 959 1628 987; x_wconf 80' lang='lat' dir='ltr'>ac</span> 
     </span>
     <span class='ocr_line' id='line_1_12' title="bbox 225 1024 1332 1087; baseline -0.003 -16"><span class='ocrx_word' id='word_1_79' title='bbox 225 1026 363 1071; x_wconf 88' lang='lat' dir='ltr'>multo</span> <span class='ocrx_word' id='word_1_80' title='bbox 388 1025 646 1071; x_wconf 78' lang='lat' dir='ltr'>humiliores</span> <span class='ocrx_word' id='word_1_81' title='bbox 670 1025 1027 1087; x_wconf 86' lang='lat' dir='ltr'>infirmioresque</span> <span class='ocrx_word' id='word_1_82' title='bbox 1051 1024 1332 1087; x_wconf 84' lang='lat' dir='ltr'>redegerunt.</span> 
     </span>
    </p>

    <p class='ocr_par' dir='ltr' id='par_1_4' title="bbox 222 1106 1640 2716">
     <span class='ocr_line' id='line_1_13' title="bbox 288 1106 1628 1167; baseline -0.001 -14"><span class='ocrx_word' id='word_1_83' title='bbox 288 1111 365 1154; x_wconf 90' lang='lat' dir='ltr'>IV.</span> <span class='ocrx_word' id='word_1_84' title='bbox 390 1111 441 1152; x_wconf 90' lang='lat' dir='ltr'>In</span> <span class='ocrx_word' id='word_1_85' title='bbox 467 1108 622 1153; x_wconf 84' lang='lat' dir='ltr'>eadem</span> <span class='ocrx_word' id='word_1_86' title='bbox 648 1125 779 1152; x_wconf 86' lang='lat' dir='ltr'>causa</span> <span class='ocrx_word' id='word_1_87' title='bbox 812 1107 996 1152; x_wconf 87' lang='lat' dir='ltr'>suerunt</span> <span class='ocrx_word' id='word_1_88' title='bbox 1021 1107 1226 1167; x_wconf 84' lang='lat' dir='ltr'>Usipetes</span> <span class='ocrx_word' id='word_1_89' title='bbox 1255 1116 1298 1150; x_wconf 90' lang='lat' dir='ltr'>et</span> <span class='ocrx_word' id='word_1_90' title='bbox 1332 1106 1628 1160; x_wconf 85' lang='lat' dir='ltr'>Tenchtheri,</span> 
     </span>
     <span class='ocr_line' id='line_1_14' title="bbox 223 1188 1630 1252; baseline -0.001 -18"><span class='ocrx_word' id='word_1_91' title='bbox 223 1207 334 1252; x_wconf 86' lang='lat' dir='ltr'>quos</span> <span class='ocrx_word' id='word_1_92' title='bbox 369 1207 503 1251; x_wconf 84' lang='lat' dir='ltr'>supra</span> <span class='ocrx_word' id='word_1_93' title='bbox 540 1190 753 1247; x_wconf 84' lang='lat' dir='ltr'>diximus,</span> <span class='ocrx_word' id='word_1_94' title='bbox 794 1190 867 1250; x_wconf 89' lang='lat' dir='ltr'>qui</span> <span class='ocrx_word' id='word_1_95' title='bbox 907 1188 1160 1249; x_wconf 83' lang='lat' dir='ltr'>complures</span> <span class='ocrx_word' id='word_1_96' title='bbox 1195 1205 1334 1232; x_wconf 89' lang='lat' dir='ltr'>annos</span> <span class='ocrx_word' id='word_1_97' title='bbox 1381 1190 1630 1233; x_wconf 88' lang='lat' dir='ltr'>Suevorum</span> 
     </span>
     <span class='ocr_line' id='line_1_15' title="bbox 224 1269 1632 1332; baseline -0.001 -17"><span class='ocrx_word' id='word_1_98' title='bbox 224 1272 314 1315; x_wconf 89' lang='lat' dir='ltr'>vim</span> <span class='ocrx_word' id='word_1_99' title='bbox 341 1271 669 1327; x_wconf 84' lang='lat' dir='ltr'>sustinuerunt;</span> <span class='ocrx_word' id='word_1_100' title='bbox 688 1271 743 1314; x_wconf 85' lang='lat' dir='ltr'>ad</span> <span class='ocrx_word' id='word_1_101' title='bbox 763 1281 1011 1315; x_wconf 83' lang='lat' dir='ltr'>extremum</span> <span class='ocrx_word' id='word_1_102' title='bbox 1037 1280 1205 1325; x_wconf 88' lang='lat' dir='ltr'>tamen,</span> <span class='ocrx_word' id='word_1_103' title='bbox 1229 1270 1345 1332; x_wconf 81' lang='lat' dir='ltr'>agris</span> <span class='ocrx_word' id='word_1_104' title='bbox 1373 1269 1564 1331; x_wconf 83' lang='lat' dir='ltr'>expulsi,</span> <span class='ocrx_word' id='word_1_105' title='bbox 1589 1280 1632 1314; x_wconf 86' lang='lat' dir='ltr'>et</span> 
     </span>
     <span class='ocr_line' id='line_1_16' title="bbox 225 1350 1634 1411; baseline -0.001 -15"><span class='ocrx_word' id='word_1_106' title='bbox 225 1351 375 1397; x_wconf 88' lang='lat' dir='ltr'>multis</span> <span class='ocrx_word' id='word_1_107' title='bbox 390 1353 645 1396; x_wconf 70' lang='lat' dir='ltr'>Germaniae</span> <span class='ocrx_word' id='word_1_108' title='bbox 664 1350 770 1395; x_wconf 90' lang='lat' dir='ltr'>locis</span> <span class='ocrx_word' id='word_1_109' title='bbox 789 1351 1030 1395; x_wconf 82' lang='lat' dir='ltr'>triennium</span> <span class='ocrx_word' id='word_1_110' title='bbox 1050 1351 1217 1411; x_wconf 82' lang='lat' dir='ltr'>vagati,</span> <span class='ocrx_word' id='word_1_111' title='bbox 1237 1351 1293 1393; x_wconf 89' lang='lat' dir='ltr'>ad</span> <span class='ocrx_word' id='word_1_112' title='bbox 1315 1351 1525 1394; x_wconf 86' lang='lat' dir='ltr'>Rhenum</span> <span class='ocrx_word' id='word_1_113' title='bbox 1541 1368 1634 1411; x_wconf 86' lang='lat' dir='ltr'>per-</span> 
     </span>
     <span class='ocr_line' id='line_1_17' title="bbox 225 1429 1634 1493; baseline -0.001 -16"><span class='ocrx_word' id='word_1_114' title='bbox 225 1443 440 1478; x_wconf 88' lang='lat' dir='ltr'>venerunt</span> <span class='ocrx_word' id='word_1_115' title='bbox 457 1450 465 1475; x_wconf 91' lang='lat'>:</span> <span class='ocrx_word' id='word_1_116' title='bbox 483 1450 592 1493; x_wconf 83' lang='lat' dir='ltr'>quas</span> <span class='ocrx_word' id='word_1_117' title='bbox 611 1433 814 1493; x_wconf 82' lang='lat' dir='ltr'>regiones</span> <span class='ocrx_word' id='word_1_118' title='bbox 830 1431 1029 1492; x_wconf 88' lang='lat' dir='ltr'>Menapii</span> <span class='ocrx_word' id='word_1_119' title='bbox 1049 1429 1300 1474; x_wconf 77' lang='lat' dir='ltr'>incolebant</span> <span class='ocrx_word' id='word_1_120' title='bbox 1315 1465 1325 1486; x_wconf 90' lang='lat'>,</span> <span class='ocrx_word' id='word_1_121' title='bbox 1340 1441 1384 1474; x_wconf 89' lang='lat' dir='ltr'>et</span> <span class='ocrx_word' id='word_1_122' title='bbox 1399 1430 1453 1475; x_wconf 89' lang='lat' dir='ltr'>ad</span> <span class='ocrx_word' id='word_1_123' title='bbox 1472 1442 1634 1475; x_wconf 87' lang='lat' dir='ltr'>utram-</span> 
     </span>
     <span class='ocr_line' id='line_1_18' title="bbox 222 1510 1635 1576; baseline -0.001 -17"><span class='ocrx_word' id='word_1_124' title='bbox 222 1531 308 1576; x_wconf 89' lang='lat' dir='ltr'>que</span> <span class='ocrx_word' id='word_1_125' title='bbox 336 1514 479 1576; x_wconf 81' lang='lat' dir='ltr'>ripam</span> <span class='ocrx_word' id='word_1_126' title='bbox 509 1514 706 1558; x_wconf 88' lang='lat' dir='ltr'>fluminis</span> <span class='ocrx_word' id='word_1_127' title='bbox 735 1529 887 1574; x_wconf 82' lang='lat' dir='ltr'>agros,</span> <span class='ocrx_word' id='word_1_128' title='bbox 914 1510 1121 1569; x_wconf 80' lang='lat' dir='ltr'>aedificia,</span> <span class='ocrx_word' id='word_1_129' title='bbox 1149 1512 1357 1574; x_wconf 86' lang='lat' dir='ltr'>vicosque</span> <span class='ocrx_word' id='word_1_130' title='bbox 1391 1513 1635 1566; x_wconf 82' lang='lat' dir='ltr'>habebant;</span> 
     </span>
     <span class='ocr_line' id='line_1_19' title="bbox 223 1593 1636 1655; baseline -0.001 -14"><span class='ocrx_word' id='word_1_131' title='bbox 223 1596 318 1653; x_wconf 82' lang='lat' dir='ltr'>sed,</span> <span class='ocrx_word' id='word_1_132' title='bbox 343 1606 476 1641; x_wconf 79' lang='lat' dir='ltr'>tantae</span> <span class='ocrx_word' id='word_1_133' title='bbox 501 1595 801 1640; x_wconf 79' lang='lat' dir='ltr'>multitudinis</span> <span class='ocrx_word' id='word_1_134' title='bbox 826 1593 949 1638; x_wconf 81' lang='lat' dir='ltr'>aditu</span> <span class='ocrx_word' id='word_1_135' title='bbox 969 1593 1216 1655; x_wconf 78' lang='lat' dir='ltr'>perterriti,</span> <span class='ocrx_word' id='word_1_136' title='bbox 1246 1612 1297 1638; x_wconf 84' lang='lat' dir='ltr'>ex</span> <span class='ocrx_word' id='word_1_137' title='bbox 1326 1595 1393 1638; x_wconf 88' lang='lat' dir='ltr'>his</span> <span class='ocrx_word' id='word_1_138' title='bbox 1420 1594 1636 1651; x_wconf 71' lang='lat' dir='ltr'>aedificiis,</span> 
     </span>
     <span class='ocr_line' id='line_1_20' title="bbox 223 1674 1637 1739; baseline -0.001 -17"><span class='ocrx_word' id='word_1_139' title='bbox 223 1694 321 1739; x_wconf 74' lang='lat' dir='ltr'>quae</span> <span class='ocrx_word' id='word_1_140' title='bbox 356 1687 478 1722; x_wconf 88' lang='lat' dir='ltr'>trans</span> <span class='ocrx_word' id='word_1_141' title='bbox 519 1676 685 1720; x_wconf 89' lang='lat' dir='ltr'>flumen</span> <span class='ocrx_word' id='word_1_142' title='bbox 732 1675 1003 1730; x_wconf 78' lang='lat' dir='ltr'>habuerant,</span> <span class='ocrx_word' id='word_1_143' title='bbox 1048 1674 1428 1737; x_wconf 80' lang='lat' dir='ltr'>demigraverant,</span> <span class='ocrx_word' id='word_1_144' title='bbox 1473 1687 1535 1733; x_wconf 87' lang='lat' dir='ltr'>et,</span> <span class='ocrx_word' id='word_1_145' title='bbox 1575 1694 1637 1721; x_wconf 72' lang='lat' dir='ltr'>cns</span> 
     </span>
     <span class='ocr_line' id='line_1_21' title="bbox 227 1756 1636 1820; baseline -0.001 -16"><span class='ocrx_word' id='word_1_146' title='bbox 227 1759 433 1804; x_wconf 87' lang='lat' dir='ltr'>Rhenum</span> <span class='ocrx_word' id='word_1_147' title='bbox 461 1758 685 1820; x_wconf 79' lang='lat' dir='ltr'>dispositis</span> <span class='ocrx_word' id='word_1_148' title='bbox 712 1756 950 1819; x_wconf 87' lang='lat' dir='ltr'>praesidiis,</span> <span class='ocrx_word' id='word_1_149' title='bbox 988 1758 1239 1801; x_wconf 88' lang='lat' dir='ltr'>Germanos</span> <span class='ocrx_word' id='word_1_150' title='bbox 1266 1758 1453 1802; x_wconf 85' lang='lat' dir='ltr'>transire</span> <span class='ocrx_word' id='word_1_151' title='bbox 1478 1758 1636 1818; x_wconf 88' lang='lat' dir='ltr'>prohi-</span> 
     </span>
     <span class='ocr_line' id='line_1_22' title="bbox 226 1838 1638 1899; baseline -0.001 -14"><span class='ocrx_word' id='word_1_152' title='bbox 226 1840 404 1885; x_wconf 83' lang='lat' dir='ltr'>bebant.</span> <span class='ocrx_word' id='word_1_153' title='bbox 433 1838 523 1896; x_wconf 85' lang='lat' dir='ltr'>Illi,</span> <span class='ocrx_word' id='word_1_154' title='bbox 554 1840 705 1883; x_wconf 90' lang='lat' dir='ltr'>omnia</span> <span class='ocrx_word' id='word_1_155' title='bbox 734 1839 926 1899; x_wconf 87' lang='lat' dir='ltr'>experti,</span> <span class='ocrx_word' id='word_1_156' title='bbox 955 1855 1094 1899; x_wconf 91' lang='lat' dir='ltr'>quum</span> <span class='ocrx_word' id='word_1_157' title='bbox 1123 1855 1267 1899; x_wconf 89' lang='lat' dir='ltr'>neque</span> <span class='ocrx_word' id='word_1_158' title='bbox 1293 1840 1336 1882; x_wconf 89' lang='lat' dir='ltr'>vi</span> <span class='ocrx_word' id='word_1_159' title='bbox 1367 1839 1638 1884; x_wconf 86' lang='lat' dir='ltr'>contendero</span> 
     </span>
     <span class='ocr_line' id='line_1_23' title="bbox 230 1918 1637 1983; baseline 0 -18"><span class='ocrx_word' id='word_1_160' title='bbox 230 1930 410 1983; x_wconf 86' lang='lat' dir='ltr'>propter</span> <span class='ocrx_word' id='word_1_161' title='bbox 444 1922 639 1982; x_wconf 86' lang='lat' dir='ltr'>inopiam</span> <span class='ocrx_word' id='word_1_162' title='bbox 666 1920 874 1973; x_wconf 86' lang='lat' dir='ltr'>navium,</span> <span class='ocrx_word' id='word_1_163' title='bbox 905 1935 1050 1979; x_wconf 90' lang='lat' dir='ltr'>neque</span> <span class='ocrx_word' id='word_1_164' title='bbox 1086 1918 1200 1963; x_wconf 84' lang='lat' dir='ltr'>elam</span> <span class='ocrx_word' id='word_1_165' title='bbox 1235 1922 1425 1964; x_wconf 88' lang='lat' dir='ltr'>transire</span> <span class='ocrx_word' id='word_1_166' title='bbox 1456 1930 1637 1982; x_wconf 87' lang='lat' dir='ltr'>propter</span> 
     </span>
     <span class='ocr_line' id='line_1_24' title="bbox 228 2002 1638 2063; baseline -0.001 -15"><span class='ocrx_word' id='word_1_167' title='bbox 228 2003 450 2048; x_wconf 86' lang='lat' dir='ltr'>custodias</span> <span class='ocrx_word' id='word_1_168' title='bbox 476 2003 791 2063; x_wconf 87' lang='lat' dir='ltr'>Menapiorum</span> <span class='ocrx_word' id='word_1_169' title='bbox 825 2010 1022 2062; x_wconf 80' lang='lat' dir='ltr'>possent,</span> <span class='ocrx_word' id='word_1_170' title='bbox 1049 2002 1212 2045; x_wconf 85' lang='lat' dir='ltr'>reverti</span> <span class='ocrx_word' id='word_1_171' title='bbox 1238 2018 1282 2045; x_wconf 89' lang='lat' dir='ltr'>se</span> <span class='ocrx_word' id='word_1_172' title='bbox 1314 2002 1356 2045; x_wconf 93' lang='lat' dir='ltr'>in</span> <span class='ocrx_word' id='word_1_173' title='bbox 1387 2019 1486 2046; x_wconf 90' lang='lat' dir='ltr'>suas</span> <span class='ocrx_word' id='word_1_174' title='bbox 1516 2002 1638 2047; x_wconf 84' lang='lat' dir='ltr'>sedes</span> 
     </span>
     <span class='ocr_line' id='line_1_25' title="bbox 229 2082 1639 2148; baseline -0.002 -17"><span class='ocrx_word' id='word_1_175' title='bbox 229 2087 520 2148; x_wconf 81' lang='lat' dir='ltr'>regionesque</span> <span class='ocrx_word' id='word_1_176' title='bbox 544 2082 887 2139; x_wconf 71' lang='lat' dir='ltr'>simulaverunt,</span> <span class='ocrx_word' id='word_1_177' title='bbox 913 2094 957 2127; x_wconf 90' lang='lat' dir='ltr'>ct</span> <span class='ocrx_word' id='word_1_178' title='bbox 977 2083 1115 2127; x_wconf 87' lang='lat' dir='ltr'>tridui</span> <span class='ocrx_word' id='word_1_179' title='bbox 1138 2083 1252 2127; x_wconf 90' lang='lat' dir='ltr'>viam</span> <span class='ocrx_word' id='word_1_180' title='bbox 1276 2085 1516 2145; x_wconf 83' lang='lat' dir='ltr'>progressi,</span> <span class='ocrx_word' id='word_1_181' title='bbox 1541 2101 1639 2128; x_wconf 90' lang='lat' dir='ltr'>rur-</span> 
     </span>
     <span class='ocr_line' id='line_1_26' title="bbox 229 2164 1640 2226; baseline -0.002 -14"><span class='ocrx_word' id='word_1_182' title='bbox 229 2164 302 2212; x_wconf 87' lang='lat' dir='ltr'>sus</span> <span class='ocrx_word' id='word_1_183' title='bbox 326 2175 634 2223; x_wconf 85' lang='lat' dir='ltr'>reverterunt,</span> <span class='ocrx_word' id='word_1_184' title='bbox 655 2175 807 2226; x_wconf 85' lang='lat' dir='ltr'>atque,</span> <span class='ocrx_word' id='word_1_185' title='bbox 828 2167 950 2209; x_wconf 88' lang='lat' dir='ltr'>omni</span> <span class='ocrx_word' id='word_1_186' title='bbox 974 2165 1058 2209; x_wconf 92' lang='lat' dir='ltr'>hoc</span> <span class='ocrx_word' id='word_1_187' title='bbox 1080 2165 1238 2209; x_wconf 86' lang='lat' dir='ltr'>itinere</span> <span class='ocrx_word' id='word_1_188' title='bbox 1257 2181 1346 2209; x_wconf 87' lang='lat' dir='ltr'>una</span> <span class='ocrx_word' id='word_1_189' title='bbox 1364 2175 1495 2210; x_wconf 90' lang='lat' dir='ltr'>nocte</span> <span class='ocrx_word' id='word_1_190' title='bbox 1518 2166 1640 2226; x_wconf 91' lang='lat' dir='ltr'>equi-</span> 
     </span>
     <span class='ocr_line' id='line_1_27' title="bbox 230 2247 1637 2309; baseline -0.001 -16"><span class='ocrx_word' id='word_1_191' title='bbox 230 2258 326 2294; x_wconf 89' lang='lat' dir='ltr'>tatu</span> <span class='ocrx_word' id='word_1_192' title='bbox 354 2248 578 2305; x_wconf 89' lang='lat' dir='ltr'>confecto,</span> <span class='ocrx_word' id='word_1_193' title='bbox 602 2247 762 2291; x_wconf 88' lang='lat' dir='ltr'>inscios</span> <span class='ocrx_word' id='word_1_194' title='bbox 792 2247 1164 2308; x_wconf 86' lang='lat' dir='ltr'>inopinantesque</span> <span class='ocrx_word' id='word_1_195' title='bbox 1192 2247 1428 2309; x_wconf 88' lang='lat' dir='ltr'>Menapios</span> <span class='ocrx_word' id='word_1_196' title='bbox 1452 2263 1637 2309; x_wconf 92' lang='lat' dir='ltr'>oppres-</span> 
     </span>
     <span class='ocr_line' id='line_1_28' title="bbox 230 2327 1639 2390; baseline -0.001 -16"><span class='ocrx_word' id='word_1_197' title='bbox 230 2340 404 2385; x_wconf 86' lang='lat' dir='ltr'>serunt,</span> <span class='ocrx_word' id='word_1_198' title='bbox 438 2346 536 2390; x_wconf 85' lang='lat' dir='ltr'>qul,</span> <span class='ocrx_word' id='word_1_199' title='bbox 563 2328 617 2373; x_wconf 90' lang='lat' dir='ltr'>de</span> <span class='ocrx_word' id='word_1_200' title='bbox 644 2330 979 2374; x_wconf 85' lang='lat' dir='ltr'>Germanorum</span> <span class='ocrx_word' id='word_1_201' title='bbox 1008 2327 1201 2373; x_wconf 91' lang='lat' dir='ltr'>discessu</span> <span class='ocrx_word' id='word_1_202' title='bbox 1229 2345 1310 2389; x_wconf 91' lang='lat' dir='ltr'>per</span> <span class='ocrx_word' id='word_1_203' title='bbox 1337 2327 1639 2390; x_wconf 81' lang='lat' dir='ltr'>exploratores</span> 
     </span>
     <span class='ocr_line' id='line_1_29' title="bbox 231 2411 1639 2468; baseline 0 -11"><span class='ocrx_word' id='word_1_204' title='bbox 231 2414 443 2457; x_wconf 83' lang='lat' dir='ltr'>certiores</span> <span class='ocrx_word' id='word_1_205' title='bbox 471 2411 594 2468; x_wconf 87' lang='lat' dir='ltr'>facti,</span> <span class='ocrx_word' id='word_1_206' title='bbox 624 2412 718 2454; x_wconf 88' lang='lat' dir='ltr'>sine</span> <span class='ocrx_word' id='word_1_207' title='bbox 752 2420 875 2455; x_wconf 88' lang='lat' dir='ltr'>metu</span> <span class='ocrx_word' id='word_1_208' title='bbox 904 2421 1026 2455; x_wconf 86' lang='lat' dir='ltr'>trans</span> <span class='ocrx_word' id='word_1_209' title='bbox 1062 2411 1270 2456; x_wconf 87' lang='lat' dir='ltr'>Rhenum</span> <span class='ocrx_word' id='word_1_210' title='bbox 1303 2412 1347 2455; x_wconf 88' lang='lat' dir='ltr'>in</span> <span class='ocrx_word' id='word_1_211' title='bbox 1384 2429 1486 2456; x_wconf 89' lang='lat' dir='ltr'>suos</span> <span class='ocrx_word' id='word_1_212' title='bbox 1517 2413 1639 2458; x_wconf 89' lang='lat' dir='ltr'>vicos</span> 
     </span>
     <span class='ocr_line' id='line_1_30' title="bbox 232 2491 1638 2554; baseline -0.001 -16"><span class='ocrx_word' id='word_1_213' title='bbox 232 2494 595 2554; x_wconf 79' lang='lat' dir='ltr'>remigraverant.</span> <span class='ocrx_word' id='word_1_214' title='bbox 623 2493 704 2536; x_wconf 89' lang='lat' dir='ltr'>His</span> <span class='ocrx_word' id='word_1_215' title='bbox 735 2491 999 2548; x_wconf 85' lang='lat' dir='ltr'>interfectis,</span> <span class='ocrx_word' id='word_1_216' title='bbox 1027 2492 1303 2553; x_wconf 83' lang='lat' dir='ltr'>navibusque</span> <span class='ocrx_word' id='word_1_217' title='bbox 1327 2509 1482 2537; x_wconf 90' lang='lat' dir='ltr'>corum</span> <span class='ocrx_word' id='word_1_218' title='bbox 1508 2509 1638 2537; x_wconf 84' lang='lat' dir='ltr'>occu-</span> 
     </span>
     <span class='ocr_line' id='line_1_31' title="bbox 231 2574 1639 2637; baseline -0.001 -17"><span class='ocrx_word' id='word_1_219' title='bbox 231 2577 374 2636; x_wconf 84' lang='lat' dir='ltr'>patis,</span> <span class='ocrx_word' id='word_1_220' title='bbox 399 2575 656 2637; x_wconf 78' lang='lat' dir='ltr'>piiusquam</span> <span class='ocrx_word' id='word_1_221' title='bbox 684 2588 734 2616; x_wconf 86' lang='lat' dir='ltr'>ea</span> <span class='ocrx_word' id='word_1_222' title='bbox 762 2589 864 2633; x_wconf 90' lang='lat' dir='ltr'>pars</span> <span class='ocrx_word' id='word_1_223' title='bbox 893 2574 1230 2636; x_wconf 85' lang='lat' dir='ltr'>Menapiorum,</span> <span class='ocrx_word' id='word_1_224' title='bbox 1260 2591 1357 2635; x_wconf 84' lang='lat' dir='ltr'>quae</span> <span class='ocrx_word' id='word_1_225' title='bbox 1380 2575 1490 2619; x_wconf 85' lang='lat' dir='ltr'>citra</span> <span class='ocrx_word' id='word_1_226' title='bbox 1522 2575 1639 2619; x_wconf 84' lang='lat' dir='ltr'>Rhe-</span> 
     </span>
     <span class='ocr_line' id='line_1_32' title="bbox 239 2653 1636 2716; baseline 0.003 -19"><span class='ocrx_word' id='word_1_227' title='bbox 239 2669 346 2697; x_wconf 90' lang='lat' dir='ltr'>num</span> <span class='ocrx_word' id='word_1_228' title='bbox 375 2654 525 2716; x_wconf 88' lang='lat' dir='ltr'>quieta</span> <span class='ocrx_word' id='word_1_229' title='bbox 557 2656 602 2697; x_wconf 89' lang='lat' dir='ltr'>in</span> <span class='ocrx_word' id='word_1_230' title='bbox 634 2654 724 2698; x_wconf 87' lang='lat' dir='ltr'>suis</span> <span class='ocrx_word' id='word_1_231' title='bbox 748 2653 922 2699; x_wconf 87' lang='lat' dir='ltr'>sedibus</span> <span class='ocrx_word' id='word_1_232' title='bbox 953 2666 1067 2714; x_wconf 86' lang='lat' dir='ltr'>erat,</span> <span class='ocrx_word' id='word_1_233' title='bbox 1100 2658 1264 2701; x_wconf 86' lang='lat' dir='ltr'>certior</span> <span class='ocrx_word' id='word_1_234' title='bbox 1290 2656 1440 2714; x_wconf 84' lang='lat' dir='ltr'>fieret,</span> <span class='ocrx_word' id='word_1_235' title='bbox 1472 2656 1636 2702; x_wconf 80' lang='lat' dir='ltr'>flumen</span> 
     </span>
    </p>
   </div>
  </div>
 </body>
</html>
