1972 3356
432 267 500 303 ¹40
633 260 671 293 (ἶ,
701 259 825 293 JULII
856 257 1073 291 CAESARIS
1105 256 1586 292 COMMENTARIORUM

427 361 500 386 nes
523 352 598 385 aut
623 341 674 384 de
700 340 941 384 honoribus
964 340 1078 396 suis,
1103 349 1177 383 aut
1201 339 1254 383 de
1277 340 1463 400 praemiis
1488 342 1701 400 pecuniae,
1723 355 1798 388 aut

426 423 479 466 ‹tle
512 420 822 483 persequendis
856 420 1091 464 inimicitiis
1118 420 1329 481 agebant3
1357 436 1458 475 nec,
1481 421 1638 480 quibus
1669 425 1798 467 ratio-

427 502 553 545 nibus
574 517 779 562 superare
810 510 1011 562 possent,
1044 500 1144 555 sed,
1168 499 1535 560 quemadmodum
1570 502 1631 544 uti
1662 502 1798 546 victo-

424 582 485 625 ria
509 581 717 625 deberent
734 617 744 637 ,
769 581 1031 642 cogitabant.

486 665 732 707 LXXXIV.
760 665 823 706 Re
851 662 1138 706 frumentaria
1169 672 1411 723 praeparata
1440 663 1791 723 confirmatisque

422 742 664 800 militibus,
692 752 735 786 et
766 743 866 787 satis
896 742 1026 803 longo
1060 743 1198 803 spatio
1230 744 1438 804 temporis
1467 760 1492 787 a
1524 743 1794 805 ‹lyrrachinis

423 823 583 884 proeliis
599 824 868 878 intermisso,
883 823 1000 883 quod
1016 824 1118 867 satis
1134 833 1407 884 perspectum
1427 824 1586 868 habere
1608 822 1794 868 militum

423 904 619 948 animum
641 903 876 958 videretur,
902 902 1157 947 tentandum
1181 905 1327 947 Caesar
1355 904 1637 960 existimavit,
1668 904 1793 965 quid-

422 1002 521 1028 nam
551 985 783 1046 Pompeius
816 984 1029 1045 propositi
1057 993 1133 1027 aut
1156 982 1394 1027 voluntatis
1421 983 1472 1028 ad
1504 984 1794 1028 dimicandum

420 1066 613 1109 haberet.
635 1067 787 1125 Itaque
805 1081 857 1107 ex
875 1064 1028 1108 castris
1050 1064 1286 1108 exercitum
1302 1063 1473 1120 eduxit,
1495 1065 1718 1124 aciemque
1737 1065 1797 1108 in·

420 1147 603 1201 struxit,
628 1145 818 1206 primum
856 1145 944 1188 suis
974 1142 1107 1200 locis,
1136 1143 1355 1204 pauloque
1381 1161 1404 1188 a
1429 1146 1578 1188 castris
1601 1147 1794 1205 Pompeii

420 1226 616 1288 longius,
642 1226 969 1270 continentibus
1003 1241 1104 1268 vero
1129 1224 1305 1274 diebus,
1333 1234 1381 1268 ut
1413 1224 1747 1285 progrederetur
1772 1242 1795 1268 a

421 1308 571 1351 castris
609 1307 724 1363 suis,
757 1305 1029 1365 collibusque
1061 1305 1334 1365 Pompeianis
1370 1305 1505 1349 aciem
1549 1306 1792 1366 subjiceret.

419 1389 531 1444 Quae
549 1404 614 1431 res
634 1388 676 1430 in
696 1386 787 1430 dies
806 1385 1175 1430 confirmatiorem
1195 1386 1288 1446 ejus
1307 1386 1540 1430 exercitum
1564 1386 1792 1430 efficiebat.

419 1469 625 1528 Superius
661 1477 805 1511 tamen
839 1468 1085 1511 institutum
1123 1468 1162 1509 in
1200 1466 1438 1526 equitibus,
1462 1466 1580 1527 quod
1613 1467 1793 1511 demon-

420 1549 669 1602 stravimus,
686 1548 905 1604 servabat,
921 1557 990 1601 ut,
1005 1548 1211 1606 quoniam
1233 1563 1414 1590 numero
1430 1545 1577 1590 multis
1596 1547 1794 1607 partibus

421 1643 529 1672 esset
554 1628 747 1684 inferior,
772 1626 1066 1671 adolescentes
1091 1637 1220 1687 atque
1241 1626 1462 1687 expeditos
1483 1643 1531 1670 ex
1551 1628 1794 1688 antesigna—

423 1710 485 1752 nis
508 1707 667 1752 electos
695 1708 854 1752 milites
882 1707 935 1751 ad
959 1708 1261 1769 pernicitatem
1280 1741 1291 1761 ,
1319 1708 1449 1750 armis
1480 1709 1593 1750 inter
1627 1708 1793 1767 equites

420 1790 794 1851 proeliarijuberet
809 1824 820 1845 ,
840 1790 911 1848 qui
929 1788 1183 1848 quotidiana
1204 1788 1520 1831 consuetudine
1542 1804 1667 1831 usum
1689 1804 1795 1848 quo-

419 1887 504 1930 que
537 1871 629 1930 ejus
657 1869 826 1930 generis
850 1867 1103 1929 proeliorum
1130 1868 1415 1928 perciperent.
1447 1869 1523 1911 His
1551 1878 1645 1912 erat
1669 1869 1796 1912 rebus

420 1952 645 2005 «eflectum,
673 1960 721 1993 ut
744 1950 941 2009 equitum
976 1947 1093 1991 mille
1119 1948 1407 2009 apertioribus
1438 1949 1567 1992 etiam
1601 1948 1704 1993 locis
1729 1965 1791 1993 vi·

421 2030 603 2075 millium
636 2031 1001 2092 Pompeianorum
1034 2030 1266 2090 impetum,
1300 2046 1433 2089 quum
1467 2029 1635 2073 adesset
1669 2047 1796 2083 usus,

420 2113 631 2156 sustinere
672 2110 909 2167 auderent,
947 2126 1086 2169 neque
1117 2126 1380 2170 magnopere
1414 2126 1565 2153 eorum
1601 2110 1798 2155 multitu-

421 2194 522 2238 ‹line
551 2202 831 2236 terrerentur.
871 2192 1069 2250 Namque
1100 2193 1227 2234 etiam
1264 2207 1340 2251 per
1368 2207 1440 2234 eos
1473 2190 1561 2235 (lies
1594 2191 1794 2252 proelium

422 2272 660 2317 seeundum
697 2282 898 2333 equestre
931 2271 1054 2323 secit,
1085 2281 1214 2331 atque
1249 2273 1402 2332 [Egum
1441 2271 1718 2333 Allobrogem
1747 2289 1798 2317 ex

422 2354 611 2410 (luobus,
637 2370 746 2414 quos
767 2352 1005 2414 perfugisse
1027 2352 1079 2396 ad
1103 2352 1356 2412 Pompeium
1391 2369 1519 2413 supra
1548 2353 1797 2408 docuimus,

421 2450 519 2476 cum
541 2432 802 2493 quibusdam
832 2431 1059 2476 interfecit.

490 2516 707 2558 LXXXV.
750 2513 1009 2574 l‘ompeiUS,
1045 2515 1144 2573 quia
1183 2524 1319 2557 castra
1356 2516 1397 2557 in
1438 2513 1547 2557 colle
1586 2514 1798 2568 habehat,

423 2595 475 2638 ad
504 2595 674 2639 intimas
698 2594 865 2639 radices
892 2595 1051 2637 montis
1080 2596 1214 2639 aciem
1242 2595 1513 2646 instruebat3
1539 2611 1723 2654 semper,
1752 2605 1800 2638 ut

424 2677 666 2732 videbatur,
692 2686 890 2737 spectans
907 2711 917 2731 ,
941 2676 973 2719 si
998 2676 1156 2735 iniquis
1184 2675 1286 2719 locis
1312 2678 1454 2719 Caesar
1482 2691 1524 2719 se
1550 2675 1796 2736 subjiceret.
