1972 3356
386 290 457 321 225
615 286 652 319 C.
682 285 806 317 JULII
837 284 1054 318 CAESARIS
1085 284 1343 319 COMMENT.
1375 287 1516 321 LIBER

386 385 517 427 regno
546 365 736 408 subsidio
763 367 822 408 ire
839 400 849 420 ,
876 382 1027 425 quain,
1050 366 1150 408 dum
1179 365 1284 409 alios
1313 367 1537 426 adjuturus
1564 368 1748 427 proficis-

384 455 580 499 ceretur,
603 448 690 505 ipse
711 461 787 487 suo
812 461 944 503 regno
964 444 1187 505 expulsus,
1210 445 1386 489 forsitan
1410 457 1591 507 utraque
1614 463 1658 490 re
1680 463 1750 490 ex-

384 524 626 585 pelleretur.
652 526 801 583 Itaque
821 540 968 567 rursus
993 541 1035 567 se
1057 525 1268 583 recipere,
1288 534 1418 584 atque
1438 524 1594 568 auxilia
1619 526 1747 569 etiam

383 622 404 646 a
432 604 632 664 Scipione
660 603 859 657 abduxit,
886 603 962 645 sibi
989 604 1161 662 suisque
1189 603 1315 646 rebus
1345 604 1518 658 timens3
1542 603 1747 664 elephan-

386 685 521 742 tisque
565 699 652 726 xxx
698 682 879 737 relictis,
920 683 1005 725 suis
1042 682 1198 725 finibus
1241 682 1495 742 oppidisque
1533 684 1749 743 suppetias

383 762 600 822 profectus
627 772 702 805 est.

446 843 609 885 XXVI.
635 844 777 885 Caesar
804 842 1001 896 interim,
1029 858 1161 901 quum
1187 841 1238 883 de
1264 858 1341 884 suo
1368 841 1556 885 adventu
1583 842 1750 885 dubita-

383 923 442 964 tio
467 922 508 963 in
530 922 751 982 provincia
773 931 882 964 esset
898 955 908 972 ‚
933 938 1070 981 neque
1091 923 1318 981 quisquam
1341 922 1558 978 crederet,
1582 923 1723 982 ipsum
1738 957 1749 974 ‚

381 1000 452 1043 serl
493 1000 678 1059 aliquem
718 999 906 1060 legatum
947 1016 1044 1043 cum
1087 1002 1221 1060 copiis
1250 1002 1290 1043 in
1333 1001 1523 1044 Africam
1566 1003 1749 1057 venisse,

380 1080 633 1138 conscriptis
661 1078 812 1122 litteris
842 1080 1004 1121 circum
1044 1080 1309 1138 provinciam
1328 1115 1338 1135 ,
1375 1096 1522 1123 omnes
1556 1081 1749 1123 civitates

380 1158 477 1201 facit
506 1158 558 1201 (le
586 1175 664 1201 suo
690 1158 878 1201 adventu
905 1159 1122 1201 certiores.
1151 1160 1328 1202 Interim
1357 1159 1519 1203 nobiles
1551 1159 1749 1202 homines

380 1255 429 1280 ex
450 1238 537 1280 suis
557 1238 728 1298 oppidis
749 1237 980 1298 profugere
997 1273 1007 1291 ‚
1033 1248 1074 1280 et
1100 1238 1143 1280 in
1168 1248 1307 1281 castra
1328 1239 1509 1282 Caesaris
1529 1237 1749 1292 devenire,

380 1327 422 1360 et
445 1317 497 1360 (le
522 1317 866 1361 adversariorum
893 1317 985 1376 ejus
1009 1318 1242 1361 acerbitate
1265 1317 1606 1378 crudelitateque
1631 1335 1749 1361 com-

380 1413 615 1439 memorare
641 1406 878 1457 coeperunt.
907 1398 1107 1452 Quorum
1135 1396 1334 1457 lacrymis
1362 1396 1632 1458 querelisque
1657 1399 1751 1441 Cae-

381 1493 448 1519 sar
481 1487 746 1532 commotus,
777 1493 911 1536 quum
953 1487 1079 1520 antea
1107 1478 1369 1521 constitisset
1399 1478 1442 1519 in
1478 1478 1643 1520 stativis
1678 1493 1748 1520 ea-

382 1557 499 1608 stris,
541 1566 686 1599 aestate
730 1557 865 1608 inita,
906 1557 1071 1599 cunetis
1099 1557 1232 1616 copiis
1274 1556 1529 1615 auxiliisque
1564 1557 1746 1608 coactis,

380 1634 539 1679 bellum
564 1652 660 1678 cum
680 1635 934 1678 adversariis
954 1637 1040 1678 suis
1059 1651 1205 1696 gerere
1225 1636 1411 1678 instituit
1427 1668 1437 1688 ‚
1458 1634 1612 1678 litteris
1640 1633 1749 1677 cele-

380 1715 483 1756 riter
513 1715 555 1756 in
582 1714 770 1757 Siciliam
799 1714 850 1756 ad
890 1713 1107 1757 Allienum
1146 1724 1187 1757 et
1229 1714 1455 1757 Rabirium
1497 1716 1750 1756 Postumum

380 1793 635 1852 conscriptis
651 1826 661 1846 ,
693 1801 733 1834 et
760 1808 836 1851 per
860 1802 1136 1852 catascopum
1160 1792 1299 1835 missis
1324 1808 1333 1834 :
1364 1811 1384 1832 α
1404 1793 1465 1835 Ut
1494 1792 1585 1834 sine
1608 1807 1750 1845 mora,

380 1882 454 1914 aut
477 1870 564 1914 ulla
588 1872 865 1914 excusatione
891 1871 1042 1914 hiemis
1069 1881 1411 1930 ventorumque,
1435 1870 1648 1914 exercitus
1671 1871 1751 1913 sibi

380 1967 508 2009 quam
547 1949 770 1993 celerrime
804 1959 1173 2010 transportaretur
1211 1967 1220 1993 ε
1263 1950 1450 1994 Africam
1483 1950 1752 2009 provinciam

381 2030 537 2089 perire,
563 2029 844 2089 funditusque
872 2030 1005 2073 everti
1034 2030 1086 2072 ab
1122 2031 1208 2073 suis
1245 2030 1429 2073 inimicis
1467 2046 1476 2072 :
1513 2029 1630 2089 quod
1669 2029 1750 2072 nisi

379 2108 575 2152 celeriter
602 2110 725 2152 sociis
754 2108 866 2152 foret
892 2109 1152 2152 subventum
1174 2144 1185 2165 ,
1213 2118 1369 2169 praeter
1396 2111 1532 2169 ipsam
1560 2108 1750 2153 Africam

381 2197 537 2231 terram
567 2187 696 2243 nihil,
727 2205 780 2231 ne
808 2198 968 2231 tectum
994 2188 1189 2248 quidem,
1218 2205 1304 2248 quo
1342 2205 1386 2232 se
1422 2189 1662 2248 reciperent
1695 2188 1749 2230 ab

381 2267 553 2310 illorum
588 2265 746 2310 scelere
773 2267 1023 2326 insidiisque
1059 2266 1271 2326 reliquum
1308 2268 1517 2310 futurum.
1556 2286 1577 2307 »
1609 2270 1750 2326 Atque

383 2346 471 2405 ipse
513 2348 554 2389 in
583 2356 702 2389 tanta
730 2356 822 2389 erat
849 2346 1123 2390 festinatione
1151 2356 1194 2389 et
1220 2346 1566 2406 exspectatione,
1596 2355 1644 2389 ut
1672 2362 1749 2405 po-

381 2435 496 2468 stero
513 2426 603 2482 die,
620 2443 749 2486 quam
774 2427 958 2470 misisset
978 2426 1143 2470 litteras
1164 2428 1455 2486 nuntiumque
1470 2426 1514 2468 in
1533 2424 1721 2469 Siciliam
1738 2458 1749 2476 ‚

380 2503 557 2549 classem
595 2507 920 2565 exercitumque
960 2507 1119 2548 morari
1160 2505 1342 2559 diceret,
1386 2513 1531 2548 noctes
1576 2503 1752 2562 diesque

380 2582 526 2626 oculos
552 2594 826 2645 mentemque
849 2584 902 2628 ad
931 2601 1047 2627 mare
1073 2584 1303 2645 dispositos
1327 2584 1598 2642 directosque
1620 2581 1751 2624 habe-

382 2671 458 2704 ret.
498 2664 587 2705 Nec
623 2664 783 2707 mirum
821 2681 830 2706 ε
868 2663 1240 2707 animadvertebat
1276 2663 1414 2717 enim,
1454 2660 1572 2704 villas
1611 2661 1751 2714 exuri,
