1972 3356
414 278 480 318 161,
645 276 683 309 C.
711 274 838 308 JULII
868 273 1086 307 CAESARIS
1116 272 1376 308 COMMENT.
1409 276 1554 310 LIBER

408 359 566 403 efficiat
594 375 602 400 ε
633 357 705 400 sed
733 373 781 400 ea
811 356 958 418 plebes
980 374 1029 400 ac
1055 356 1291 401 multitudo
1314 367 1520 401 contenta
1545 368 1608 402 est
1634 375 1782 404 neces-

407 439 521 482 sario
537 471 547 491 ,
573 436 689 497 quod
706 437 803 480 fons
828 436 937 481 urbe
963 446 1053 480 tota
1077 434 1223 481 nullus
1246 446 1321 480 est.
1341 438 1436 481 Hoc
1453 446 1597 480 tamen
1623 437 1783 483 flumen

407 520 451 560 in
479 534 528 561 ea
555 529 678 578 parte
706 517 827 562 urbis
861 527 952 561 erat
969 553 979 573 ,
1005 534 1099 577 quae
1127 517 1180 560 ab
1208 515 1513 562 Alexandrinis
1536 517 1779 562 tenebatur.

407 600 508 654 Quo
548 597 664 641 facto
706 608 771 641 est
813 596 1061 641 admonitus
1105 595 1406 657 Ganymedes,
1448 613 1572 657 posse
1616 607 1785 642 nostros

406 695 517 738 aqua
542 677 801 731 intercludi3
827 678 927 738 qui,
957 677 1177 721 distributi
1204 677 1498 720 munitionum
1524 676 1786 721 tuendarum

407 774 562 813 causa,
599 758 775 801 vicatim
800 774 851 801 ex
880 758 1058 818 privatis
1083 756 1300 812 aedificiis,
1328 757 1543 818 specubus
1570 773 1619 802 ac
1645 758 1785 818 puteis

405 848 595 882 extracta
619 855 729 898 aqua
758 838 1007 882 utebantur.

470 921 544 962 Vl.
580 921 674 961 Hoc
706 917 891 979 probato
921 917 1130 974 consilio,
1162 934 1371 979 magnum
1399 934 1449 961 ac
1471 916 1649 961 difficile
1675 934 1785 979 opus

404 998 670 1059 aggreditur.
704 999 959 1057 Interseptis
993 998 1107 1040 enim
1144 997 1383 1057 specubUS,
1415 1006 1544 1057 atque
1579 998 1784 1041 omnibus

404 1080 524 1122 urbis
556 1079 751 1139 partibus
788 1076 996 1133 exclusis,
1024 1094 1119 1137 quae
1148 1077 1201 1120 ab
1234 1078 1328 1138 ipso
1361 1077 1637 1133 tenebantur,
1663 1094 1786 1138 aquae

403 1175 606 1218 magnam
639 1159 727 1200 vim
758 1173 809 1200 ex
839 1158 949 1200 mari
986 1158 1093 1200 rotis
1130 1173 1179 1200 ac
1213 1155 1613 1200 machinationibus
1642 1157 1786 1218 expri-

404 1254 520 1281 mere
546 1236 786 1281 contendit.
811 1238 935 1280 Hanc
959 1235 1064 1280 locis
1091 1235 1391 1297 superioribus
1416 1235 1598 1279 fundere
1623 1237 1667 1280 in
1687 1253 1785 1297 par-

403 1328 490 1362 tem
539 1319 719 1363 Caesaris
768 1335 855 1361 non
902 1316 1220 1360 intermittebat
1241 1333 1251 1372 ;
1300 1315 1583 1376 quamobrem
1632 1315 1785 1360 salsior

401 1397 533 1458 paulo
557 1409 716 1459 praeter
741 1397 1105 1442 consuetudinem
1137 1413 1248 1457 aqua
1279 1396 1533 1440 trahebatur
1556 1412 1608 1440 ex
1641 1397 1785 1457 proxi-

400 1480 481 1522 mis
504 1478 713 1534 aedificiis,
734 1494 1024 1539 magnamque
1043 1477 1295 1521 hominibus
1319 1476 1656 1520 admirationem
1679 1493 1784 1537 prae-

401 1557 557 1613 bebat,
581 1574 713 1617 quam
740 1558 795 1600 ob
818 1573 992 1600 causam
1018 1556 1062 1600 id
1086 1556 1313 1600 accidisset
1336 1574 1345 1599 z
1370 1572 1450 1599 nec
1471 1557 1574 1599 satis
1595 1556 1677 1599 sibi
1701 1557 1783 1616 ipsi

399 1637 655 1692 credebant,
681 1654 818 1697 quum
842 1653 886 1680 se
911 1636 1139 1680 inferiores
1167 1635 1361 1696 ejusdem
1384 1636 1555 1696 generis
1583 1653 1631 1679 ac
1658 1651 1782 1695 sapo-

399 1717 457 1760 ris
477 1733 589 1776 aqua
613 1716 807 1760 dicerent
828 1717 916 1771 uti,
944 1726 1074 1776 atque
1099 1725 1202 1759 ante
1224 1725 1505 1759 consuessent
1527 1732 1535 1758 :
1560 1714 1781 1775 vulgoque

399 1798 511 1840 inter
542 1813 585 1839 se
619 1796 924 1848 conferebant,
951 1805 994 1839 et
1022 1795 1295 1856 degustando
1312 1829 1323 1850 ,
1351 1806 1564 1854 quantum
1599 1796 1712 1838 inter
1738 1812 1781 1839 se

398 1875 625 1919 differrent
643 1891 764 1936 aquae
780 1910 790 1930 ,
813 1874 1148 1935 cognoscebant.
1169 1877 1309 1917 Parvo
1334 1890 1435 1917 vero
1455 1875 1662 1935 temporis
1686 1891 1781 1935 spa—

398 1958 487 2012 tio,
516 1956 606 1999 liaec
630 1957 811 2016 propior
836 1955 924 1999 bibi
955 1956 1135 1998 omnino
1160 1971 1247 1997 non
1271 1963 1469 2014 poterat3
1501 1953 1572 1998 illa
1599 1954 1780 1999 inferior

396 2036 646 2096 corruptior
668 2036 758 2095 jam
786 2033 1025 2094 salsiorque
1052 2034 1364 2095 reperiebatur.

460 2118 558 2160 VII.
597 2116 699 2172 Quo
730 2115 845 2159 facto
883 2114 1157 2158 dubitatione
1190 2113 1384 2167 sublata,
1423 2124 1569 2158 tantus
1606 2116 1779 2158 incessit

396 2197 542 2250 timor,
573 2205 621 2238 ut
649 2194 702 2238 ad
735 2205 976 2238 extremum
1015 2211 1161 2238 casum
1197 2193 1376 2254 periculi
1414 2211 1564 2238 omnes
1600 2194 1777 2238 deducti

396 2275 664 2329 viderentur,
700 2285 832 2335 atque
867 2273 939 2318 alii
974 2276 1134 2318 morari
1168 2276 1383 2319 Caesarem
1422 2274 1640 2332 dicerent,
1671 2275 1777 2335 quin

396 2371 528 2399 naves
565 2354 858 2400 conscendere
886 2354 1084 2415 juberet3
1114 2354 1187 2399 alii
1223 2355 1361 2399 multo
1394 2357 1638 2417 graviorem
1673 2355 1777 2398 exti-

395 2445 636 2480 mescerent
668 2452 815 2480 casum
833 2469 844 2488 ‚
874 2433 992 2495 quod
1022 2452 1160 2495 neque
1192 2434 1321 2479 celari
1344 2434 1647 2480 Alexandrinis
1673 2449 1775 2494 pos-

395 2525 489 2559 sent
517 2516 561 2560 in
587 2514 839 2577 apparanda
871 2514 969 2574 fuga
986 2549 996 2569 ,
1021 2532 1157 2574 quum
1192 2526 1280 2559 tam
1307 2532 1443 2577 parvo
1468 2515 1608 2576 spatio
1637 2513 1772 2556 dista-

395 2605 491 2638 rent
520 2595 572 2638 ab
599 2595 724 2656 ipffls,
748 2610 912 2654 neque,
933 2592 1015 2637 illis
1037 2594 1365 2639 imminentibus
1388 2604 1518 2656 atque
1543 2595 1776 2653 insequen-

396 2674 528 2730 tibus,
553 2673 664 2718 ullus
684 2676 727 2717 in
751 2689 880 2717 naves
899 2683 1097 2736 receptus
1112 2674 1303 2719 daretur.
1323 2677 1427 2718 Erat
1443 2683 1588 2718 autem
1613 2689 1770 2734 magna
