1972 3356
301 259 346 292 155
436 258 474 291 C.
509 256 636 290 JULM
666 253 884 289 CAESARIS
915 255 1075 289 COMM.
1105 256 1171 289 DE
1202 256 1361 290 BELLO
1391 256 1532 289 GALL.

295 339 518 383 hominem
549 338 906 384 honestissimum
930 338 1168 398 provineiae
1192 337 1373 393 Gassiae,
1407 354 1533 380 suum
1562 336 1686 379 fami-

296 419 446 464 liarem
479 430 522 463 et
555 419 796 479 hospitem,
834 428 1035 479 ereptum
1074 435 1096 461 e
1127 419 1328 462 manibus
1356 418 1570 474 hostium,
1609 416 1689 459 sibi

297 501 548 543 restitutum
566 498 765 555 videbat3
785 515 927 559 neque
945 499 1038 559 ejus
1060 497 1309 543 calamitate
1329 499 1381 542 de
1396 508 1520 542 tanta
1539 496 1691 558 volup-

297 589 383 623 tate
406 589 446 623 et
471 578 768 641 gratulatione
793 579 1035 641 quidquam
1055 579 1231 624 fortuna
1254 580 1541 623 deminuerat.
1564 581 1626 631 Is,
1650 594 1693 621 se

297 670 531 720 praesente,
562 659 615 704 de
643 678 687 704 se
717 671 784 704 ter
813 661 1002 705 sortibus
1028 660 1281 704 consultum
1313 660 1510 716 dicebat,
1543 669 1693 702 utrum

297 741 387 802 igni
412 741 561 785 statim
598 750 852 797 necaretur,
878 758 933 784 an
957 742 1001 784 in
1033 739 1152 784 aliud
1192 750 1362 801 tempus
1398 749 1695 783 reservaretur

298 822 482 865 sortium
512 821 729 864 beneficio
762 839 806 865 se
834 838 926 865 esse
960 820 1241 865 ineolumem.
1275 824 1388 865 Item
1418 822 1480 864 M.
1513 821 1696 864 Mettius

298 911 518 962 repertus,
541 901 657 945 etad
683 918 782 945 eum
807 901 1016 946 reduetus
1044 912 1121 946 est.

366 984 482 1026 LIV.
511 985 606 1027 Hoc
630 982 785 1044 proelio
814 993 935 1027 trans
958 983 1167 1027 Rhenum
1196 984 1419 1038 nuntiato,
1444 983 1600 1036 Suevi,
1622 982 1697 1042 qui

301 1064 356 1108 ad
376 1065 494 1126 ripas
509 1065 654 1110 Rheni
674 1075 906 1120 venerant,
925 1064 1106 1109 domum
1126 1065 1287 1109 reverti
1306 1074 1537 1126 coeperunt
1557 1083 1565 1108 :
1589 1081 1698 1125 quos

300 1145 429 1202 Ubii,
446 1146 522 1206 qui
542 1147 731 1207 proximi
749 1146 954 1190 Rhenum
972 1145 1197 1203 incolunt,
1217 1147 1475 1207 perterritos
1494 1146 1698 1202 insecuti,

303 1242 513 1287 magnum
537 1243 589 1270 ex
610 1227 678 1271 his
700 1243 934 1271 numerum
954 1226 1228 1271 oeciderunt.
1250 1228 1413 1283 Caesar,
1439 1244 1527 1270 una
1553 1236 1700 1271 aestate

304 1306 476 1350 duobus
505 1308 707 1351 maximis
734 1306 860 1351 bellis
887 1307 1118 1365 confectis,
1149 1309 1366 1351 maturius
1403 1307 1534 1368 paulo
1569 1325 1700 1369 quam

307 1396 477 1448 tempus
502 1388 606 1431 anni
637 1387 907 1447 postulabat,
937 1389 981 1430 in
1009 1388 1193 1431 hiberna
1218 1389 1263 1431 in
1291 1390 1518 1448 Sequanos
1544 1389 1703 1432 exerci-

307 1476 400 1511 tum
435 1467 617 1512 deduxit
653 1486 661 1511 :
698 1468 895 1512 hibernis
927 1469 1174 1512 Labienum
1210 1470 1447 1530 praeposuit
1485 1487 1493 1512 :
1531 1470 1621 1530 ipse
1658 1470 1700 1512 in

307 1548 555 1592 citeriorem
579 1547 771 1593 Galliam
801 1549 855 1593 ad
883 1559 1125 1593 conventus
1156 1550 1348 1611 agendos
1374 1550 1595 1610 profectus
1624 1561 1701 1594 est.
