1972 3356
401 268 474 303 300
624 266 662 298 C.
694 263 824 298 JULII
853 261 1072 297 CAESARJS
1100 261 1359 296 COMMENT.
1395 263 1539 299 LIBER

401 349 511 392 fiunt
538 365 546 389 z
573 347 685 390 diem
722 356 765 389 et
802 355 972 389 noctem
1007 345 1088 388 iter
1114 344 1290 388 faciunt.
1324 347 1556 406 Pompeius
1588 347 1771 392 humero

399 438 439 471 et
455 428 630 470 sinistro
645 443 771 470 crure
788 426 1064 470 vehementer
1076 435 1170 468 erat
1191 426 1379 469 saucius.
1402 428 1499 470 Huc
1517 427 1749 471 accedebat
1763 463 1774 481 ‚

401 518 448 551 ut
477 508 606 551 etiam
635 504 768 551 talum
794 507 1031 550 intorsisset
1059 521 1180 566 :quae
1204 521 1269 548 res
1283 506 1470 549 maxime
1495 505 1773 567 impediebat.

400 591 466 631 Ita
482 586 633 631 lectica
660 604 685 632 a
707 597 829 631 turre
847 622 858 643 ,
875 603 959 646 qua
975 595 1084 630 esset
1103 583 1281 641 allatus,
1303 586 1347 628 in
1368 602 1414 629 ea
1434 585 1668 630 ferebatur.
1690 589 1777 631 Lu-

400 670 564 713 sitanus
598 686 718 712 more
745 666 949 724 militari,
975 683 1111 727 quum
1144 682 1169 710 a
1198 666 1378 711 Caesaris
1403 667 1604 726 praesidio
1631 667 1779 712 fuisset

401 760 682 810 conspectus,
709 748 906 793 celeriter
934 748 1129 808 equitatu
1156 747 1495 807 cohortibusque
1522 747 1781 793 circumclu-

401 831 534 874 ditur.
559 833 666 875 Erat
691 846 884 875 accessus
920 828 1004 873 loci
1030 827 1278 872 difficultas.
1311 828 1425 872 Nam
1453 828 1636 886 idcirco,
1662 831 1779 890 quod

403 921 583 973 propter
606 927 707 955 suos
733 928 755 954 a
780 919 930 954 nostro
956 908 1155 970 praesidio
1178 908 1328 952 suisset
1348 919 1611 969 conspectus
1628 945 1639 966 ,
1666 909 1776 954 cele-

403 994 507 1035 riter
543 992 762 1034 munitum
789 989 934 1033 locum
966 998 1144 1043 natura,
1169 1005 1300 1047 quem
1330 999 1505 1048 ceperat
1535 989 1616 1032 sibi
1648 992 1778 1034 Pom-

404 1073 549 1132 peius,
581 1071 779 1131 quamvis
803 1086 962 1131 magna
991 1067 1274 1112 multitudine
1303 1067 1478 1111 deducti
1508 1068 1707 1113 homines
1729 1087 1782 1114 ex

402 1153 625 1213 superiore
658 1150 753 1195 loco
783 1149 1011 1194 defendere
1047 1158 1253 1209 possent,
1284 1149 1484 1192 subeunt.
1517 1151 1568 1192 In
1593 1150 1781 1196 adventu

405 1233 540 1276 nostri
565 1231 847 1292 depelluntur
873 1229 965 1274 telis
987 1247 995 1273 :
1025 1229 1182 1289 quibus
1204 1228 1459 1272 cedentibus
1474 1264 1485 1285 ,
1502 1230 1702 1290 cupidius
1718 1232 1783 1275 in-

403 1312 698 1372 sequebantur
721 1311 982 1367 adversarii,
1019 1319 1061 1353 et
1100 1309 1329 1353 confestim
1366 1308 1598 1353 tardabant
1632 1311 1686 1354 ab
1711 1328 1781 1355 ac-

403 1409 540 1437 cessu.
566 1395 661 1436 Hoc
689 1393 842 1453 saepius
867 1391 1006 1447 facto,
1037 1388 1477 1445 animadvertebatur,
1511 1399 1660 1433 nostro
1691 1407 1782 1435 rna-

405 1491 491 1535 gno
537 1473 581 1517 id
613 1473 706 1517 fieri
759 1470 967 1534 periculo.
1009 1473 1155 1531 Opere
1188 1470 1531 1513 circummunire
1566 1471 1783 1528 instituit,

405 1555 499 1616 pari
519 1564 665 1598 autem
705 1563 748 1598 et
790 1551 919 1596 celeri
960 1551 1236 1595 festinatione
1272 1551 1704 1595 circummunitiones
1741 1553 1782 1595 in

399 1635 507 1695 jugo
533 1633 753 1693 dirigunt,
782 1642 831 1675 ut
865 1648 989 1690 aequo
1013 1630 1121 1691 pede
1149 1647 1249 1673 cum
1280 1629 1538 1673 adversariis
1576 1632 1783 1692 congredi

406 1723 594 1773 possent.
625 1716 661 1758 A
684 1712 841 1773 quibus
861 1727 997 1771 quum
1026 1709 1376 1753 animadversum
1406 1719 1536 1766 esset,
1572 1710 1674 1772 fuga
1703 1712 1782 1756 sibi

404 1793 652 1853 praesidium
676 1793 870 1852 capiunt.

468 1875 676 1916 XXXIX.
705 1872 962 1932 Pompeius,
990 1881 1037 1914 ut
1074 1888 1206 1932 supra
1239 1870 1656 1928 demonstravimus,
1683 1888 1783 1916 sau-

403 1954 494 1998 cius
519 1963 561 1997 et
578 1954 743 1996 intorto
775 1951 885 2009 talo,
916 1953 1080 1996 idcirco
1116 1951 1372 1995 tardabatur
1398 1951 1453 1995 ad
1483 1952 1740 2012 fugiendum
1772 1971 1781 1996 z

405 2035 597 2095 itemque
627 2044 806 2095 propter
835 2033 916 2077 loci
954 2031 1258 2077 difficultatem
1298 2049 1438 2093 neque
1469 2049 1608 2093 equo,
1645 2049 1783 2094 neque

404 2115 608 2159 vehiculo
636 2113 765 2159 saluti
788 2132 875 2158 suae
903 2113 1151 2175 praesidium
1186 2130 1340 2176 parare
1368 2123 1552 2175 poterat.
1582 2113 1730 2158 Caedes
1759 2131 1784 2158 a

406 2197 566 2240 nostris
604 2195 797 2256 undique
843 2195 1257 2251 administrabatur,
1304 2194 1475 2238 exclusa
1515 2196 1784 2248 munitione,

406 2277 659 2338 amissisque
694 2275 878 2321 auxiliis.
907 2275 974 2321 Ad
998 2275 1241 2320 convallem
1273 2285 1419 2319 autem
1453 2285 1584 2336 atque
1609 2291 1784 2319 exesum

407 2356 552 2401 locum
571 2393 582 2411 ‚
617 2368 665 2402 ut
690 2359 733 2401 in
758 2356 1012 2419 speluncam
1028 2391 1039 2413 .-
1066 2358 1301 2418 Pompeius
1321 2373 1366 2400 se
1384 2355 1606 2400 occultare
1628 2356 1758 2416 coepit
1774 2391 1784 2408 ,

406 2447 451 2481 ut
483 2454 507 2481 a
536 2439 693 2483 nostris
721 2456 807 2482 non
833 2437 956 2482 facile
989 2438 1279 2493 inveniretur,
1307 2438 1389 2481 uisi
1414 2436 1687 2498 captivorum
1717 2436 1783 2478 in-

407 2517 533 2562 dicio.
566 2522 631 2562 lta
654 2519 712 2562 ibi
741 2518 1013 2563 interficitur.
1040 2520 1190 2576 Quum
1217 2519 1363 2562 Caesar
1387 2516 1585 2563 Gadibus
1610 2515 1782 2567 fuisset,

409 2599 617 2659 Hispalim
650 2598 790 2660 pridie
811 2599 867 2642 id.
899 2597 1048 2659 aprilis
1075 2608 1206 2660 caput
1227 2597 1431 2654 allatum,
1457 2606 1495 2640 ct
1521 2594 1686 2657 populo
1711 2594 1787 2638 da-

411 2687 501 2723 tum
526 2689 589 2723 cst
614 2680 658 2723 in
684 2690 978 2740 conspectum.
