1972 3356
585 223 652 258 DE
684 223 844 258 BELLO
872 222 1088 257 GALLICO
1118 223 1209 257 LIB.
1236 223 1298 257 lv.
1594 223 1641 265 δῖ

258 304 344 349 vim
373 316 504 367 atque
541 308 755 368 impetum
791 307 988 351 fluminis
1024 323 1235 351 conversa
1276 305 1506 352 statuebat.
1543 307 1644 349 Haec

248 396 431 449 utraque
452 388 631 450 insuper
652 386 928 449 bipedalibus
955 388 1154 433 trabibus
1176 388 1401 444 immissis,
1425 396 1645 449 quantum

245 485 397 513 corum
424 470 650 532 tignorum
671 471 879 530 junctura
910 467 1122 525 distabat,
1153 469 1269 514 binis
1294 471 1504 530 utrinque
1534 469 1647 513 fibu-

245 548 296 593 lis
329 551 383 594 ab
412 560 607 595 extrema
647 559 773 610 parte
813 549 1139 594 distinebantur
1176 567 1185 593 :
1219 551 1380 610 quibus
1416 549 1646 604 disclusis,

243 641 375 692 atque
405 632 449 675 in
475 633 745 676 contrariam
775 641 945 693 partem
975 631 1205 688 revinctis,
1229 641 1352 675 tanta
1378 641 1471 675 erat
1501 633 1648 692 operis

243 712 491 770 firmitudo,
523 724 656 775 atque
694 730 745 758 ea
778 730 927 758 rerum
961 723 1146 769 natura,
1175 721 1247 770 ut,
1282 729 1371 775 quo
1406 713 1549 774 major
1585 716 1648 757 vis

242 810 366 854 aquae
393 811 437 838 se
461 794 751 852 incitavisset,
772 795 856 840 hoc
874 796 1038 840 arctius
1060 794 1228 856 illigata
1253 804 1525 839 tenerentur.
1545 797 1649 839 Haec

242 874 407 920 directa
437 876 620 920 materie
649 877 811 938 injecta
839 877 1214 934 contexebantur,
1243 886 1286 920 et
1315 875 1532 938 longuriis
1554 893 1649 921 cra-

242 956 448 1017 tibusque
468 958 867 1003 consternebantur
891 976 900 1002 :
925 975 975 1003 ac
999 957 1141 1002 nihilo
1161 958 1303 1002 secius
1326 957 1503 1003 sublicae
1528 968 1571 1002 et
1594 959 1649 1002 ad

242 1037 497 1084 inferiorem
522 1050 694 1101 partem
719 1039 913 1084 fluminis
936 1039 1116 1101 oblique
1138 1040 1405 1102 agebantur,
1432 1058 1546 1102 quae,
1568 1058 1650 1102 pro

242 1121 409 1180 pariete
446 1121 673 1182 subjectae,
708 1132 750 1165 et
789 1139 890 1166 cum
925 1123 1047 1166 omni
1086 1138 1220 1183 opere
1255 1123 1525 1183 coiijunctae,
1560 1124 1648 1169 vini

242 1200 440 1245 fluminis
472 1203 749 1263 exciperent,
780 1212 822 1246 et
849 1202 945 1247 aliae
970 1204 1077 1246 item
1105 1219 1240 1264 supra
1266 1214 1450 1265 pontem
1478 1203 1648 1249 medio-

242 1282 305 1326 cri
331 1282 495 1344 spatio,
522 1293 590 1339 ut,
621 1285 655 1327 si
677 1284 889 1328 arborum
921 1285 1092 1341 trunci,
1121 1285 1212 1328 sive
1239 1301 1394 1341 naves,
1416 1285 1649 1346 dejiciendi

240 1364 387 1424 operis
415 1374 560 1408 essent
589 1381 612 1408 a
645 1364 845 1408 barbaris
874 1366 1042 1421 missae,
1067 1366 1134 1409 his
1165 1365 1471 1410 defensoribus
1497 1383 1650 1411 earum

242 1461 389 1489 rerum
415 1446 480 1490 vis
501 1446 799 1502 minueretur,
822 1462 910 1489 neu
933 1447 1059 1506 ponti
1081 1456 1307 1490 nocerent.

305 1529 473 1572 XVIII.
498 1527 667 1572 Diebus
692 1544 746 1584 x,
769 1527 930 1589 quibus
958 1528 1143 1572 materia
1167 1538 1312 1589 coepta
1337 1538 1431 1572 erat
1455 1546 1652 1590 compor-

240 1610 344 1664 tari,
369 1610 491 1654 omni
517 1627 650 1671 opere
675 1609 858 1665 effecto,
885 1610 1104 1654 exercitus
1134 1609 1453 1656 transducitur.
1485 1613 1650 1669 Caesar,

239 1692 294 1736 ad
336 1702 572 1753 utramque
609 1702 782 1754 partem
818 1692 967 1753 pontis
1000 1691 1130 1736 firmo
1165 1692 1371 1754 praesidio
1401 1692 1575 1751 relicto,
1606 1695 1650 1737 in

241 1773 350 1818 fines
377 1774 714 1836 Sigambrorum
737 1773 982 1818 contendit.
1008 1775 1195 1818 Interim
1219 1791 1243 1818 a
1266 1774 1573 1837 compluribus
1598 1777 1652 1820 ci-

238 1855 451 1900 vitatibus
484 1855 541 1899 ad
576 1872 678 1900 eum
719 1854 852 1917 legati
888 1855 1095 1912 veniunt,
1132 1856 1293 1916 quibus
1329 1873 1483 1918 pacem
1519 1866 1651 1919 atque

239 1937 481 1981 amicitiam
519 1936 795 1998 petentibus,
828 1935 1070 1980 liberaliter
1097 1936 1355 1997 respondit,
1388 1937 1651 2000 obsidesque

239 2017 294 2062 ad
329 2034 374 2062 se
406 2016 567 2062 adduci
593 2017 735 2079 jubet.
770 2019 830 2063 At
864 2017 1105 2079 Sigambri,
1138 2034 1190 2061 ex
1223 2034 1275 2061 eo
1312 2024 1530 2079 tempore,
1562 2037 1651 2081 quo

240 2116 351 2161 pons
385 2099 557 2143 institui
593 2108 764 2162 coeptus
803 2109 886 2157 est,
922 2099 1025 2161 fuga
1055 2108 1333 2160 comparata,
1369 2099 1648 2146 hortantibus

240 2181 312 2236 iis,
341 2198 452 2242 quos
479 2198 531 2225 ex
560 2180 854 2225 Tenchtheris
885 2189 1019 2242 atque
1050 2180 1311 2242 Usipetibus
1345 2180 1466 2242 apud
1497 2197 1541 2225 se
1578 2181 1651 2225 ha-

240 2263 425 2319 bebant,
452 2263 613 2307 finibus
637 2264 727 2308 suis
754 2272 1050 2320 excesserant,
1076 2279 1246 2324 suaque
1271 2263 1419 2307 omnia
1449 2272 1652 2324 exporta-

241 2355 398 2388 verant
414 2380 425 2399 ,
448 2361 581 2406 seque
605 2344 648 2389 in
675 2343 961 2389 solitudinem
990 2361 1039 2389 ac
1064 2343 1195 2388 silvas
1216 2342 1493 2388 abdiderant.

304 2428 430 2472 XIX.
461 2429 627 2483 Caesar,
657 2444 823 2488 paucos
854 2426 947 2471 dies
977 2428 1020 2471 in
1054 2441 1211 2471 eorum
1240 2425 1402 2471 finibus
1431 2437 1654 2485 moratus,

240 2508 448 2562 omnibus
477 2510 582 2553 vicis
614 2509 896 2571 aedificiisque
923 2509 1130 2562 incensis,
1163 2507 1488 2570 frumentisque
1511 2510 1652 2555 succi-

242 2593 322 2647 sis,
344 2608 388 2636 se
413 2592 457 2635 iu
480 2591 588 2635 fines
609 2592 828 2636 Ubiorum
854 2591 1019 2653 recepit
1037 2608 1047 2646 3
1064 2600 1196 2651 atque
1219 2590 1268 2634 iis
1289 2589 1505 2635 auxilium
1520 2607 1651 2635 suum

244 2671 486 2733 pollicitus,
510 2675 542 2716 si
560 2675 612 2717 ab
637 2674 790 2718 Sucvis
813 2682 1139 2734 premerentur,
1160 2672 1249 2716 haec
1269 2672 1320 2716 ab
1342 2673 1392 2715 iis
1410 2673 1618 2735 cognovit
1640 2689 1648 2716 ἰ
