1972 3356
636 258 704 293 DE
731 257 891 292 BELLO
922 257 1135 293 GALLICO
1165 259 1255 293 LIB.
1280 259 1326 291 V.
1620 272 1693 294 101,

297 351 393 386 tatu
416 338 559 394 valet,
587 356 858 401 magnasque
881 341 1014 384 habet
1039 342 1186 402 copias
1211 342 1434 403 peditum,
1459 343 1691 388 Rhenum·

296 436 403 480 que,
420 429 471 463 ut
489 436 622 481 supra
639 419 1060 476 demonstravimus,
1081 423 1235 483 tangit.
1258 425 1310 467 In
1334 440 1383 467 ea
1403 423 1583 468 civitate
1602 423 1690 467 duo

297 500 350 543 de
384 500 636 561 principatu
673 501 789 545 inter
823 518 867 544 se
898 501 1252 559 contendebant,
1289 503 1624 548 Indutiomarus
1648 515 1693 548 et

296 579 555 640 Cingetorix
579 597 587 623 :
613 597 665 624 ex
690 581 851 641 quibus
875 580 1007 638 alter,
1033 580 1165 626 simul
1188 591 1319 642 atque
1346 583 1399 627 de
1420 586 1603 629 Caesaris
1629 583 1692 628 le-

296 659 564 721 gionumque
606 659 800 705 adventu
839 662 1068 723 cognitum
1112 671 1194 718 est,
1237 661 1292 706 ad
1327 679 1426 707 eum
1464 666 1610 719 venit3
1648 682 1693 709 se

252 740 263 749 ¹
297 756 484 804 suosque
511 758 662 785 omnes
692 742 736 785 in
761 741 907 787 officio
933 742 1124 798 futuros,
1145 759 1289 804 neque
1318 744 1371 787 ab
1397 745 1590 789 amicitia
1616 763 1693 806 po·

294 821 386 884 puli
411 823 586 866 romani
611 822 857 867 defecturos
886 823 1188 881 confirmavit,
1219 841 1411 885 quaeque.
1430 826 1474 869 in
1499 826 1693 870 Treviris

294 913 568 965 gererentur,
586 903 790 948 ostendit.
817 908 873 948 At
900 904 1234 949 Indutiomarus
1255 905 1503 966 equitatum
1521 906 1693 968 pedita-

294 994 479 1046 tumque
501 1001 678 1047 cogere,
698 985 861 1045 iisque,
883 985 958 1045 qui
980 1003 1058 1047 per
1078 995 1251 1030 aetatem
1269 986 1314 1030 in
1337 987 1471 1031 armis
1491 1003 1584 1031 esse
1603 1004 1693 1032 non

293 1074 518 1126 poterant,
543 1067 589 1110 in
610 1064 765 1110 silvam
784 1065 1072 1111 Arduennam
1099 1067 1280 1125 abditis,
1302 1085 1398 1129 quae
1419 1069 1589 1129 ingenti
1606 1085 1695 1112 ma-

293 1147 528 1208 gnitudine
554 1163 632 1208 per
657 1147 826 1193 medios
847 1147 955 1192 fines
976 1149 1262 1193 Trevirorum
1286 1166 1308 1193 a
1328 1149 1512 1194 flumine
1534 1150 1694 1195 Rheno

293 1225 348 1270 ad
384 1228 560 1272 initium
587 1231 832 1272 Remorum
864 1231 1077 1290 pertinet,
1107 1228 1272 1273 bellum
1305 1247 1461 1291 parare
1485 1232 1691 1275 instituit.

293 1306 378 1351 Sed
404 1319 692 1369 posteaquam
717 1308 923 1352 nonnulli
947 1310 1168 1370 principes
1193 1327 1243 1353 ex
1268 1326 1317 1353 ea
1339 1311 1544 1367 civitate,
1566 1319 1608 1354 et
1633 1310 1694 1354 fa—

295 1385 548 1433 miliaritate
574 1389 871 1450 Cingetorigis
892 1389 1093 1445 adducti,
1119 1400 1163 1433 et
1185 1390 1378 1434 adventu
1402 1392 1543 1434 nostri
1570 1407 1692 1434 exer-

293 1472 404 1519 citus
433 1470 679 1531 perterriti,
708 1469 763 1513 ad
786 1472 1004 1514 Caesarem
1027 1480 1264 1526 venerunt,
1287 1482 1330 1515 et
1357 1471 1410 1515 de
1433 1472 1521 1515 suis
1546 1472 1691 1531 priva-

295 1552 370 1595 tim
396 1551 529 1596 rebus
555 1551 607 1594 ab
627 1568 678 1594 eo
705 1560 854 1612 petere
882 1561 1132 1612 coeperunt,
1155 1553 1367 1613 quoniam
1390 1553 1559 1596 civitati
1584 1568 1690 1595 con-

292 1631 435 1676 sulere
456 1649 545 1676 non
566 1641 764 1693 possent,
786 1632 1141 1687 Indutiomarus,
1157 1633 1324 1677 veritus
1344 1650 1399 1677 ne
1414 1633 1471 1677 ad
1483 1633 1690 1678 omnibus

291 1711 590 1771 desereretur,
617 1711 782 1775 legatos
806 1713 860 1757 ad
885 1715 1102 1758 Caesarem
1127 1714 1266 1759 mittit
1291 1732 1300 1758 ε
1329 1731 1419 1759 sese
1447 1714 1611 1758 idcirco
1634 1716 1688 1759 ab

289 1794 378 1837 suis
404 1793 628 1843 discedere
649 1803 780 1855 atque
802 1795 858 1839 ad
878 1812 979 1839 eum
995 1797 1146 1840 venire
1170 1794 1385 1852 noluisse,
1407 1813 1496 1857 quo
1516 1796 1688 1841 facilius

291 1874 517 1918 civitatem
541 1875 586 1917 in
608 1874 755 1919 officio
780 1875 1048 1931 contineret,
1081 1893 1135 1919 ne
1165 1878 1308 1920 omnis
1332 1876 1576 1922 nobilitatis
1600 1877 1688 1922 dis-

288 1971 412 1998 cessu
432 1954 554 2015 plebs
579 1965 761 2016 propter
786 1955 1131 2016 imprudentiam
1158 1955 1393 2000 laberetur.
1419 1959 1574 2018 Itaque
1595 1976 1686 2003 esse

290 2035 512 2079 civitatem
537 2036 583 2079 in
611 2052 688 2079 sua
714 2045 949 2097 potestate,
976 2053 1128 2097 seque,
1159 2038 1193 2080 si
1217 2039 1366 2081 Caesar
1387 2039 1681 2098 permitteret,

291 2116 344 2159 ad
364 2132 465 2160 eum
486 2117 530 2159 in
556 2126 702 2162 castra
723 2127 983 2174 venturum,
1009 2127 1053 2161 et
1071 2134 1170 2161 suas
1190 2119 1468 2179 civitatisque
1486 2119 1683 2164 fortunas

288 2197 381 2258 ejus
410 2196 512 2241 fidei
540 2198 873 2258 permissurum.

353 2280 430 2323 IV.
467 2280 635 2333 Caesar,
668 2281 748 2325 etsi
788 2279 1082 2342 intelligebat,
1115 2298 1200 2342 qua
1233 2280 1285 2325 de
1318 2298 1449 2326 causa
1481 2299 1530 2326 ea
1568 2285 1683 2332 dice-¹

289 2369 464 2416 rentur,
487 2377 672 2421 quaeque
694 2377 795 2405 eum
815 2378 882 2406 res
906 2363 959 2406 ab
985 2363 1190 2406 instituto
1213 2362 1396 2407 consilio
1419 2363 1681 2422 deterreret,

287 2451 462 2495 tamen,
503 2457 558 2484 ne
596 2450 787 2485 aestatem
821 2443 867 2486 in
900 2444 1092 2487 Treviris
1132 2459 1393 2488 consumere
1426 2455 1681 2506 cogeretur,

287 2522 494 2565 omnibus
523 2521 578 2565 ad
605 2522 911 2567 Britannicum
938 2522 1105 2568 bellum
1134 2524 1265 2568 rebus
1298 2526 1583 2586 comparatis,
1609 2527 1683 2569 In-

287 2602 589 2648 dutiomarum
626 2602 682 2647 ad
711 2620 756 2647 se
778 2620 880 2648 cum
916 2621 970 2650 cc
1002 2605 1227 2649 obsidibus
1252 2606 1405 2650 venire
1434 2606 1575 2666 jussit.
1605 2608 1682 2651 His

286 2683 506 2741 adductis,
536 2685 581 2728 in
612 2685 664 2729 iis
695 2683 787 2729 filio
819 2687 1166 2747 propinquisque
1191 2687 1284 2746 ejus
1317 2687 1543 2745 omnibus,
1572 2705 1683 2750 quos
