1972 3356
272 278 345 301 202
484 270 522 302 C.
557 269 683 304 JULII
715 269 934 305 CAESARIS
963 271 1453 308 COMMENTARIORUM

273 350 439 394 idoneis
465 351 588 411 equis
617 353 874 409 utebantur,
899 371 923 397 a
948 355 1137 399 tribunis
1161 354 1353 400 militum
1380 355 1667 418 reliquisque,

270 430 345 474 sed
382 440 424 473 et
458 432 681 491 equitibus
712 435 905 478 romanis
944 445 1076 496 atque
1102 437 1315 493 evocatis,
1351 453 1486 497 equos
1516 439 1668 495 sumit,

272 512 597 573 Germanisque
621 513 860 559 distribuit.

335 593 494 638 LXVI.
533 596 724 652 Interea,
753 595 862 640 dum
900 597 994 642 haec
1031 608 1267 660 geruntur,
1306 599 1502 644 hostium
1538 600 1672 660 copiae

270 689 323 716 ex
348 675 578 734 Arvernis,
603 677 859 739 equitesque
893 680 968 739 qui
998 680 1077 724 toti
1109 679 1264 726 Galliae
1297 689 1422 724 erant
1450 681 1671 740 imperati,

271 756 556 800 conveniunt.
582 759 748 820 Magno
771 759 932 804 horum
955 771 1110 805 coacto
1130 778 1336 817 numero,
1365 778 1504 822 quum
1531 765 1674 807 Caesar

272 837 316 879 in
345 837 569 898 Sequanos
602 856 680 900 per
707 850 924 886 extremos
953 843 1207 903 Lingonum
1242 843 1349 886 fines
1378 844 1460 887 iter
1487 843 1673 898 faceret,

270 934 360 978 quo
395 917 565 964 facilius
596 921 842 966 subsidium
876 924 1122 967 Provinciae
1159 923 1261 968 ferri
1297 935 1465 985 posset,
1501 926 1675 969 circiter

272 997 409 1042 millia
433 1017 641 1061 passuum
667 1020 690 1046 x
713 1003 767 1046 ab
790 1005 1025 1060 Romanis,
1056 1005 1183 1048 trinis
1208 1006 1362 1049 castris
1384 1006 1675 1066 Vercingeto-

271 1080 337 1122 rix
363 1081 583 1135 consedit;
613 1084 957 1144 convocatisque
985 1084 1039 1128 ad
1067 1084 1304 1129 concilium
1324 1085 1537 1146 praefectis
1556 1087 1678 1146 equi-

272 1168 386 1218 tum,
420 1163 591 1206 venisse
623 1173 797 1224 tempus
826 1166 1022 1209 victoriae
1045 1165 1320 1210 demonstrat
1349 1183 1357 1209 :
1392 1169 1601 1227 «Fugere
1632 1168 1676 1210 in

270 1244 550 1288 Provinciam
598 1247 850 1303 Romanos,
888 1246 1122 1309 Galliaque
1161 1247 1387 1292 excedere.
1426 1248 1477 1292 Id
1509 1248 1589 1292 sibi
1624 1248 1679 1292 ad

272 1334 532 1384 praesentem
561 1326 848 1372 obtinendam
879 1327 1128 1374 libertatem
1158 1331 1261 1373 satis
1291 1346 1403 1384 esse,
1433 1328 1487 1373 ad
1521 1327 1678 1390 reliqui

273 1407 483 1467 temporis
517 1423 671 1468 pacem
700 1419 832 1470 atque
859 1410 1001 1454 otium
1030 1427 1188 1472 parum
1223 1410 1406 1472 profici;
1439 1411 1680 1472 majoribus

273 1487 391 1530 enim
417 1490 577 1533 coactis
603 1491 742 1551 copiis
772 1508 1047 1547 reversuros,
1073 1509 1215 1553 neque
1240 1492 1375 1536 finem
1404 1491 1507 1536 belli
1538 1492 1679 1537 factu-

271 1584 357 1611 ros.
394 1570 587 1613 Proinde
622 1573 799 1632 agmine
835 1573 1071 1633 impeditos
1111 1573 1371 1617 adoriantur
1403 1592 1410 1618 :
1442 1574 1476 1618 si
1512 1574 1680 1636 pedites

271 1650 360 1693 suis
391 1649 605 1694 auxilium
639 1651 803 1708 ferant,
840 1663 972 1714 atque
1010 1655 1054 1698 in
1083 1670 1135 1697 eo
1170 1665 1425 1711 morentur,
1464 1657 1547 1699 iter
1576 1672 1680 1699 con-

274 1727 345 1773 fici
384 1748 472 1775 non
511 1748 657 1793 posse,
690 1735 724 1777 si
767 1733 834 1795 (id
871 1734 991 1795 quod
1026 1736 1166 1796 magis
1204 1735 1402 1780 futurum
1440 1736 1679 1793 confidat),

274 1810 436 1855 relictis
455 1813 804 1874 impedimentiS,
826 1832 913 1859 suae
934 1814 1063 1859 saluti
1083 1816 1339 1873 consulant,
1361 1828 1404 1861 ct
1424 1835 1507 1861 usu
1530 1835 1680 1862 rerum

273 1894 621 1938 necessariarum
656 1905 699 1939 et
725 1895 940 1957 dignitate
965 1895 1205 1958 spoliatum
1233 1898 1299 1941 iri.
1333 1900 1451 1943 Nam
1480 1898 1534 1943 de
1563 1902 1682 1960 equi-

274 1974 390 2017 tibus
423 1975 640 2032 hostium,
674 1978 781 2038 quin
810 1995 941 2022 nemo
964 1995 1118 2022 eorum
1150 1981 1359 2041 progredi
1391 1981 1526 2025 modo
1559 1991 1681 2026 extra

271 2071 429 2115 agmen
459 2057 638 2113 audeat,
663 2076 718 2103 ne
746 2061 863 2120 ipsos
891 2060 1070 2121 quidem
1095 2060 1254 2105 debere
1282 2062 1499 2106 dubitare.
1521 2063 1572 2107 Id
1592 2079 1681 2123 quo

274 2136 440 2197 majore
463 2137 625 2183 faciant
641 2141 811 2195 animo,
831 2142 979 2202 copias
1003 2158 1046 2185 se
1063 2159 1215 2186 omnes
1234 2159 1316 2203 pro
1333 2145 1485 2187 castris
1501 2143 1679 2188 habitu-

272 2233 392 2274 rum,
417 2227 459 2262 et
487 2222 648 2264 terrori
672 2222 873 2266 hostibus
898 2222 1150 2267 futurum.»
1170 2223 1464 2270 Conclamant
1486 2226 1679 2286 equites,

272 2317 293 2338 α
312 2300 588 2345 sanctissimo
615 2303 908 2364 jurejurando
943 2305 1198 2350 confirmari
1222 2316 1446 2367 oportere,
1476 2324 1530 2351 ne
1564 2317 1680 2351 tecto

273 2381 531 2441 recipiatur,
560 2400 614 2427 ne
641 2383 696 2428 ad
720 2383 902 2439 liberos,
928 2403 981 2430 ne
1008 2386 1063 2430 ad
1088 2398 1312 2448 parentes,
1341 2405 1395 2431 ne
1417 2388 1472 2432 ad
1497 2405 1678 2432 uxorem

273 2461 443 2506 aditum
474 2464 655 2520 habeat,
692 2467 768 2526 qui
801 2483 889 2509 non
931 2468 994 2511 bis
1030 2485 1107 2528 per
1133 2469 1328 2513 hostium
1361 2487 1520 2531 agmen
1557 2486 1681 2530 pere-

275 2543 473 2600 quitarit.
498 2564 518 2584 ))

342 2625 524 2669 LXVII.
565 2627 752 2671 Probata
779 2645 847 2684 re,
884 2639 1016 2689 atque
1050 2631 1257 2675 omnibus
1283 2630 1338 2674 ad
1363 2630 1677 2691 jusjurandum

276 2703 458 2761 adactis,
486 2718 661 2766 postero
690 2708 783 2765 dic,
816 2710 859 2752 in
892 2720 977 2754 tres
1006 2721 1150 2771 partes
1182 2711 1420 2755 distributo
1452 2711 1679 2771 equitatu,
