1972 3356
405 265 478 300 230
638 263 676 298 e.
705 262 836 297 sum
866 262 1085 297 CAEsAms
1115 261 1377 298 COMMENT.
1407 265 1553 300 LIBER

403 363 579 403 navem,
617 347 660 390 in
688 361 775 406 qua
803 355 930 389 erant
971 345 1060 389 duo
1091 345 1223 401 Titii,
1260 345 1444 407 Hispani
1473 345 1790 404 adolescentes,

402 429 569 471 tribuni
592 426 778 488 legionis
795 442 824 470 v
837 461 848 482 ,
871 442 1059 487 quorum
1086 435 1255 487 patrem
1277 427 1425 471 Caesar
1445 427 1489 470 in
1509 437 1710 471 senatum
1730 427 1792 472 le-

401 519 549 570 gerat,
582 517 625 552 et
661 524 763 552 cum
795 508 863 552 his
889 509 939 551 T.
974 505 1201 561 Salienus,
1231 509 1432 552 centurio
1461 506 1646 570 legionis
1680 507 1793 567 ejus-

402 589 525 644 dem,
563 590 639 650 qui
672 590 736 634 M.
770 588 1002 633 Messalam
1052 586 1243 650 legatum
1287 588 1519 633 obsederat
1554 590 1791 645 Messanae,

400 669 728 714 seditiosissima
761 670 962 715 oratione
981 668 1097 729 apud
1128 686 1228 712 eum
1264 685 1392 725 usus;
1430 668 1634 730 idemque
1662 686 1794 731 pecu-

401 751 520 794 niam
553 760 596 794 et
620 759 881 795 ornamenta
920 749 1134 811 triumphi
1171 750 1354 794 Caesaris
1390 749 1621 794 retinenda
1655 760 1699 794 et
1719 767 1791 795 cu·

401 831 630 875 stodienda
651 841 906 885 curaverat,
940 841 984 875 et
1011 831 1068 875 ob
1095 831 1173 875 has
1199 847 1349 875 causas
1377 831 1560 875 timebat
1586 831 1679 876 sibi.
1710 833 1793 876 Hic

401 921 584 973 propter
607 912 922 956 conscientiam
938 921 1221 973 peccatorum
1245 928 1426 955 suorum
1448 913 1665 973 persuasit
1686 911 1792 956 ado-

400 991 687 1047 lescentibus,
723 1009 777 1036 ne
808 1002 1128 1053 repugnarent,
1163 1009 1342 1052 seseque
1378 991 1565 1054 Virgilio
1593 992 1792 1038 transde-

401 1083 511 1117 rent.
534 1072 885 1133 Itaquededucti
911 1089 935 1116 a
954 1072 1146 1134 Virgilio
1167 1073 1221 1116 ad
1240 1074 1510 1134 Scipionem,
1533 1074 1789 1118 custodibus

401 1153 628 1207 transditi,
665 1163 706 1197 et
748 1163 846 1214 post
878 1152 993 1197 diem
1047 1154 1225 1197 tertium
1272 1163 1374 1197 sunt
1424 1153 1658 1198 interfecti.
1701 1155 1793 1212 Qui

401 1252 538 1295 quum
559 1235 828 1279 ducerentur
855 1235 909 1278 ad
939 1252 1113 1289 necem,
1144 1236 1300 1296 petisse
1314 1235 1475 1279 dicitur
1499 1236 1638 1297 major
1653 1237 1794 1289 Titius

400 1333 421 1359 a
461 1316 824 1371 centurionibus,
860 1318 923 1360 uti
955 1333 999 1360 se
1027 1318 1239 1378 priorem,
1263 1334 1392 1377 quam
1423 1316 1632 1375 fratrem,
1662 1318 1795 1362 inter-

399 1397 607 1453 ficerent3
638 1397 771 1458 idque
806 1398 858 1441 ab
892 1399 951 1441 eis
989 1397 1113 1441 facilc
1143 1399 1421 1458 impetrasse,
1445 1408 1577 1459 atque
1605 1399 1665 1443 ita
1703 1416 1795 1444 esse

402 1479 671 1523 interfectos.

465 1561 630 1604 XXIX.
673 1562 848 1604 Turmae
882 1561 1058 1604 interim
1096 1561 1319 1620 equitum,
1357 1577 1452 1621 quae
1485 1578 1565 1621 pro
1597 1560 1711 1606 vallo
1750 1563 1793 1605 in

402 1640 665 1684 stationibus
695 1657 787 1685 esse
815 1640 1013 1684 solebant
1041 1640 1095 1684 ab
1124 1642 1320 1701 utrisque
1348 1639 1560 1697 ducibus,
1596 1641 1795 1702 quotidie

402 1721 583 1764 minutis
618 1719 782 1781 proeliis
812 1722 925 1765 inter
958 1738 1001 1765 se
1036 1720 1292 1782 depugnare
1327 1737 1414 1765 non
1459 1722 1755 1766 intermittunt
1785 1740 1793 1765 :

402 1817 722 1861 nonnunquam
753 1802 884 1844 etiam
925 1802 1137 1845 Germani
1165 1800 1373 1861 Gallique
1411 1802 1668 1846 Labieniani
1694 1819 1793 1847 curn

402 1882 585 1925 Caesaris
615 1881 856 1942 equitibus,
892 1880 977 1925 fide
1014 1882 1140 1938 data,
1172 1882 1285 1925 inter
1325 1898 1369 1926 se
1412 1880 1793 1944 colloquebantur.

402 1962 622 2006 Labienus
644 1963 817 2006 interim
844 1979 943 2006 cum
969 1972 1091 2022 parte
1119 1963 1341 2023 equitatus
1364 1963 1536 2023 Leptim
1555 1963 1765 2025 oppidum
1784 1999 1796 2015 ,

404 2043 476 2088 cui
501 2054 690 2104 praeerat
715 2045 901 2088 Saserna
927 2060 1027 2087 cum
1049 2044 1308 2088 cohortibus
1335 2060 1411 2100 111,
1439 2061 1724 2106 oppugnare,
1747 2061 1797 2089 ac

401 2126 442 2167 vi
471 2125 718 2186 irrumpere
740 2125 982 2168 conabatur
1010 2143 1017 2167 :
1045 2125 1164 2185 quod
1190 2125 1242 2168 ab
1264 2125 1590 2181 defensoribus,
1617 2135 1797 2187 propter

400 2206 620 2266 egregiam
659 2206 950 2250 munitionem
979 2206 1131 2267 oppidi
1171 2217 1214 2250 et
1249 2217 1568 2251 tormentorum
1605 2205 1796 2250 multitu-

403 2285 575 2341 dinem,
600 2286 725 2331 facile
751 2296 794 2331 et
818 2288 910 2331 sine
945 2286 1140 2347 periculo
1178 2287 1509 2332 defendebatur.
1547 2287 1680 2344 Quod
1721 2287 1795 2331 ubi

402 2368 557 2428 saepius
583 2368 676 2428 ejus
695 2369 914 2428 equitatus
945 2367 1085 2411 facere
1112 2385 1197 2412 non
1230 2369 1569 2425 intermittebat,
1595 2378 1638 2412 et
1657 2385 1794 2429 quum

401 2447 516 2491 forte
539 2458 639 2492 ante
659 2459 830 2509 portam
858 2459 1003 2493 turma
1027 2449 1162 2493 densa
1179 2449 1442 2506 adstitisset,
1464 2451 1698 2510 scorpione
1725 2465 1795 2493 ac-

401 2530 595 2573 curatius
620 2531 779 2583 misso,
806 2540 936 2590 atque
959 2546 1112 2574 eorum
1142 2531 1380 2575 decurione
1409 2546 1639 2592 percusso,
1668 2539 1711 2574 et
1739 2529 1793 2574 ad

403 2610 691 2655 decumanam
708 2611 875 2666 defixo,
898 2611 1052 2671 reliqui
1073 2614 1313 2672 perterriti,
1336 2612 1439 2674 fuga
1463 2613 1562 2656 sein
1577 2621 1716 2655 castra
1733 2628 1797 2656 re·

404 2690 587 2747 cipiunt.
606 2692 710 2748 Quo
733 2692 845 2736 facto
870 2702 1017 2753 postea
1045 2704 1145 2736 sunt
1161 2692 1353 2737 deterriti
1377 2691 1587 2753 oppidum
1613 2701 1792 2737 tentare.
