<?xml version="1.0" encoding="UTF-8"?>
<!DOCTYPE html PUBLIC "-//W3C//DTD XHTML 1.0 Transitional//EN"
    "http://www.w3.org/TR/xhtml1/DTD/xhtml1-transitional.dtd">
<html xmlns="http://www.w3.org/1999/xhtml" xml:lang="en" lang="en">
 <head>
  <title>
</title>
<meta http-equiv="Content-Type" content="text/html;charset=utf-8" />
  <meta name='ocr-system' content='tesseract 3.04.00' />
  <meta name='ocr-capabilities' content='ocr_page ocr_carea ocr_par ocr_line ocrx_word'/>
</head>
<body>
  <div class='ocr_page' id='page_1' title='image "./operajoh0102caesuoft_0382.png"; bbox 0 0 1972 3356; ppageno 0'>
   <div class='ocr_carea' id='block_1_1' title="bbox 305 196 1489 247">
    <p class='ocr_par' dir='ltr' id='par_1_1' title="bbox 305 196 1489 247">
     <span class='ocr_line' id='line_1_1' title="bbox 305 196 1489 247; baseline -0.001 -11"><span class='ocrx_word' id='word_1_1' title='bbox 305 201 353 247; x_wconf 78' lang='lat'>76</span> <span class='ocrx_word' id='word_1_2' title='bbox 515 200 552 235; x_wconf 95' lang='lat' dir='ltr'>C.</span> <span class='ocrx_word' id='word_1_3' title='bbox 577 199 708 234; x_wconf 87' lang='lat' dir='ltr'>JUL11</span> <span class='ocrx_word' id='word_1_4' title='bbox 739 197 962 233; x_wconf 86' lang='lat' dir='ltr'><strong>CAESARIS</strong></span> <span class='ocrx_word' id='word_1_5' title='bbox 991 196 1489 235; x_wconf 75' lang='lat' dir='ltr'>COMMENTARIORUM</span> 
     </span>
    </p>
   </div>
   <div class='ocr_carea' id='block_1_2' title="bbox 292 280 1709 2628">
    <p class='ocr_par' dir='ltr' id='par_1_2' title="bbox 292 280 1709 2628">
     <span class='ocr_line' id='line_1_2' title="bbox 304 280 1708 344; baseline 0.001 -15"><span class='ocrx_word' id='word_1_6' title='bbox 304 285 497 341; x_wconf 85' lang='lat' dir='ltr'>factum,</span> <span class='ocrx_word' id='word_1_7' title='bbox 524 284 695 344; x_wconf 86' lang='lat' dir='ltr'>inquit,</span> <span class='ocrx_word' id='word_1_8' title='bbox 726 282 877 326; x_wconf 83' lang='lat' dir='ltr'>omnia</span> <span class='ocrx_word' id='word_1_9' title='bbox 901 280 1105 342; x_wconf 86' lang='lat' dir='ltr'><strong>deinceps</strong></span> <span class='ocrx_word' id='word_1_10' title='bbox 1134 282 1377 343; x_wconf 85' lang='lat' dir='ltr'>municipia</span> <span class='ocrx_word' id='word_1_11' title='bbox 1404 293 1508 327; x_wconf 89' lang='lat' dir='ltr'>sunt</span> <span class='ocrx_word' id='word_1_12' title='bbox 1535 295 1680 330; x_wconf 81' lang='lat' dir='ltr'>secuta</span> <span class='ocrx_word' id='word_1_13' title='bbox 1697 322 1708 341; x_wconf 83' lang='lat'>,</span> 
     </span>
     <span class='ocr_line' id='line_1_3' title="bbox 304 362 1707 425; baseline 0 -16"><span class='ocrx_word' id='word_1_14' title='bbox 304 381 446 425; x_wconf 86' lang='lat' dir='ltr'>neque</span> <span class='ocrx_word' id='word_1_15' title='bbox 471 365 564 410; x_wconf 88' lang='lat' dir='ltr'>sine</span> <span class='ocrx_word' id='word_1_16' title='bbox 594 380 725 408; x_wconf 85' lang='lat' dir='ltr'>causa</span> <span class='ocrx_word' id='word_1_17' title='bbox 763 372 807 407; x_wconf 92' lang='lat' dir='ltr'>et</span> <span class='ocrx_word' id='word_1_18' title='bbox 832 364 978 408; x_wconf 84' lang='lat' dir='ltr'>Caesar</span> <span class='ocrx_word' id='word_1_19' title='bbox 1009 362 1273 406; x_wconf 86' lang='lat' dir='ltr'>amicissime</span> <span class='ocrx_word' id='word_1_20' title='bbox 1313 362 1367 406; x_wconf 86' lang='lat' dir='ltr'>de</span> <span class='ocrx_word' id='word_1_21' title='bbox 1397 363 1549 421; x_wconf 88' lang='lat' dir='ltr'>vobis,</span> <span class='ocrx_word' id='word_1_22' title='bbox 1577 375 1618 408; x_wconf 81' lang='lat' dir='ltr'>et</span> <span class='ocrx_word' id='word_1_23' title='bbox 1647 365 1707 410; x_wconf 85' lang='lat' dir='ltr'>illi</span> 
     </span>
     <span class='ocr_line' id='line_1_4' title="bbox 305 443 1708 507; baseline 0.001 -18"><span class='ocrx_word' id='word_1_24' title='bbox 305 445 562 507; x_wconf 82' lang='lat' dir='ltr'>gravissime</span> <span class='ocrx_word' id='word_1_25' title='bbox 589 444 922 507; x_wconf 86' lang='lat' dir='ltr'>judicaverunt.</span> <span class='ocrx_word' id='word_1_26' title='bbox 960 444 1200 505; x_wconf 88' lang='lat' dir='ltr'>Pompeius</span> <span class='ocrx_word' id='word_1_27' title='bbox 1238 445 1355 488; x_wconf 89' lang='lat' dir='ltr'>enim</span> <span class='ocrx_word' id='word_1_28' title='bbox 1390 443 1514 489; x_wconf 84' lang='lat' dir='ltr'>nullo</span> <span class='ocrx_word' id='word_1_29' title='bbox 1554 445 1708 507; x_wconf 88' lang='lat' dir='ltr'>proelio</span> 
     </span>
     <span class='ocr_line' id='line_1_5' title="bbox 302 525 1707 588; baseline 0.002 -18"><span class='ocrx_word' id='word_1_30' title='bbox 302 525 477 588; x_wconf 87' lang='lat' dir='ltr'>pulsus,</span> <span class='ocrx_word' id='word_1_31' title='bbox 510 527 639 571; x_wconf 87' lang='lat' dir='ltr'>vestri</span> <span class='ocrx_word' id='word_1_32' title='bbox 672 526 772 571; x_wconf 82' lang='lat' dir='ltr'>facti</span> <span class='ocrx_word' id='word_1_33' title='bbox 797 525 1054 588; x_wconf 75' lang='lat' dir='ltr'>praejudicio</span> <span class='ocrx_word' id='word_1_34' title='bbox 1079 525 1304 584; x_wconf 85' lang='lat' dir='ltr'>demotus,</span> <span class='ocrx_word' id='word_1_35' title='bbox 1331 525 1457 571; x_wconf 84' lang='lat' dir='ltr'>Italia</span> <span class='ocrx_word' id='word_1_36' title='bbox 1484 528 1668 573; x_wconf 85' lang='lat' dir='ltr'>excessit</span> <span class='ocrx_word' id='word_1_37' title='bbox 1698 547 1707 572; x_wconf 92' lang='lat'>:</span> 
     </span>
     <span class='ocr_line' id='line_1_6' title="bbox 300 607 1709 671; baseline 0.002 -20"><span class='ocrx_word' id='word_1_38' title='bbox 300 611 448 652; x_wconf 82' lang='lat' dir='ltr'>Caesar</span> <span class='ocrx_word' id='word_1_39' title='bbox 467 624 536 653; x_wconf 89' lang='lat' dir='ltr'>me</span> <span class='ocrx_word' id='word_1_40' title='bbox 553 643 564 665; x_wconf 93' lang='lat'>,</span> <span class='ocrx_word' id='word_1_41' title='bbox 590 625 722 670; x_wconf 87' lang='lat' dir='ltr'>quem</span> <span class='ocrx_word' id='word_1_42' title='bbox 744 607 824 652; x_wconf 89' lang='lat' dir='ltr'>sibi</span> <span class='ocrx_word' id='word_1_43' title='bbox 847 608 1124 652; x_wconf 86' lang='lat' dir='ltr'>carissimum</span> <span class='ocrx_word' id='word_1_44' title='bbox 1146 607 1321 663; x_wconf 86' lang='lat' dir='ltr'>habuit,</span> <span class='ocrx_word' id='word_1_45' title='bbox 1348 608 1709 671; x_wconf 82' lang='lat' dir='ltr'>provinciamque</span> 
     </span>
     <span class='ocr_line' id='line_1_7' title="bbox 302 688 1707 751; baseline 0.001 -18"><span class='ocrx_word' id='word_1_46' title='bbox 302 688 498 735; x_wconf 85' lang='lat' dir='ltr'>Siciliam</span> <span class='ocrx_word' id='word_1_47' title='bbox 517 699 651 751; x_wconf 86' lang='lat' dir='ltr'>atque</span> <span class='ocrx_word' id='word_1_48' title='bbox 674 689 891 746; x_wconf 84' lang='lat' dir='ltr'>Africam,</span> <span class='ocrx_word' id='word_1_49' title='bbox 913 690 1006 734; x_wconf 84' lang='lat' dir='ltr'>sine</span> <span class='ocrx_word' id='word_1_50' title='bbox 1029 689 1190 750; x_wconf 88' lang='lat' dir='ltr'>quibus</span> <span class='ocrx_word' id='word_1_51' title='bbox 1211 689 1374 734; x_wconf 83' lang='lat' dir='ltr'>Urbem</span> <span class='ocrx_word' id='word_1_52' title='bbox 1390 699 1523 751; x_wconf 85' lang='lat' dir='ltr'>atque</span> <span class='ocrx_word' id='word_1_53' title='bbox 1537 689 1707 735; x_wconf 86' lang='lat' dir='ltr'>Italiam</span> 
     </span>
     <span class='ocr_line' id='line_1_8' title="bbox 302 770 1708 833; baseline 0.001 -18"><span class='ocrx_word' id='word_1_54' title='bbox 302 772 416 816; x_wconf 86' lang='lat' dir='ltr'>tucri</span> <span class='ocrx_word' id='word_1_55' title='bbox 439 789 526 816; x_wconf 90' lang='lat' dir='ltr'>non</span> <span class='ocrx_word' id='word_1_56' title='bbox 553 781 718 833; x_wconf 89' lang='lat' dir='ltr'>potest,</span> <span class='ocrx_word' id='word_1_57' title='bbox 739 781 891 816; x_wconf 85' lang='lat' dir='ltr'>vestrae</span> <span class='ocrx_word' id='word_1_58' title='bbox 917 770 1018 814; x_wconf 86' lang='lat' dir='ltr'>fidei</span> <span class='ocrx_word' id='word_1_59' title='bbox 1041 771 1296 815; x_wconf 88' lang='lat' dir='ltr'>commissit.</span> <span class='ocrx_word' id='word_1_60' title='bbox 1318 770 1508 827; x_wconf 83' lang='lat' dir='ltr'>Adsunt,</span> <span class='ocrx_word' id='word_1_61' title='bbox 1534 773 1609 833; x_wconf 92' lang='lat' dir='ltr'>qui</span> <span class='ocrx_word' id='word_1_62' title='bbox 1632 789 1708 816; x_wconf 91' lang='lat' dir='ltr'>vos</span> 
     </span>
     <span class='ocr_line' id='line_1_9' title="bbox 300 851 1708 915; baseline 0 -18"><span class='ocrx_word' id='word_1_63' title='bbox 300 854 560 910; x_wconf 83' lang='lat' dir='ltr'>hortentur,</span> <span class='ocrx_word' id='word_1_64' title='bbox 584 864 633 898; x_wconf 88' lang='lat' dir='ltr'>ut</span> <span class='ocrx_word' id='word_1_65' title='bbox 658 871 683 897; x_wconf 84' lang='lat' dir='ltr'>a</span> <span class='ocrx_word' id='word_1_66' title='bbox 708 853 836 897; x_wconf 86' lang='lat' dir='ltr'>nobis</span> <span class='ocrx_word' id='word_1_67' title='bbox 863 853 1126 897; x_wconf 85' lang='lat' dir='ltr'>desciscatis.</span> <span class='ocrx_word' id='word_1_68' title='bbox 1154 851 1277 910; x_wconf 85' lang='lat' dir='ltr'><strong>Quid</strong></span> <span class='ocrx_word' id='word_1_69' title='bbox 1301 853 1417 896; x_wconf 90' lang='lat' dir='ltr'>enim</span> <span class='ocrx_word' id='word_1_70' title='bbox 1435 862 1500 898; x_wconf 80' lang='lat' dir='ltr'>est</span> <span class='ocrx_word' id='word_1_71' title='bbox 1529 852 1612 897; x_wconf 89' lang='lat' dir='ltr'>illis</span> <span class='ocrx_word' id='word_1_72' title='bbox 1632 870 1708 915; x_wconf 87' lang='lat' dir='ltr'>op-</span> 
     </span>
     <span class='ocr_line' id='line_1_10' title="bbox 300 935 1707 997; baseline 0.002 -19"><span class='ocrx_word' id='word_1_73' title='bbox 300 936 455 992; x_wconf 79' lang='lat' dir='ltr'>tatius,</span> <span class='ocrx_word' id='word_1_74' title='bbox 485 952 620 997; x_wconf 86' lang='lat' dir='ltr'>quam</span> <span class='ocrx_word' id='word_1_75' title='bbox 651 952 740 979; x_wconf 92' lang='lat' dir='ltr'>uno</span> <span class='ocrx_word' id='word_1_76' title='bbox 770 945 966 996; x_wconf 81' lang='lat' dir='ltr'>tempore</span> <span class='ocrx_word' id='word_1_77' title='bbox 1002 944 1046 978; x_wconf 81' lang='lat' dir='ltr'>et</span> <span class='ocrx_word' id='word_1_78' title='bbox 1083 952 1161 978; x_wconf 88' lang='lat' dir='ltr'>nos</span> <span class='ocrx_word' id='word_1_79' title='bbox 1193 935 1531 991; x_wconf 84' lang='lat' dir='ltr'>circumvenire,</span> <span class='ocrx_word' id='word_1_80' title='bbox 1559 945 1602 979; x_wconf 86' lang='lat' dir='ltr'>et</span> <span class='ocrx_word' id='word_1_81' title='bbox 1630 953 1707 981; x_wconf 81' lang='lat' dir='ltr'>vos</span> 
     </span>
     <span class='ocr_line' id='line_1_11' title="bbox 302 1009 1707 1077; baseline 0.001 -17"><span class='ocrx_word' id='word_1_82' title='bbox 302 1017 469 1061; x_wconf 83' lang='lat' dir='ltr'>nefario</span> <span class='ocrx_word' id='word_1_83' title='bbox 510 1016 671 1061; x_wconf 80' lang='lat' dir='ltr'>scelere</span> <span class='ocrx_word' id='word_1_84' title='bbox 704 1014 1005 1077; x_wconf 75' lang='lat' dir='ltr'>obstringere?</span> <span class='ocrx_word' id='word_1_85' title='bbox 1047 1019 1134 1060; x_wconf 85' lang='lat' dir='ltr'>Aut</span> <span class='ocrx_word' id='word_1_86' title='bbox 1170 1015 1277 1076; x_wconf 85' lang='lat' dir='ltr'>quid</span> <span class='ocrx_word' id='word_1_87' title='bbox 1320 1016 1420 1059; x_wconf 89' lang='lat' dir='ltr'>irati</span> <span class='ocrx_word' id='word_1_88' title='bbox 1448 1009 1626 1077; x_wconf 78' lang='lat' dir='ltr'>gravius</span> <span class='ocrx_word' id='word_1_89' title='bbox 1654 1017 1707 1061; x_wconf 88' lang='lat' dir='ltr'>de</span> 
     </span>
     <span class='ocr_line' id='line_1_12' title="bbox 302 1095 1704 1159; baseline 0 -17"><span class='ocrx_word' id='word_1_90' title='bbox 302 1099 423 1143; x_wconf 74' lang='lat' dir='ltr'>vobis</span> <span class='ocrx_word' id='word_1_91' title='bbox 445 1099 606 1142; x_wconf 83' lang='lat' dir='ltr'>sentire</span> <span class='ocrx_word' id='word_1_92' title='bbox 630 1107 832 1159; x_wconf 82' lang='lat' dir='ltr'>possunt,</span> <span class='ocrx_word' id='word_1_93' title='bbox 861 1114 996 1158; x_wconf 83' lang='lat' dir='ltr'>quam</span> <span class='ocrx_word' id='word_1_94' title='bbox 1031 1107 1080 1141; x_wconf 89' lang='lat' dir='ltr'>ut</span> <span class='ocrx_word' id='word_1_95' title='bbox 1114 1113 1187 1141; x_wconf 88' lang='lat' dir='ltr'>eos</span> <span class='ocrx_word' id='word_1_96' title='bbox 1209 1095 1427 1158; x_wconf 82' lang='lat' dir='ltr'>prodatis,</span> <span class='ocrx_word' id='word_1_97' title='bbox 1459 1099 1534 1158; x_wconf 89' lang='lat' dir='ltr'>qui</span> <span class='ocrx_word' id='word_1_98' title='bbox 1561 1116 1606 1142; x_wconf 87' lang='lat' dir='ltr'>se</span> <span class='ocrx_word' id='word_1_99' title='bbox 1630 1116 1704 1142; x_wconf 85' lang='lat' dir='ltr'>vo-</span> 
     </span>
     <span class='ocr_line' id='line_1_13' title="bbox 299 1178 1705 1240; baseline 0.001 -18"><span class='ocrx_word' id='word_1_100' title='bbox 299 1181 363 1224; x_wconf 79' lang='lat' dir='ltr'>bis</span> <span class='ocrx_word' id='word_1_101' title='bbox 388 1181 539 1224; x_wconf 88' lang='lat' dir='ltr'>onmia</span> <span class='ocrx_word' id='word_1_102' title='bbox 571 1178 729 1223; x_wconf 84' lang='lat' dir='ltr'>‹lebcre</span> <span class='ocrx_word' id='word_1_103' title='bbox 750 1178 974 1240; x_wconf 75' lang='lat' dir='ltr'>judicant3</span> <span class='ocrx_word' id='word_1_104' title='bbox 1006 1189 1049 1222; x_wconf 82' lang='lat' dir='ltr'>ct</span> <span class='ocrx_word' id='word_1_105' title='bbox 1079 1179 1121 1221; x_wconf 91' lang='lat' dir='ltr'>in</span> <span class='ocrx_word' id='word_1_106' title='bbox 1153 1194 1307 1222; x_wconf 88' lang='lat' dir='ltr'>eorum</span> <span class='ocrx_word' id='word_1_107' title='bbox 1338 1188 1601 1240; x_wconf 85' lang='lat' dir='ltr'>potestatem</span> <span class='ocrx_word' id='word_1_108' title='bbox 1633 1198 1705 1225; x_wconf 88' lang='lat' dir='ltr'>vc·</span> 
     </span>
     <span class='ocr_line' id='line_1_14' title="bbox 298 1261 1704 1323; baseline 0.001 -18"><span class='ocrx_word' id='word_1_109' title='bbox 298 1263 448 1318; x_wconf 82' lang='lat' dir='ltr'>niatis,</span> <span class='ocrx_word' id='word_1_110' title='bbox 486 1262 562 1323; x_wconf 90' lang='lat' dir='ltr'>qui</span> <span class='ocrx_word' id='word_1_111' title='bbox 604 1279 647 1306; x_wconf 88' lang='lat' dir='ltr'>sc</span> <span class='ocrx_word' id='word_1_112' title='bbox 681 1278 760 1323; x_wconf 90' lang='lat' dir='ltr'>per</span> <span class='ocrx_word' id='word_1_113' title='bbox 788 1278 863 1305; x_wconf 85' lang='lat' dir='ltr'>vos</span> <span class='ocrx_word' id='word_1_114' title='bbox 907 1261 1070 1323; x_wconf 84' lang='lat' dir='ltr'>perisse</span> <span class='ocrx_word' id='word_1_115' title='bbox 1105 1261 1386 1304; x_wconf 72' lang='lat' dir='ltr'>existimant?</span> <span class='ocrx_word' id='word_1_116' title='bbox 1428 1263 1496 1305; x_wconf 86' lang='lat' dir='ltr'>An</span> <span class='ocrx_word' id='word_1_117' title='bbox 1529 1263 1704 1306; x_wconf 82' lang='lat' dir='ltr'>veroin</span> 
     </span>
     <span class='ocr_line' id='line_1_15' title="bbox 301 1341 1706 1406; baseline 0.001 -19"><span class='ocrx_word' id='word_1_118' title='bbox 301 1345 509 1405; x_wconf 83' lang='lat' dir='ltr'>Hispania</span> <span class='ocrx_word' id='word_1_119' title='bbox 548 1361 617 1388; x_wconf 87' lang='lat' dir='ltr'>res</span> <span class='ocrx_word' id='word_1_120' title='bbox 658 1354 798 1406; x_wconf 83' lang='lat' dir='ltr'>gestas</span> <span class='ocrx_word' id='word_1_121' title='bbox 829 1345 1012 1389; x_wconf 81' lang='lat' dir='ltr'>Caesaris</span> <span class='ocrx_word' id='word_1_122' title='bbox 1041 1360 1130 1387; x_wconf 86' lang='lat' dir='ltr'>non</span> <span class='ocrx_word' id='word_1_123' title='bbox 1160 1341 1372 1387; x_wconf 75' lang='lat' dir='ltr'>audistis?</span> <span class='ocrx_word' id='word_1_124' title='bbox 1408 1342 1523 1388; x_wconf 81' lang='lat' dir='ltr'>duos</span> <span class='ocrx_word' id='word_1_125' title='bbox 1555 1342 1706 1405; x_wconf 85' lang='lat' dir='ltr'>pulsos</span> 
     </span>
     <span class='ocr_line' id='line_1_16' title="bbox 296 1424 1705 1487; baseline 0.001 -19"><span class='ocrx_word' id='word_1_126' title='bbox 296 1426 544 1470; x_wconf 65' lang='lat' dir='ltr'>exercitus?</span> <span class='ocrx_word' id='word_1_127' title='bbox 572 1426 682 1470; x_wconf 90' lang='lat' dir='ltr'>duos</span> <span class='ocrx_word' id='word_1_128' title='bbox 710 1435 942 1486; x_wconf 87' lang='lat' dir='ltr'>superatos</span> <span class='ocrx_word' id='word_1_129' title='bbox 965 1425 1132 1469; x_wconf 74' lang='lat' dir='ltr'>duces?</span> <span class='ocrx_word' id='word_1_130' title='bbox 1161 1424 1268 1468; x_wconf 87' lang='lat' dir='ltr'>duas</span> <span class='ocrx_word' id='word_1_131' title='bbox 1296 1435 1496 1485; x_wconf 82' lang='lat' dir='ltr'>rcccptas</span> <span class='ocrx_word' id='word_1_132' title='bbox 1523 1426 1705 1487; x_wconf 87' lang='lat' dir='ltr'>provin-</span> 
     </span>
     <span class='ocr_line' id='line_1_17' title="bbox 296 1505 1701 1568; baseline -0.001 -17"><span class='ocrx_word' id='word_1_133' title='bbox 296 1506 411 1551; x_wconf 71' lang='lat' dir='ltr'>cias?</span> <span class='ocrx_word' id='word_1_134' title='bbox 445 1507 536 1551; x_wconf 83' lang='lat' dir='ltr'>haec</span> <span class='ocrx_word' id='word_1_135' title='bbox 567 1516 666 1551; x_wconf 86' lang='lat' dir='ltr'>acta</span> <span class='ocrx_word' id='word_1_136' title='bbox 701 1506 854 1550; x_wconf 90' lang='lat' dir='ltr'>dicbus</span> <span class='ocrx_word' id='word_1_137' title='bbox 883 1505 1205 1567; x_wconf 85' lang='lat' dir='ltr'>quadraginta,</span> <span class='ocrx_word' id='word_1_138' title='bbox 1242 1507 1404 1567; x_wconf 86' lang='lat' dir='ltr'>quibus</span> <span class='ocrx_word' id='word_1_139' title='bbox 1436 1507 1478 1549; x_wconf 89' lang='lat' dir='ltr'>in</span> <span class='ocrx_word' id='word_1_140' title='bbox 1515 1523 1701 1568; x_wconf 88' lang='lat' dir='ltr'>conspe-</span> 
     </span>
     <span class='ocr_line' id='line_1_18' title="bbox 297 1586 1704 1647; baseline 0.001 -17"><span class='ocrx_word' id='word_1_141' title='bbox 297 1598 419 1632; x_wconf 67' lang='lat' dir='ltr'>ctum</span> <span class='ocrx_word' id='word_1_142' title='bbox 449 1588 803 1632; x_wconf 85' lang='lat' dir='ltr'>adversariorum</span> <span class='ocrx_word' id='word_1_143' title='bbox 835 1589 1002 1632; x_wconf 87' lang='lat' dir='ltr'>venerit</span> <span class='ocrx_word' id='word_1_144' title='bbox 1031 1586 1204 1631; x_wconf 72' lang='lat' dir='ltr'>Caesar?</span> <span class='ocrx_word' id='word_1_145' title='bbox 1234 1590 1323 1642; x_wconf 84' lang='lat' dir='ltr'>An,</span> <span class='ocrx_word' id='word_1_146' title='bbox 1359 1588 1434 1647; x_wconf 90' lang='lat' dir='ltr'>qui</span> <span class='ocrx_word' id='word_1_147' title='bbox 1461 1586 1704 1632; x_wconf 78' lang='lat' dir='ltr'>incolumes</span> 
     </span>
     <span class='ocr_line' id='line_1_19' title="bbox 298 1668 1704 1730; baseline -0.001 -17"><span class='ocrx_word' id='word_1_148' title='bbox 298 1671 496 1714; x_wconf 82' lang='lat' dir='ltr'>resistere</span> <span class='ocrx_word' id='word_1_149' title='bbox 532 1686 620 1713; x_wconf 90' lang='lat' dir='ltr'>non</span> <span class='ocrx_word' id='word_1_150' title='bbox 649 1679 907 1730; x_wconf 86' lang='lat' dir='ltr'>potuerunt,</span> <span class='ocrx_word' id='word_1_151' title='bbox 951 1668 1110 1729; x_wconf 86' lang='lat' dir='ltr'>perditi</span> <span class='ocrx_word' id='word_1_152' title='bbox 1149 1668 1385 1712; x_wconf 75' lang='lat' dir='ltr'>resistant?</span> <span class='ocrx_word' id='word_1_153' title='bbox 1419 1685 1496 1712; x_wconf 89' lang='lat' dir='ltr'>vos</span> <span class='ocrx_word' id='word_1_154' title='bbox 1531 1678 1704 1721; x_wconf 85' lang='lat' dir='ltr'>autem,</span> 
     </span>
     <span class='ocr_line' id='line_1_20' title="bbox 296 1749 1702 1810; baseline -0.001 -15"><span class='ocrx_word' id='word_1_155' title='bbox 296 1753 463 1795; x_wconf 71' lang='lat' dir='ltr'>incerta</span> <span class='ocrx_word' id='word_1_156' title='bbox 509 1751 693 1794; x_wconf 81' lang='lat' dir='ltr'>victoria</span> <span class='ocrx_word' id='word_1_157' title='bbox 733 1752 950 1794; x_wconf 83' lang='lat' dir='ltr'>Caesarem</span> <span class='ocrx_word' id='word_1_158' title='bbox 997 1750 1156 1803; x_wconf 88' lang='lat' dir='ltr'>secuti,</span> <span class='ocrx_word' id='word_1_159' title='bbox 1198 1749 1438 1809; x_wconf 86' lang='lat' dir='ltr'>dijudicata</span> <span class='ocrx_word' id='word_1_160' title='bbox 1477 1750 1565 1810; x_wconf 83' lang='lat' dir='ltr'>jam</span> <span class='ocrx_word' id='word_1_161' title='bbox 1602 1749 1702 1794; x_wconf 79' lang='lat' dir='ltr'>belli</span> 
     </span>
     <span class='ocr_line' id='line_1_21' title="bbox 296 1830 1703 1892; baseline 0 -16"><span class='ocrx_word' id='word_1_162' title='bbox 296 1832 501 1888; x_wconf 82' lang='lat' dir='ltr'>fortuna,</span> <span class='ocrx_word' id='word_1_163' title='bbox 532 1832 699 1875; x_wconf 88' lang='lat' dir='ltr'>victum</span> <span class='ocrx_word' id='word_1_164' title='bbox 725 1831 994 1891; x_wconf 71' lang='lat' dir='ltr'>sequamini,</span> <span class='ocrx_word' id='word_1_165' title='bbox 1027 1847 1165 1891; x_wconf 84' lang='lat' dir='ltr'>quum</span> <span class='ocrx_word' id='word_1_166' title='bbox 1203 1830 1334 1874; x_wconf 81' lang='lat' dir='ltr'>vestri</span> <span class='ocrx_word' id='word_1_167' title='bbox 1367 1830 1500 1875; x_wconf 86' lang='lat' dir='ltr'>officii</span> <span class='ocrx_word' id='word_1_168' title='bbox 1525 1833 1703 1892; x_wconf 84' lang='lat' dir='ltr'>praemia</span> 
     </span>
     <span class='ocr_line' id='line_1_22' title="bbox 295 1912 1704 1975; baseline 0 -18"><span class='ocrx_word' id='word_1_169' title='bbox 295 1915 522 1975; x_wconf 72' lang='lat' dir='ltr'>percipere</span> <span class='ocrx_word' id='word_1_170' title='bbox 544 1912 765 1957; x_wconf 75' lang='lat' dir='ltr'>debeatis?</span> <span class='ocrx_word' id='word_1_171' title='bbox 791 1915 1002 1956; x_wconf 83' lang='lat' dir='ltr'>Desertos</span> <span class='ocrx_word' id='word_1_172' title='bbox 1028 1913 1147 1956; x_wconf 85' lang='lat' dir='ltr'>cuim</span> <span class='ocrx_word' id='word_1_173' title='bbox 1173 1929 1216 1956; x_wconf 90' lang='lat' dir='ltr'>se</span> <span class='ocrx_word' id='word_1_174' title='bbox 1235 1929 1285 1956; x_wconf 91' lang='lat' dir='ltr'>ac</span> <span class='ocrx_word' id='word_1_175' title='bbox 1313 1912 1511 1973; x_wconf 90' lang='lat' dir='ltr'>proditos</span> <span class='ocrx_word' id='word_1_176' title='bbox 1534 1930 1557 1957; x_wconf 84' lang='lat' dir='ltr'>a</span> <span class='ocrx_word' id='word_1_177' title='bbox 1581 1913 1704 1957; x_wconf 87' lang='lat' dir='ltr'>vobis</span> 
     </span>
     <span class='ocr_line' id='line_1_23' title="bbox 295 1994 1703 2056; baseline 0 -17"><span class='ocrx_word' id='word_1_178' title='bbox 295 1996 469 2049; x_wconf 85' lang='lat' dir='ltr'>dicunt,</span> <span class='ocrx_word' id='word_1_179' title='bbox 500 2005 542 2039; x_wconf 90' lang='lat' dir='ltr'>ct</span> <span class='ocrx_word' id='word_1_180' title='bbox 569 1995 729 2056; x_wconf 86' lang='lat' dir='ltr'>prioris</span> <span class='ocrx_word' id='word_1_181' title='bbox 753 1996 1017 2038; x_wconf 80' lang='lat' dir='ltr'>sacramenti</span> <span class='ocrx_word' id='word_1_182' title='bbox 1048 1995 1317 2039; x_wconf 76' lang='lat' dir='ltr'>mentionem</span> <span class='ocrx_word' id='word_1_183' title='bbox 1346 1994 1525 2038; x_wconf 84' lang='lat' dir='ltr'>faciunt.</span> <span class='ocrx_word' id='word_1_184' title='bbox 1555 1997 1703 2039; x_wconf 83' lang='lat' dir='ltr'>Vosne</span> 
     </span>
     <span class='ocr_line' id='line_1_24' title="bbox 295 2075 1702 2134; baseline 0.001 -15"><span class='ocrx_word' id='word_1_185' title='bbox 295 2093 399 2120; x_wconf 86' lang='lat' dir='ltr'>vero</span> <span class='ocrx_word' id='word_1_186' title='bbox 426 2079 474 2121; x_wconf 87' lang='lat' dir='ltr'>L.</span> <span class='ocrx_word' id='word_1_187' title='bbox 496 2077 770 2134; x_wconf 88' lang='lat' dir='ltr'>Domitium,</span> <span class='ocrx_word' id='word_1_188' title='bbox 801 2093 855 2120; x_wconf 86' lang='lat' dir='ltr'>aii</span> <span class='ocrx_word' id='word_1_189' title='bbox 882 2093 956 2119; x_wconf 85' lang='lat' dir='ltr'>vos</span> <span class='ocrx_word' id='word_1_190' title='bbox 975 2078 1024 2120; x_wconf 92' lang='lat' dir='ltr'>L.</span> <span class='ocrx_word' id='word_1_191' title='bbox 1042 2077 1266 2120; x_wconf 85' lang='lat' dir='ltr'>Domitius</span> <span class='ocrx_word' id='word_1_192' title='bbox 1293 2075 1517 2120; x_wconf 76' lang='lat' dir='ltr'>deseruit?</span> <span class='ocrx_word' id='word_1_193' title='bbox 1542 2076 1702 2121; x_wconf 85' lang='lat' dir='ltr'>Nonne</span> 
     </span>
     <span class='ocr_line' id='line_1_25' title="bbox 292 2156 1701 2220; baseline 0 -19"><span class='ocrx_word' id='word_1_194' title='bbox 292 2167 534 2203; x_wconf 80' lang='lat' dir='ltr'>extremam</span> <span class='ocrx_word' id='word_1_195' title='bbox 561 2159 651 2220; x_wconf 86' lang='lat' dir='ltr'>pati</span> <span class='ocrx_word' id='word_1_196' title='bbox 682 2158 910 2202; x_wconf 87' lang='lat' dir='ltr'>fortunam</span> <span class='ocrx_word' id='word_1_197' title='bbox 935 2168 1112 2219; x_wconf 87' lang='lat' dir='ltr'>paratos</span> <span class='ocrx_word' id='word_1_198' title='bbox 1136 2158 1321 2218; x_wconf 81' lang='lat' dir='ltr'>projecit</span> <span class='ocrx_word' id='word_1_199' title='bbox 1355 2156 1455 2201; x_wconf 74' lang='lat' dir='ltr'>ille?</span> <span class='ocrx_word' id='word_1_200' title='bbox 1481 2174 1569 2202; x_wconf 88' lang='lat' dir='ltr'>non</span> <span class='ocrx_word' id='word_1_201' title='bbox 1593 2157 1701 2213; x_wconf 88' lang='lat' dir='ltr'>sibi,</span> 
     </span>
     <span class='ocr_line' id='line_1_26' title="bbox 292 2237 1700 2301; baseline 0.001 -19"><span class='ocrx_word' id='word_1_202' title='bbox 292 2237 405 2284; x_wconf 71' lang='lat' dir='ltr'>clam</span> <span class='ocrx_word' id='word_1_203' title='bbox 431 2239 576 2291; x_wconf 87' lang='lat' dir='ltr'>vobis,</span> <span class='ocrx_word' id='word_1_204' title='bbox 602 2238 787 2284; x_wconf 88' lang='lat' dir='ltr'>salutem</span> <span class='ocrx_word' id='word_1_205' title='bbox 802 2239 907 2301; x_wconf 86' lang='lat' dir='ltr'>fuga</span> <span class='ocrx_word' id='word_1_206' title='bbox 927 2238 1110 2300; x_wconf 66' lang='lat' dir='ltr'>petivit?</span> <span class='ocrx_word' id='word_1_207' title='bbox 1130 2257 1242 2296; x_wconf 89' lang='lat' dir='ltr'>non,</span> <span class='ocrx_word' id='word_1_208' title='bbox 1267 2239 1432 2301; x_wconf 85' lang='lat' dir='ltr'>proditi</span> <span class='ocrx_word' id='word_1_209' title='bbox 1455 2255 1533 2301; x_wconf 86' lang='lat' dir='ltr'>per</span> <span class='ocrx_word' id='word_1_210' title='bbox 1553 2237 1700 2293; x_wconf 84' lang='lat' dir='ltr'>illum,</span> 
     </span>
     <span class='ocr_line' id='line_1_27' title="bbox 293 2319 1698 2381; baseline -0.001 -17"><span class='ocrx_word' id='word_1_211' title='bbox 293 2322 478 2365; x_wconf 72' lang='lat' dir='ltr'>Caesaris</span> <span class='ocrx_word' id='word_1_212' title='bbox 515 2320 737 2365; x_wconf 85' lang='lat' dir='ltr'>beneficio</span> <span class='ocrx_word' id='word_1_213' title='bbox 765 2321 869 2365; x_wconf 86' lang='lat' dir='ltr'>estis</span> <span class='ocrx_word' id='word_1_214' title='bbox 896 2319 1171 2365; x_wconf 74' lang='lat' dir='ltr'>conservati?</span> <span class='ocrx_word' id='word_1_215' title='bbox 1207 2323 1494 2365; x_wconf 85' lang='lat' dir='ltr'>Sacramento</span> <span class='ocrx_word' id='word_1_216' title='bbox 1522 2319 1698 2381; x_wconf 88' lang='lat' dir='ltr'>quidem</span> 
     </span>
     <span class='ocr_line' id='line_1_28' title="bbox 292 2399 1699 2465; baseline 0 -21"><span class='ocrx_word' id='word_1_217' title='bbox 292 2419 369 2446; x_wconf 85' lang='lat' dir='ltr'>vos</span> <span class='ocrx_word' id='word_1_218' title='bbox 397 2412 548 2447; x_wconf 80' lang='lat' dir='ltr'>tenere</span> <span class='ocrx_word' id='word_1_219' title='bbox 577 2405 652 2464; x_wconf 90' lang='lat' dir='ltr'>qui</span> <span class='ocrx_word' id='word_1_220' title='bbox 678 2403 843 2465; x_wconf 84' lang='lat' dir='ltr'>potuit,</span> <span class='ocrx_word' id='word_1_221' title='bbox 868 2418 1003 2462; x_wconf 81' lang='lat' dir='ltr'>quum</span> <span class='ocrx_word' id='word_1_222' title='bbox 1023 2438 1033 2457; x_wconf 89' lang='lat'>,</span> <span class='ocrx_word' id='word_1_223' title='bbox 1071 2403 1278 2464; x_wconf 81' lang='lat' dir='ltr'>projectis</span> <span class='ocrx_word' id='word_1_224' title='bbox 1315 2401 1528 2458; x_wconf 85' lang='lat' dir='ltr'>fascibus,</span> <span class='ocrx_word' id='word_1_225' title='bbox 1556 2411 1599 2445; x_wconf 89' lang='lat' dir='ltr'>et</span> <span class='ocrx_word' id='word_1_226' title='bbox 1626 2399 1699 2444; x_wconf 89' lang='lat' dir='ltr'>de-</span> 
     </span>
     <span class='ocr_line' id='line_1_29' title="bbox 295 2482 1699 2546; baseline -0.002 -19"><span class='ocrx_word' id='word_1_227' title='bbox 295 2485 436 2544; x_wconf 84' lang='lat' dir='ltr'>posito</span> <span class='ocrx_word' id='word_1_228' title='bbox 478 2486 691 2546; x_wconf 86' lang='lat' dir='ltr'>imperio,</span> <span class='ocrx_word' id='word_1_229' title='bbox 727 2485 925 2546; x_wconf 83' lang='lat' dir='ltr'>privatus</span> <span class='ocrx_word' id='word_1_230' title='bbox 952 2495 992 2528; x_wconf 87' lang='lat' dir='ltr'>et</span> <span class='ocrx_word' id='word_1_231' title='bbox 1023 2494 1177 2546; x_wconf 83' lang='lat' dir='ltr'>captus</span> <span class='ocrx_word' id='word_1_232' title='bbox 1206 2485 1298 2544; x_wconf 84' lang='lat' dir='ltr'>ipsc</span> <span class='ocrx_word' id='word_1_233' title='bbox 1328 2484 1372 2527; x_wconf 89' lang='lat' dir='ltr'>in</span> <span class='ocrx_word' id='word_1_234' title='bbox 1401 2482 1589 2527; x_wconf 88' lang='lat' dir='ltr'>alienam</span> <span class='ocrx_word' id='word_1_235' title='bbox 1627 2498 1699 2525; x_wconf 92' lang='lat' dir='ltr'>ve-</span> 
     </span>
     <span class='ocr_line' id='line_1_30' title="bbox 295 2564 1700 2628; baseline -0.001 -21"><span class='ocrx_word' id='word_1_236' title='bbox 295 2566 427 2611; x_wconf 80' lang='lat' dir='ltr'>nisset</span> <span class='ocrx_word' id='word_1_237' title='bbox 468 2567 758 2628; x_wconf 77' lang='lat' dir='ltr'>potestatem?</span> <span class='ocrx_word' id='word_1_238' title='bbox 785 2565 1070 2627; x_wconf 85' lang='lat' dir='ltr'>Relinquitur</span> <span class='ocrx_word' id='word_1_239' title='bbox 1101 2583 1212 2611; x_wconf 80' lang='lat' dir='ltr'>nova</span> <span class='ocrx_word' id='word_1_240' title='bbox 1244 2564 1419 2627; x_wconf 82' lang='lat' dir='ltr'>religio,</span> <span class='ocrx_word' id='word_1_241' title='bbox 1447 2573 1521 2619; x_wconf 85' lang='lat' dir='ltr'>ut,</span> <span class='ocrx_word' id='word_1_242' title='bbox 1546 2580 1598 2607; x_wconf 82' lang='lat' dir='ltr'>eo</span> <span class='ocrx_word' id='word_1_243' title='bbox 1626 2580 1700 2607; x_wconf 83' lang='lat' dir='ltr'>ne-</span> 
     </span>
    </p>
   </div>
   <div class='ocr_carea' id='block_1_3' title="bbox 294 2645 1699 2710">
    <p class='ocr_par' dir='ltr' id='par_1_3' title="bbox 294 2645 1699 2710">
     <span class='ocr_line' id='line_1_31' title="bbox 294 2645 1699 2710; baseline -0.001 -20"><span class='ocrx_word' id='word_1_244' title='bbox 294 2647 438 2707; x_wconf 71' lang='lat' dir='ltr'>glecto</span> <span class='ocrx_word' id='word_1_245' title='bbox 457 2660 733 2694; x_wconf 82' lang='lat' dir='ltr'>sacramento</span> <span class='ocrx_word' id='word_1_246' title='bbox 748 2684 759 2705; x_wconf 88' lang='lat'>,</span> <span class='ocrx_word' id='word_1_247' title='bbox 783 2666 872 2710; x_wconf 90' lang='lat' dir='ltr'>quo</span> <span class='ocrx_word' id='word_1_248' title='bbox 901 2666 1016 2694; x_wconf 82' lang='lat' dir='ltr'>nunc</span> <span class='ocrx_word' id='word_1_249' title='bbox 1047 2650 1279 2706; x_wconf 65' lang='lat' dir='ltr'>tenemini,</span> <span class='ocrx_word' id='word_1_250' title='bbox 1299 2646 1543 2709; x_wconf 84' lang='lat' dir='ltr'>respiciatis</span> <span class='ocrx_word' id='word_1_251' title='bbox 1561 2645 1666 2691; x_wconf 87' lang='lat' dir='ltr'>illud</span> <span class='ocrx_word' id='word_1_252' title='bbox 1689 2681 1699 2702; x_wconf 91' lang='lat'><strong><em>‚</em></strong></span> 
     </span>
    </p>
   </div>
   <div class='ocr_carea' id='block_1_4' title="bbox 1905 0 1969 2751">
    <p class='ocr_par' dir='ltr' id='par_1_4' title="bbox 1905 0 1969 2751">
     <span class='ocr_line' id='line_1_32' title="bbox 1905 0 1969 2751; baseline 0 0"><span class='ocrx_word' id='word_1_253' title='bbox 1905 0 1969 2751; x_wconf 95' lang='lat' dir='ltr'> </span> 
     </span>
    </p>
   </div>
   <div class='ocr_carea' id='block_1_5' title="bbox 1928 3133 1972 3356">
    <p class='ocr_par' dir='ltr' id='par_1_5' title="bbox 1928 3133 1972 3356">
     <span class='ocr_line' id='line_1_33' title="bbox 1928 3133 1972 3356; textangle 90"><span class='ocrx_word' id='word_1_254' title='bbox 1928 3133 1972 3356; x_wconf 51' lang='lat' dir='ltr'>zss-,f</span> 
     </span>
    </p>
   </div>
  </div>
 </body>
</html>
