1972 3356
589 229 655 265 DE
687 228 849 264 BELLO
882 227 1274 264 ALEXANDRINO.
1557 240 1604 263 ἰο
1614 241 1626 263 1

231 316 469 363 Marcellus
498 314 644 360 locum
674 313 885 359 idoneum
909 311 1088 357 castello
1118 313 1329 375 cepisset,
1354 330 1445 374 quo
1474 313 1629 375 prohi-

232 398 334 443 bere
358 414 472 458 aqua
498 396 734 441 Cassianos
763 403 933 455 posset,
962 393 1214 455 Longinus,
1241 393 1406 438 veritus
1423 429 1434 451 ,
1462 411 1517 438 ne
1552 411 1628 456 ge-

231 496 334 524 nere
354 478 546 541 quodam
567 474 808 521 obsidionis
828 473 1109 518 clauderetur
1130 474 1175 516 in
1199 475 1452 536 regionibus
1477 473 1631 520 alienis

232 560 402 622 sibique
444 558 631 614 infestis,
664 564 798 599 noctu
828 553 1002 598 silentio
1039 570 1092 598 ex
1120 555 1272 598 castris
1307 555 1632 616 proficiscitur,

232 641 450 701 celerique
476 639 632 683 itinere
662 635 810 680 Uliam
837 634 1091 692 contendit,
1118 635 1239 696 quod
1266 635 1348 679 sibi
1384 636 1512 682 fidele
1537 655 1630 683 esse

232 721 445 784 oppidum
485 718 704 763 credebat.
742 717 810 761 lbi
839 716 950 760 adeo
979 716 1217 776 conjuncta
1258 717 1384 777 ponit
1413 719 1633 764 moenibus

230 813 393 858 castra,
422 810 469 844 ut
495 810 537 844 et
564 799 650 843 loci
679 807 835 842 natura
872 797 1099 860 (namque
1125 797 1229 841 Ulia
1258 799 1302 842 in
1332 798 1451 844 edito
1480 811 1633 846 monte

229 884 373 945 posita
401 882 521 944 est),
550 890 594 925 et
624 881 718 941 ipsa
746 879 996 923 munitione
1025 879 1148 923 urbis
1178 879 1378 941 undique
1407 881 1461 925 ab
1490 899 1634 944 oppu-

230 965 438 1027 gnatione
474 973 595 1008 tutus
636 971 761 1006 esset.
800 964 930 1006 Hunc
971 960 1211 1006 Marcellus
1251 964 1521 1024 insequitur,
1564 975 1634 1021 et,

229 1063 361 1108 quam
388 1045 587 1107 proxime
611 1052 758 1106 potest
787 1042 963 1098 Uliam,
988 1053 1132 1087 castra
1158 1045 1312 1089 castris
1340 1045 1535 1103 confert3
1567 1045 1633 1091 lo-

228 1144 471 1188 corumque
493 1127 669 1187 cognita
687 1135 866 1181 natura,
890 1142 979 1186 quo
998 1126 1185 1170 maxime
1206 1143 1299 1170 rem
1321 1126 1540 1172 deducere
1564 1145 1636 1173 vo-

229 1209 369 1266 lebat,
391 1208 651 1252 necessitate
674 1217 739 1251 est
760 1206 1002 1264 adductus,
1027 1217 1076 1251 ut
1095 1224 1239 1268 neque
1256 1208 1514 1271 confligeret
1533 1209 1634 1273 (cu-

226 1292 297 1351 jus
326 1292 361 1334 si
388 1291 451 1334 rei
480 1288 664 1334 facultas
690 1298 823 1343 esset,
852 1290 1053 1333 resistere
1080 1289 1272 1333 incitatis
1299 1289 1512 1335 militibus
1544 1309 1633 1336 non

230 1371 461 1434 poterat),
485 1388 628 1431 neque
648 1371 796 1431 vagari
820 1371 1022 1415 Cassium
1041 1370 1171 1415 latius
1193 1382 1443 1433 pateretur;
1464 1391 1519 1418 ne
1539 1374 1637 1436 plu-

229 1470 299 1498 res
314 1454 515 1498 civitates
531 1469 579 1496 ea
604 1461 880 1513 paterentur,
904 1469 1000 1512 quae
1022 1454 1136 1513 passi
1160 1463 1286 1497 erant
1307 1455 1633 1501 Cordubenses.

228 1533 429 1579 Castellis
454 1533 621 1577 idoneis
647 1532 754 1577 locis
779 1532 1026 1589 collocatis,
1052 1534 1351 1595 operibusque
1376 1537 1421 1579 in
1445 1537 1636 1583 circuitu

228 1615 380 1677 oppidi
395 1615 688 1670 continuatis,
707 1613 857 1658 Uliam
877 1615 1168 1676 Cassiumque
1181 1617 1505 1663 munitionibus
1521 1618 1639 1664 clau-

228 1698 297 1741 sit.
314 1698 425 1755 Quae
442 1697 700 1758 priusquam
717 1696 1059 1757 perficerentur,
1072 1698 1303 1759 Longinus
1313 1715 1490 1743 omnem
1505 1718 1639 1745 suum

229 1780 475 1839 equitatum
496 1778 641 1822 emisit
671 1795 679 1821 :
707 1793 837 1837 quem
865 1794 1027 1838 magno
1056 1778 1136 1821 sibi
1165 1780 1261 1822 usui
1290 1779 1383 1823 fore
1410 1780 1638 1839 credebat,

230 1862 264 1905 si
290 1858 494 1922 pabulari
540 1858 895 1918 frumentarique
940 1857 1204 1903 Marcellum
1255 1877 1342 1904 non
1388 1872 1637 1923 pateretur;

230 1958 393 2004 magno
417 1950 565 1985 autem
597 1939 938 2001 impedimentO,
965 1941 999 1983 si
1033 1939 1208 1986 clausus
1231 1943 1463 1989 obsidione
1495 1954 1537 1989 et
1569 1946 1637 1990 in-

231 2022 351 2068 utilis
380 2021 678 2067 necessarium
705 2031 988 2066 consumeret
1013 2021 1300 2068 frumentum.

297 2106 436 2149 LXII.
463 2103 620 2148 Paucis
641 2102 795 2146 diebus
820 2103 958 2147 Cassii
975 2101 1133 2148 litteris
1152 2108 1343 2168 acceptis
1356 2143 1367 2165 ,
1387 2125 1463 2153 rex
1482 2111 1638 2173 Bogud

231 2203 331 2231 cum
356 2186 494 2247 copiis
518 2185 658 2241 venit3
683 2183 973 2246 adjungitquc
995 2186 1034 2229 ei
1058 2184 1277 2248 legionem
1294 2224 1305 2245 ,
1329 2206 1462 2251 quam
1487 2209 1637 2238 secum

231 2267 500 2323 adduxerat,
530 2264 872 2327 compluresque
899 2267 1105 2312 cohortes
1135 2268 1388 2317 auxiliarias
1416 2274 1639 2336 Hispano-

232 2366 345 2393 rum.
383 2349 610 2409 Namque,
650 2348 767 2391 utin
809 2346 1011 2394 civilibus
1049 2349 1398 2398 dissensionibus
1441 2355 1640 2402 accidere

233 2429 479 2486 consuevit,
510 2429 570 2473 ita
598 2429 871 2490 temporibus
897 2429 981 2474 illis
1010 2431 1055 2475 in
1085 2432 1298 2494 Hispania
1322 2436 1547 2482 nonnullae
1573 2440 1637 2482 ci-

233 2512 389 2556 vitates
414 2510 545 2554 rebus
563 2511 703 2555 Cassii
730 2509 986 2564 studebant,
1005 2511 1155 2575 plures
1178 2514 1395 2561 Marcello
1414 2517 1634 2564 favebant.

233 2592 415 2638 Accedit
439 2609 541 2637 cum
571 2592 708 2654 copiis
734 2591 889 2654 Bogud
912 2593 969 2638 ad
999 2595 1239 2639 exteriores
1264 2597 1464 2643 Marcelli
1490 2602 1637 2645 muni-

237 2674 388 2718 tiones.
413 2676 644 2736 Pugnatur
669 2674 876 2734 utrinque
894 2675 1055 2720 acriter
1074 2711 1085 2733 ,
1110 2676 1355 2738 crebroque
1380 2677 1424 2722 id
1448 2680 1603 2725 accidit
1626 2718 1637 2740 ,
