1972 3356
320 258 338 280 r

319 272 365 295 ,η
526 263 568 299 C.
595 263 723 298 JULII
752 261 968 298 CAESARIS
999 260 1480 298 COMMENTARIORUM

381 347 546 390 XXIII.
578 344 787 408 Legionis
810 361 937 388 nonae
959 354 1003 387 et
1029 343 1208 387 decimae
1232 342 1412 399 milites,
1437 353 1481 388 ut
1507 345 1550 387 in
1571 346 1695 392 sinis-

315 435 381 468 tra
405 438 528 485 parte
551 425 644 469 acie
669 424 979 476 constiterant,
1005 422 1103 483 pilis
1137 423 1324 478 emissis,
1349 439 1479 467 cursu
1507 439 1557 466 ac
1584 422 1703 467 lassi-

314 504 462 548 tudine
508 506 776 548 exanimatos
820 502 1164 564 vulneribusque
1205 502 1428 548 confectos
1472 502 1702 548 Atrebates

311 585 435 645 (nam
459 585 527 629 his
553 602 604 629 ea
634 601 733 646 pars
759 583 1026 645 obvenerat)
1051 583 1252 628 celeriter
1274 600 1326 628 ex
1352 582 1450 628 loco
1479 585 1703 644 superiore

316 667 360 709 in
391 665 554 710 flumen
590 665 923 726 compulerunt,
961 674 1004 708 et
1038 665 1225 708 transire
1254 674 1487 721 conantes,
1518 665 1703 708 insecuti

312 745 485 808 gladiis,
504 762 708 808 magnam
729 756 898 807 partem
917 761 1071 788 eorum
1092 744 1347 805 impeditam
1371 744 1701 788 interfecerunt.

310 827 397 887 Ipsi
420 828 607 871 transire
630 826 795 870 flumen
822 842 911 869 non
939 825 1274 879 dubitaverunt,
1299 834 1360 880 et,
1386 826 1430 867 in
1455 823 1598 868 locum
1621 825 1703 867 ini-

311 924 448 967 quum
483 908 730 969 progressi,
765 922 916 950 rursus
948 921 1168 965 regressos
1201 921 1249 948 ac
1278 905 1526 948 resistentes
1558 904 1704 948 hostes

309 988 608 1050 redintegrato
625 986 780 1048 proelio
804 988 847 1030 in
863 986 1012 1047 fugam
1027 984 1257 1028 dederunt.
1277 987 1388 1028 Item
1413 983 1496 1028 alia
1512 985 1556 1027 in
1579 994 1703 1045 parte

309 1067 488 1113 diversae
521 1068 616 1112 duae
648 1067 866 1129 legiones,
900 1065 1132 1110 undecima
1170 1076 1212 1109 et
1248 1076 1423 1118 octava,
1461 1065 1702 1126 profligatis

308 1149 655 1205 Veromanduis,
693 1148 954 1208 quibuscum
993 1156 1115 1189 erant
1145 1147 1385 1207 congressi,
1422 1162 1474 1189 ex
1505 1145 1601 1189 loco
1635 1162 1704 1188 su-

308 1231 479 1291 periore
502 1231 547 1273 in
570 1230 673 1289 ipsis
697 1228 889 1271 fluminis
912 1227 1018 1287 ripis
1042 1226 1372 1287 proeliabantur.
1399 1229 1459 1271 At
1479 1236 1572 1270 tum
1599 1227 1702 1270 totis

307 1311 395 1354 fere
419 1327 444 1353 a
478 1310 622 1353 fronte
651 1318 693 1352 et
719 1309 772 1352 ab
806 1308 982 1351 sinistra
1009 1316 1134 1367 parte
1159 1306 1335 1350 nudatis
1363 1308 1534 1363 castris,
1563 1323 1700 1367 quum

308 1393 351 1435 in
375 1390 533 1435 dextro
564 1406 702 1433 cornu
726 1388 840 1449 legio
870 1387 1155 1443 duodecima,
1188 1397 1230 1430 et
1261 1404 1349 1430 non
1380 1404 1541 1449 magno
1564 1387 1618 1431 ab
1650 1404 1701 1431 eo

307 1469 542 1514 intervallo
574 1469 760 1531 septima
788 1468 1078 1522 constitisset,
1109 1484 1260 1511 omnes
1291 1468 1443 1511 Nervii
1470 1467 1700 1511 confertis-

307 1553 417 1596 simo
449 1552 652 1613 agmine,
686 1549 796 1593 duce
825 1548 1137 1609 Boduognato,
1168 1549 1243 1609 qui
1274 1565 1490 1592 summam
1527 1550 1698 1611 imperii

306 1632 509 1687 tenebat,
549 1631 605 1675 ad
642 1647 742 1675 cum
777 1629 925 1673 locum
962 1627 1288 1673 contenderunt
1322 1646 1330 1672 :
1373 1646 1563 1690 quorum
1598 1646 1699 1690 pars

306 1723 460 1774 aperto
494 1711 627 1756 latere
651 1710 845 1772 legiones
876 1710 1216 1763 circumvenire,
1248 1726 1348 1770 pars
1385 1726 1608 1754 summum
1635 1709 1700 1754 lo-

306 1810 407 1837 cum
435 1803 682 1839 castrorum
706 1800 856 1852 petere
881 1791 1026 1850 eoepit.

371 1875 537 1918 XXIV·
561 1873 729 1917 Eodem
753 1881 951 1931 tempore
974 1872 1141 1931 equites
1167 1872 1324 1927 nostri,
1347 1869 1540 1932 levisque
1564 1889 1700 1915 arma-

306 1966 415 1999 turae
438 1954 626 2015 pedites,
649 1955 725 2014 qui
752 1969 854 1996 cum
884 1953 935 1995 iis
964 1968 1051 1995 una
1074 1951 1268 2007 fuerant,
1294 1968 1402 2011 quos
1425 1953 1569 2012 primo
1595 1953 1699 1997 hos-

307 2036 417 2079 tium
447 2036 613 2095 impetu
639 2033 787 2094 pulsos
812 2032 1030 2088 dixeram,
1053 2048 1191 2093 quum
1219 2050 1263 2076 se
1293 2034 1337 2076 in
1360 2042 1501 2077 castra
1531 2034 1700 2095 recipe-

306 2125 422 2172 rent,
451 2115 644 2158 adversis
674 2113 874 2158 hostibus
898 2114 1211 2169 occurrebant,
1236 2130 1285 2157 ac
1313 2130 1465 2157 rursus
1496 2112 1624 2157 aliam
1654 2115 1698 2157 in

306 2205 475 2256 partem
512 2195 660 2256 fugam
689 2193 897 2255 petebant
927 2211 936 2237 z
967 2203 1009 2236 et
1036 2192 1230 2251 calones,
1261 2195 1337 2254 qui
1367 2194 1421 2237 ab
1455 2193 1697 2238 decumana

305 2285 433 2336 porta
452 2292 500 2319 ac
523 2291 697 2320 summo
713 2275 822 2336 jugo
838 2272 962 2317 collis
979 2283 1155 2317 nostros
1175 2275 1363 2318 victores
1379 2274 1540 2318 flumen
1560 2285 1698 2318 trans-

305 2357 385 2400 isse
425 2365 767 2417 conspexerant,
802 2354 1027 2415 praedandi
1066 2371 1193 2398 eausa
1237 2356 1420 2415 egressi,
1451 2371 1589 2415 quum
1624 2371 1695 2398 re-

305 2437 565 2497 spexissent,
590 2446 633 2479 et
655 2436 802 2479 hostes
831 2436 876 2478 in
901 2435 1060 2478 nostris
1091 2436 1243 2479 castris
1271 2436 1433 2479 versari
1460 2434 1694 2492 vidissent,

306 2516 549 2576 praecipites
578 2516 690 2577 fugae
711 2532 804 2561 sese
827 2515 1108 2560 mandabant.
1130 2514 1272 2560 Simul
1292 2532 1462 2572 eorum,
1485 2516 1561 2575 qui
1589 2532 1691 2559 cum

309 2594 630 2655 impedimentis
652 2597 906 2652 veniebant,
935 2595 1101 2640 clamor
1130 2596 1416 2656 fremitusque
1442 2596 1692 2652 oriebatur,

304 2674 465 2735 aliique
508 2675 638 2718 aliam
673 2678 717 2719 in
752 2687 921 2737 partem
959 2679 1183 2737 perterriti
1218 2676 1482 2720 ferebantur.
1519 2677 1693 2734 Quibus
