1972 3356
460 274 500 304 ’.υ
661 270 699 301 (J.
732 266 857 301 JULII
889 264 1098 298 CAESARIS
1130 263 1604 299 COMMENTARIORUM

459 350 611 395 mentis
642 358 774 392 erant.
810 347 986 406 Equites
1014 345 1170 400 nostri,
1198 361 1295 387 cum
1328 344 1618 387 funditoribus
1649 345 1818 404 sagitta-

459 430 617 488 riisque
650 428 809 470 flumen
835 426 1112 485 transgressi,
1143 439 1241 466 cum
1272 424 1460 466 hostium
1488 423 1682 482 equitatu
1709 439 1820 482 proe-

461 508 561 550 lium
595 505 917 549 commiserunt.
947 504 1096 560 Quum
1133 520 1176 546 se
1201 501 1260 546 illi
1286 501 1519 546 identidem
1545 503 1587 544 in
1614 501 1739 545 silvas
1767 501 1818 545 ad

461 601 558 628 suos
590 585 850 644 reciperent,
878 600 926 626 ae
958 599 1105 626 rursus
1129 600 1178 625 ex
1211 581 1317 625 silva
1347 583 1388 624 in
1418 591 1586 625 nostros
1613 581 1820 641 impetum

459 662 666 717 facerent,
686 678 825 722 neque
848 663 983 705 nostri
998 661 1186 721 longius,
1205 677 1334 721 quam
1356 676 1483 720 quem
1508 659 1562 703 ad
1578 660 1707 703 finem
1727 677 1820 719 por-

461 753 577 787 recta
601 759 650 786 ac
671 752 820 802 aperta
846 741 938 785 loca
963 741 1255 800 pertinebant,
1283 739 1481 783 cedentes
1506 741 1673 800 insequi
1697 739 1825 783 aude-

462 832 575 877 rent,
604 822 778 865 interim
806 820 993 880 legiones
1020 836 1120 874 sex,
1146 836 1239 879 quae
1268 819 1416 879 primae
1442 829 1668 874 venerant,
1695 835 1826 878 opere

463 900 676 955 dimenso,
707 909 845 943 eastra
881 900 1051 942 munire
1080 908 1317 958 coeperunt.
1353 899 1439 942 Ubi
1474 900 1609 958 prima
1644 898 1826 958 impedi-

463 990 608 1024 menta
638 980 773 1023 nostri
805 980 1014 1022 exercitus
1044 979 1097 1022 ab
1129 979 1215 1035 his,
1241 979 1315 1038 qui
1341 980 1383 1021 in
1412 977 1527 1022 silvis
1559 978 1693 1022 abditi
1724 978 1828 1022 late-

464 1061 588 1115 bant,
611 1059 700 1102 visa
715 1068 816 1102 sunt
839 1058 977 1118 (quod
993 1067 1163 1118 tempus
1179 1058 1291 1100 inter
1309 1074 1380 1100 eos
1400 1057 1701 1100 committendi
1716 1074 1829 1118 proe—

467 1139 512 1183 lii
529 1137 832 1198 convenerat),
848 1138 925 1193 ita,
949 1147 998 1181 ut
1021 1139 1135 1181 intra
1152 1136 1280 1180 silvas
1297 1138 1433 1180 aciem
1450 1137 1710 1196 ordinesque
1729 1153 1831 1181 con-

467 1219 715 1274 stituerant,
737 1227 865 1277 atque
895 1217 976 1276 ipsi
997 1233 1086 1260 sese
1113 1215 1494 1269 confirmaverant,
1525 1216 1668 1259 subito
1695 1218 1833 1259 omni-

465 1298 544 1341 bus
569 1297 703 1356 copiis
730 1295 1090 1356 provolaverunt,
1120 1297 1419 1356 impetumque
1442 1295 1486 1338 in
1515 1303 1683 1338 nostros
1711 1297 1833 1355 equi-

468 1386 528 1420 tes
555 1376 760 1420 fecerunt.
791 1376 869 1418 His
894 1374 1018 1418 facile
1045 1374 1176 1434 pulsis
1204 1391 1253 1417 ac
1276 1374 1562 1434 proturbatis,
1592 1373 1834 1418 incredibili

467 1454 686 1499 eeleritate
724 1453 777 1496 ad
807 1453 967 1497 flumen
999 1453 1359 1507 decucurrerunt,
1390 1463 1438 1496 ut
1461 1469 1581 1513 paene
1612 1470 1699 1496 uno
1729 1463 1835 1497 tem-

470 1550 573 1594 pore
595 1543 638 1576 et
665 1532 720 1576 ad
743 1531 895 1588 silvas,
918 1542 961 1576 et
983 1533 1027 1575 in
1052 1532 1249 1586 flumine,
1277 1542 1319 1575 et
1338 1533 1426 1592 jam
1450 1533 1494 1575 in
1517 1532 1715 1576 manibus
1738 1549 1834 1576 nos-

471 1613 548 1655 tris
573 1612 716 1655 hostes
742 1610 1005 1655 viderentur.
1037 1611 1199 1655 Eadem
1232 1621 1376 1655 autem
1410 1611 1628 1655 celeritate
1656 1611 1836 1655 adverso

473 1690 582 1735 colle
611 1691 665 1734 ad
695 1700 842 1734 nostra
867 1700 1004 1734 castra
1020 1725 1031 1744 ,
1056 1700 1186 1749 atque
1210 1706 1299 1747 eos,
1322 1691 1397 1750 qui
1421 1691 1465 1733 in
1489 1706 1618 1749 opere
1640 1691 1837 1750 occupati

473 1780 621 1827 erant,
644 1770 972 1816 contenderunt.

536 1851 634 1893 XX.
662 1850 818 1894 Caesari
839 1849 985 1892 omnia
1009 1864 1096 1891 uno
1120 1858 1314 1908 tempore
1337 1857 1459 1891 erant
1481 1848 1647 1909 agenda
1672 1866 1681 1892 ε
1706 1849 1839 1893 vexil-

477 1928 567 1972 lum
596 1928 947 1988 proponendum,
979 1927 1094 1987 quod
1127 1937 1218 1970 erat
1250 1928 1436 1988 insigne,
1473 1944 1607 1987 quum
1636 1928 1689 1971 ad
1721 1945 1840 1973 arma

477 2008 675 2050 concurri
700 2016 944 2067 oporteret,
969 2007 1140 2066 signum
1164 2006 1267 2049 tuba
1299 2006 1510 2061 dandum,
1539 2007 1592 2049 ab
1621 2024 1750 2067 opere
1777 2025 1842 2051 re-

479 2085 656 2129 vocandi
682 2084 862 2140 milites,
887 2087 961 2145 qui
981 2084 1109 2145 paulo
1128 2083 1300 2145 longius
1325 2087 1493 2146 aggeris
1516 2086 1687 2146 petendi
1716 2104 1841 2131 causa

477 2174 796 2224 processerant,
827 2164 1089 2218 arcessendi,
1126 2165 1236 2207 acies
1274 2164 1546 2221 instruenda,
1581 2164 1740 2210 milites
1771 2183 1842 2210 eo-

478 2243 700 2299 hortandi,
721 2244 893 2304 signum
910 2242 1099 2286 dandum
1125 2259 1134 2285 :
1155 2259 1339 2302 quarum
1359 2260 1505 2287 rerum
1525 2261 1729 2305 magnam
1748 2261 1844 2305 par-

480 2332 564 2366 tem
591 2324 798 2383 temporis
826 2322 1015 2366 brevitas
1046 2332 1087 2365 et
1113 2338 1333 2365 successus
1360 2333 1400 2366 et
1432 2325 1630 2368 incursus
1653 2324 1841 2368 hostium

480 2402 754 2462 impediebat.
794 2402 870 2445 His
904 2401 1233 2445 difficultatibus
1268 2401 1363 2446 duae
1387 2419 1454 2446 res
1482 2414 1604 2446 erant
1633 2403 1842 2460 subsidio,

482 2482 659 2525 scientia
684 2490 813 2540 atque
840 2497 942 2525 usus
967 2480 1174 2536 militum,
1202 2481 1336 2540 quod,
1363 2482 1656 2542 superioribus
1685 2481 1846 2541 proeliis

483 2561 720 2616 exercitati,
740 2560 844 2620 quid
866 2559 957 2603 fieri
981 2569 1218 2620 oporteret,
1242 2577 1329 2603 non
1351 2562 1496 2604 minus
1517 2561 1743 2605 commode
1766 2563 1844 2622 ipsi

488 2637 563 2680 sibi
588 2640 882 2697 praescribere,
907 2655 1035 2699 quam
1063 2639 1113 2682 ab
1137 2638 1230 2682 aliis
1254 2639 1396 2683 doceri
1424 2649 1640 2699 poterant,
1664 2651 1707 2684 et
1729 2642 1844 2701 quod
