1972 3356
266 268 334 316 198
471 266 509 297 Γ..
554 266 680 300 JULII
710 264 924 300 CAESARIS
953 264 1431 303 COMMENTARIORUM

261 359 350 389 lez-a
378 364 427 390 ex
459 357 580 407 parte
606 346 843 404 Bellovaci,
871 365 966 409 quae
996 349 1148 393 civitas
1173 351 1217 392 in
1240 349 1386 394 Gallia
1410 352 1646 395 maximam

260 428 389 471 habet
410 428 665 488 opinionem
688 430 888 485 virtutis,
912 430 1158 486 instabant3
1179 430 1360 475 alteram
1381 430 1647 492 Camuloge-

258 525 340 552 nus
376 518 528 568 parato
553 518 683 570 atque
717 510 935 555 instructo
968 512 1162 556 exercitu
1197 512 1372 556 tenebat
1409 529 1418 555 z
1455 522 1549 555 tum
1587 510 1649 554 le-

258 589 430 650 giones,
454 606 477 632 a
502 589 704 650 praesidio
719 602 851 652 atque
870 592 1197 653 impedimentis
1217 591 1495 648 interclusas,
1517 591 1651 634 inaxi-

258 686 380 714 mum
421 670 584 715 flumen
637 672 886 717 distinebat.
933 675 1085 718 Tantis
1127 675 1273 719 subito
1320 672 1651 717 difficultatibus

257 750 461 812 objectis,
490 753 544 796 ab
573 754 707 797 animi
733 755 897 799 virtute
920 755 1133 799 auxilium
1160 755 1401 816 petendum
1430 754 1617 799 videbat.

322 834 416 876 LX.
458 835 645 894 Itaque,
680 835 761 878 sub
797 852 1029 897 vesperum
1063 836 1252 880 concilio
1282 846 1550 892 convocat0‚
1587 852 1655 879 co-

258 914 459 958 hortatus
491 924 539 958 ut
575 932 624 959 ea
656 933 752 976 quae
788 918 1043 978 imperasset
1080 917 1316 979 diligenter
1352 917 1654 977 industrieque

258 994 637 1053 administrarent,
663 1014 816 1052 naves,
840 1015 948 1058 quas
972 1015 996 1041 a
1019 997 1264 1042 Meloduno
1287 998 1547 1055 deduxerat,
1570 999 1656 1041 sin-

259 1075 380 1137 gulas
403 1077 626 1137 equitibus
654 1079 847 1122 romanis
869 1078 1091 1135 attribuit,
1119 1088 1182 1135 et,
1206 1080 1348 1139 prima
1373 1078 1569 1122 confecta
1593 1080 1656 1121 vi-

259 1155 380 1217 gilia,
410 1175 455 1202 1v
477 1157 614 1203 millia
637 1175 845 1219 passuum
872 1159 1067 1203 secundo
1087 1159 1270 1203 flumine
1295 1159 1503 1220 progredi
1528 1158 1658 1203 silen-

260 1239 340 1292 tio,
366 1239 513 1300 ibique
533 1256 577 1283 se
606 1241 871 1301 exspectari,
895 1241 1034 1301 jubet.
1060 1241 1270 1301 Quinque
1299 1241 1520 1296 cohortes,
1551 1257 1658 1300 quas

257 1320 438 1364 minime
462 1320 612 1365 firmas
641 1321 696 1365 ad
726 1321 1029 1366 dimicandum
1059 1339 1151 1365 esse
1180 1322 1478 1377 existimabat,
1508 1323 1659 1366 castris

258 1402 462 1463 praesidio
485 1402 696 1464 relinquit
715 1420 725 1458 3
749 1420 777 1446 v
799 1404 997 1465 ejusdem
1021 1403 1206 1466 legionis
1230 1403 1420 1465 reliquas
1443 1403 1496 1447 de
1516 1404 1661 1448 inedia

259 1493 389 1527 nocte
404 1501 505 1527 cum
522 1484 729 1528 omnibus
743 1485 1071 1546 impedimentis
1083 1485 1266 1529 adverso
1284 1485 1481 1540 flumine,
1500 1502 1660 1547 magno

260 1563 474 1622 tumultu,
496 1565 711 1626 proficisci
730 1566 932 1627 imperat.
956 1566 1192 1626 Conquirit
1208 1567 1337 1609 etiam
1357 1565 1509 1610 lintres
1531 1584 1539 1609 :
1564 1566 1660 1622 has,

260 1662 420 1706 magno
436 1647 582 1689 sonitu
602 1663 827 1691 remorum
847 1647 1072 1702 incitatas,
1091 1647 1136 1690 in
1161 1646 1358 1690 eamdem
1381 1657 1549 1707 partem
1569 1648 1662 1690 mit-

261 1728 325 1770 tit.
353 1730 451 1787 Ipse
480 1737 579 1787 post
606 1727 760 1789 paulo,
785 1727 959 1772 silentio
988 1745 1208 1790 egressus,
1237 1746 1339 1772 cum
1365 1729 1502 1772 tribus
1530 1726 1663 1789 legio-

259 1809 389 1854 nibus
414 1827 515 1854 eum
536 1808 682 1853 locum
707 1811 816 1870 petit
840 1827 928 1870 quo
952 1826 1085 1853 naves
1109 1809 1271 1870 appelli
1290 1810 1494 1869 jusserat.

325 1894 438 1936 LXI.
473 1894 536 1935 Eo
568 1907 706 1950 quum
739 1900 850 1934 esset
881 1900 1084 1947 ventum,
1116 1890 1418 1951 exploratores
1447 1890 1665 1947 hostium,

260 1983 307 2016 ut
327 1973 448 2016 omni
473 1972 668 2015 fluminis
687 1982 811 2032 parte
830 1982 955 2016 erant
976 1972 1196 2033 dispositi,
1218 1971 1522 2033 inopinantes,
1547 1972 1666 2032 quod

262 2071 422 2115 inagna
463 2053 608 2096 subito
637 2063 731 2096 crat
758 2063 911 2097 coorta
948 2064 1206 2115 tempestas,
1236 2054 1290 2098 ab
1324 2055 1487 2100 nostris
1517 2055 1668 2115 oppri-

262 2144 470 2190 muntur3
501 2135 721 2177 exercitus
754 2134 1088 2195 equitatusque,
1122 2136 1344 2196 equitibus
1373 2136 1569 2180 romanis
1594 2134 1669 2179 ad-

263 2215 636 2269 ministrantibus,
680 2232 790 2275 quos
835 2216 873 2258 ei
921 2217 1100 2276 negotio
1146 2217 1421 2277 praefecerat,
1467 2215 1669 2260 celeriter

265 2297 598 2341 transmittitur.
621 2299 724 2341 Uno
745 2296 834 2340 fere
852 2306 1052 2357 tempore
1076 2298 1156 2341 sub
1176 2297 1317 2341 lucem
1339 2298 1540 2341 hostibus
1559 2314 1670 2340 nun-

264 2379 400 2422 tiatur
430 2379 475 2421 in
501 2379 655 2421 eastris
683 2381 988 2422 Romanorum
1015 2389 1174 2439 praeter
1206 2377 1574 2422 consuetudinem
1603 2386 1669 2420 tu-

264 2458 497 2515 multuari,
524 2469 568 2503 et
597 2475 807 2520 magnum
834 2460 897 2503 ire
925 2476 1083 2520 agmen
1109 2460 1294 2503 adverso
1320 2459 1524 2514 flumine,
1549 2459 1667 2501 soni-

265 2551 448 2601 tumque
479 2557 702 2584 remorum
730 2542 773 2583 in
803 2540 954 2584 eadem
984 2550 1107 2601 parte
1128 2540 1346 2595 exaudiri,
1372 2550 1414 2583 et
1442 2537 1575 2599 paulo
1602 2539 1669 2581 in—

265 2622 331 2666 fra
362 2622 523 2666 milites
556 2623 742 2666 navibus
773 2623 1079 2682 transportari.
1116 2622 1292 2680 Quibus
1328 2621 1456 2664 rebus
1489 2620 1669 2676 auditis,

265 2702 385 2763 quod
415 2703 726 2747 existimabant
762 2703 900 2746 tribus
936 2703 1041 2746 locis
1075 2703 1261 2746 transire
1292 2701 1509 2762 legiones,
1539 2711 1670 2761 atque
