1972 3356
642 261 709 296 DE
741 260 904 296 BELLo
933 259 1212 295 AFRICANO.
1550 252 1620 299 237

222 348 358 392 versis
381 348 525 409 equiS,
550 363 595 391 se
619 344 911 407 colligebant,
941 355 1073 405 atque
1112 345 1155 387 in
1198 343 1341 405 spatio
1379 358 1624 403 conseque-

220 430 408 486 bantur,
436 438 479 473 et
504 426 649 491 jacula
672 427 717 471 in
738 426 1004 487 legionarios
1024 424 1334 486 conjiciebant.
1361 426 1428 468 Ita
1459 426 1626 479 Caesar,

220 510 354 556 modo
374 508 655 572 procedendo
669 543 681 565 ,
701 506 834 552 modo
853 506 1124 562 resistendo,
1149 505 1320 549 tardius
1346 506 1504 550 itinere
1529 522 1629 550 con-

220 591 356 647 fecto,
383 591 524 635 noctis
550 590 661 634 hora
686 589 827 650 prima
849 603 1003 630 omnes
1027 603 1128 630 suos
1155 585 1210 629 ad
1235 602 1372 629 unum
1398 587 1443 630 in
1473 587 1628 631 castris

219 672 488 728 incolumes,
520 670 680 715 sauciis
707 686 737 713 x
766 668 915 725 factis,
942 667 1130 712 reduxit.
1164 666 1413 725 Labienus,
1451 668 1628 712 circiter

221 769 302 799 ccc
325 753 516 809 amissis,
545 750 695 795 multis
723 748 983 806 vulneratis,
1012 766 1061 793 ac
1093 748 1272 793 defessis
1303 747 1512 793 instando
1541 766 1632 793 om-

221 835 372 890 nibus,
401 833 456 878 ad
483 850 585 878 suos
611 850 656 877 se
684 833 862 894 recepit.
894 832 1042 892 Scipio
1079 831 1259 874 interim
1294 829 1488 892 legiones
1524 847 1630 891 pro-

219 915 372 960 ductas
396 932 498 960 cum
528 914 802 977 elephantis,
831 931 942 976 quos
972 924 1075 959 ante
1101 924 1247 959 castra
1274 914 1318 957 in
1347 914 1460 967 acie,
1489 922 1631 957 terro-

219 998 279 1042 ris
306 998 468 1060 gratia,
498 998 543 1041 in
568 1007 808 1059 conspectu
835 998 1019 1042 Caesaris
1047 995 1364 1052 collocaverat,
1391 994 1563 1040 reducit
1587 996 1631 1039 in

223 1090 381 1124 castra.

287 1164 450 1207 LXXI.
481 1165 627 1208 Caesar
661 1172 817 1207 contra
863 1161 1082 1222 ejusmodi
1125 1162 1320 1206 hostium
1363 1177 1525 1224 genera
1563 1178 1634 1205 co-

221 1245 317 1306 pias
347 1261 470 1297 suas,
501 1261 589 1289 non
616 1254 664 1289 ut
700 1245 942 1305 imperator
976 1245 1219 1288 exercitum
1248 1254 1512 1288 veteranum
1551 1243 1637 1288 vic-

221 1337 454 1388 toremque
485 1328 688 1371 maximis
722 1327 853 1371 rebus
887 1327 1046 1389 gestis,
1076 1325 1152 1370 sed
1188 1337 1238 1371 ut
1274 1325 1432 1370 lanista
1468 1326 1634 1370 tirones

223 1407 486 1470 gladiatores
515 1408 859 1454 condocefacere
888 1425 896 1451 τ
943 1425 1033 1469 quo
1068 1407 1178 1470 pede
1210 1425 1254 1452 se
1295 1408 1546 1469 reciperent
1580 1406 1636 1450 ab

223 1489 373 1545 hoste,
396 1500 435 1534 et
462 1489 841 1551 quemadmodum
864 1490 1037 1550 obversi
1063 1490 1349 1547 adversariis,
1373 1499 1415 1534 et
1436 1490 1481 1533 in
1502 1505 1637 1550 quan-

222 1570 315 1615 tulo
345 1573 487 1633 spatio
514 1573 794 1624 resisterent,
835 1572 969 1616 modo
998 1582 1332 1632 procurrerent,
1359 1571 1492 1616 modo
1517 1587 1637 1615 rece-

220 1651 397 1710 derent,
418 1654 886 1715 comminarenturque
904 1655 1142 1714 impetum3
1167 1670 1217 1698 ac
1236 1670 1398 1716 prope,
1423 1670 1514 1715 quo
1541 1652 1639 1697 loco

220 1743 263 1778 et
280 1735 658 1795 quemadmodum
680 1734 765 1779 tela
789 1737 1040 1791 mitterent,
1064 1736 1277 1795 praecipit.
1301 1735 1494 1780 Mirifice
1519 1735 1638 1779 enim

220 1816 416 1861 hostium
438 1815 544 1861 levis
563 1825 790 1860 armatura
807 1816 989 1860 anxium
1009 1817 1248 1861 exercitum
1274 1826 1474 1860 nostrum
1508 1824 1640 1876 atquc

223 1896 464 1943 sollicitum
488 1898 680 1943 habebat
707 1914 716 1941 ε
745 1898 849 1959 quia
876 1908 918 1942 et
945 1899 1114 1959 equites
1144 1897 1395 1943 deterrebat
1432 1896 1640 1959 proelium

227 1980 339 2024 inire
356 1990 543 2042 propter
556 1997 774 2041 equorum
802 1981 1056 2037 interitum,
1080 1980 1202 2041 quod
1228 1997 1303 2025 eos
1325 1979 1483 2042 jaculis
1511 1982 1641 2024 inter-

227 2060 460 2120 ficiebant3
495 2072 539 2107 et
570 2062 864 2124 legionarium
895 2061 1081 2107 militem
1118 2062 1422 2125 defatigabant
1459 2072 1640 2124 propter

229 2142 548 2189 velocitatem:
583 2146 728 2207 gravis
761 2146 882 2189 enim
919 2155 1155 2189 armaturae
1185 2143 1310 2189 miles
1345 2143 1476 2189 simul
1511 2154 1644 2205 atque

230 2228 286 2273 ab
313 2229 381 2273 his
406 2229 646 2273 insectatus
681 2229 964 2285 constiterat,
996 2229 1039 2272 in
1073 2245 1238 2289 eosque
1276 2229 1490 2290 impetum
1528 2226 1643 2271 fece-

233 2320 328 2366 rat,
359 2309 423 2355 illi
456 2309 595 2355 veloci
622 2327 754 2355 cursu
781 2309 906 2354 facile
931 2308 1180 2372 periculum
1206 2309 1422 2354 vitabant.

299 2392 487 2436 LXXII.
526 2392 705 2450 Quibus
730 2409 783 2437 ex
809 2391 941 2436 rebus
967 2394 1114 2437 Caesar
1134 2392 1424 2436 vehementer
1447 2409 1643 2436 commo·

233 2474 449 2533 vehatur3
475 2475 577 2536 quia
595 2509 607 2530 ,
634 2474 933 2536 quodcunque
961 2473 1166 2536 proelium
1190 2474 1363 2535 quoties
1395 2483 1489 2518 erat
1524 2490 1644 2518 com-

234 2558 446 2614 missum,
487 2556 687 2617 equitatu
727 2572 807 2600 suo
851 2556 945 2600 sine
986 2556 1232 2618 legionario
1267 2554 1408 2605 milite
1446 2556 1644 2600 hostium

235 2639 454 2700 equitatui
481 2637 661 2700 levique
688 2648 921 2683 armaturae
947 2655 1101 2684 eorum
1131 2637 1255 2683 nullo
1285 2637 1419 2683 modo
1446 2655 1526 2699 par
1551 2654 1645 2683 esse

236 2730 426 2783 poterat.
453 2719 787 2766 Sollicitabatur
811 2731 958 2766 autem
988 2722 1056 2766 his
1093 2721 1252 2778 rebus,
1291 2719 1411 2782 quod
1442 2720 1644 2764 nondum

437 2820 485 2849 11.
1395 2821 1449 2868 17
