1972 3356
553 216 621 252 DE
652 216 813 253 BELLO
842 216 1059 253 GALLICO
1089 217 1180 252 LlB.
1207 217 1274 252 111.
1569 229 1612 262 τι

214 300 354 343 nostri
379 302 629 359 consecuti,
653 319 865 364 magnum
889 318 1125 347 numerum
1156 318 1311 347 eorum
1337 300 1617 356 occiderunt,

214 379 405 443 reliquos
435 385 604 444 equites
636 385 900 439 consectati,
935 401 1124 445 paucos,
1159 385 1236 445 qui
1267 400 1319 428 ex
1343 382 1445 446 fuga
1472 399 1619 428 evase-

214 473 338 521 rant,
368 464 659 527 reliquerunt.
689 468 762 513 Sic
793 484 884 512 uno
915 479 1116 529 tempore
1143 480 1186 513 et
1215 473 1268 514 de
1299 468 1443 514 navali
1471 486 1621 531 pugna

213 545 424 605 Sabinus,
445 557 489 591 et
508 546 563 592 de
580 548 732 593 Sabim
757 549 943 594 victoria
966 550 1114 594 Caesar
1135 551 1299 594 certior
1323 550 1462 595 factus
1484 568 1493 594 ε
1521 551 1623 595 civi-

215 636 415 688 tatesque
432 645 586 674 omnes
611 646 656 674 se
677 630 826 674 statim
846 631 1021 674 Titurio
1039 629 1318 675 dediderunt.
1339 632 1477 686 Nam,
1496 642 1546 675 ut
1569 632 1622 675 ad

214 706 328 752 bella
363 710 642 772 suscipienda
665 710 901 757 Gallorum
932 710 1076 756 alacer
1107 728 1157 756 ac
1185 721 1422 774 promptus
1442 721 1507 756 est
1529 713 1625 756 ani-

215 806 336 847 mus,
361 792 424 835 sic
447 790 594 836 mollis
623 809 674 837 ac
704 794 886 838 minime
914 794 1119 838 resistens
1142 795 1197 838 ad
1224 792 1497 838 calamitates
1527 810 1627 855 per-

214 872 416 916 ferendas
441 889 564 917 mens
588 890 743 919 eorum
762 885 839 920 est.

281 956 380 999 XX.
410 955 580 1001 Eodem
605 956 697 1002 fere
728 969 929 1020 tempore
954 963 1000 1004 P.
1027 964 1233 1014 Crassus,
1257 975 1397 1021 quum
1423 959 1466 1002 in
1493 958 1629 1020 Aqui-

216 1038 380 1082 taniam
409 1049 699 1100 pervenisset,
722 1057 819 1101 quae
845 1058 969 1103 pars,
993 1052 1039 1087 ut
1065 1052 1167 1086 ante
1195 1041 1364 1085 dictum
1388 1050 1473 1096 est,
1500 1050 1543 1084 et
1568 1056 1630 1083 re-

215 1119 400 1180 gionum
435 1119 694 1178 latitudine,
730 1133 773 1166 et
803 1123 1091 1168 multitudine
1124 1123 1381 1180 hominum,
1417 1139 1470 1166 ex
1503 1123 1631 1166 tertia

218 1211 344 1262 parte
380 1201 537 1247 Galliae
576 1213 640 1247 est
681 1204 961 1262 aestimanda,
998 1221 1137 1266 quum
1184 1203 1451 1266 intelligeret
1484 1204 1528 1247 in
1564 1204 1631 1247 his

219 1282 327 1328 locis
346 1284 429 1328 sibi
450 1283 618 1329 bellum
642 1286 910 1347 gerendum,
930 1287 1003 1330 ubi
1028 1288 1181 1348 paucis
1201 1295 1304 1330 ante
1326 1287 1455 1330 annis
1475 1288 1525 1330 L.
1549 1288 1633 1330 Va-

219 1364 353 1409 lerius
391 1368 675 1411 Praeconmus
720 1367 910 1429 legatus,
951 1368 1148 1411 exercitu
1189 1371 1338 1428 pulso,
1374 1365 1632 1411 interfectus

218 1457 350 1503 esset,
387 1457 520 1510 atque
560 1448 678 1492 unde
718 1450 768 1493 L.
804 1447 987 1493 Mallius
1024 1447 1266 1510 proconsul
1303 1447 1637 1509 impedimentis

219 1530 391 1573 amissis
418 1528 710 1592 profugisset,
738 1546 827 1574 non
855 1529 1124 1574 mediocrem
1150 1530 1230 1574 sibi
1260 1528 1537 1591 diligentiam
1559 1528 1635 1573 ad-

217 1611 457 1657 hibendam
488 1610 779 1674 intelligebat.
815 1614 992 1674 ltaque,
1026 1629 1072 1656 re
1109 1612 1400 1656 frumentaria
1436 1611 1633 1673 provisa,

219 1692 394 1739 auxiliis
435 1696 726 1755 equitatuque
766 1706 1046 1756 comparato,
1087 1693 1241 1738 multis
1278 1703 1490 1755 praeterea
1532 1695 1638 1736 viris

221 1775 410 1820 fortibus
425 1775 609 1831 Tolosa,
628 1779 900 1821 Carcassone
923 1789 967 1820 et
988 1777 1221 1830 Narbone,
1244 1792 1341 1837 quae
1361 1785 1466 1819 sunt
1484 1775 1637 1819 civita-

224 1869 286 1903 tes
321 1857 479 1902 Galliae
516 1859 775 1919 provinciae,
813 1858 1014 1902 finitimae
1039 1860 1106 1901 liis
1130 1859 1406 1919 regionibus,
1437 1873 1637 1901 nomina-

224 1940 303 1984 tim
317 1930 533 1996 evocatiS,
557 1957 600 1983 ιη
622 1940 844 1984 Sotiatuni
866 1939 976 1983 lines
1000 1941 1245 1983 exercitum
1267 1939 1532 1983 introduxit.
1552 1940 1638 1984 Cu-

220 2021 293 2082 jus
310 2021 505 2066 adventu
526 2022 723 2082 cognito,
742 2022 953 2076 Sotiates,
972 2021 1144 2083 magnis
1164 2022 1303 2081 copiis
1326 2022 1492 2065 coactis
1514 2037 1632 2081 equi-

226 2111 433 2164 tatuque,
480 2119 570 2164 quo
615 2102 860 2163 plurimum
909 2104 1138 2158 valebant,
1185 2118 1229 2145 in
1275 2102 1431 2146 itinere
1477 2118 1637 2163 agmen

228 2194 431 2229 nostrum
470 2185 635 2241 adorti,
678 2188 873 2246 primum
913 2194 1118 2246 equestre
1159 2182 1366 2245 proelium
1406 2200 1638 2228 commise-

225 2277 358 2322 runt3
388 2267 574 2323 deinde,
607 2276 807 2329 equitatu
837 2283 917 2312 suo
954 2266 1107 2328 pulso,
1139 2278 1273 2328 atque
1303 2266 1640 2327 insequentibus

225 2350 390 2395 nostris
406 2384 417 2406 ,
443 2351 589 2395 subito
618 2353 845 2412 pedestres
869 2353 1040 2412 copias,
1069 2366 1178 2411 quas
1202 2350 1248 2392 in
1274 2348 1476 2393 convalle
1498 2364 1551 2391 ex
1577 2348 1642 2390 in-

231 2431 350 2476 sidiis
384 2431 731 2487 collocaverant,
760 2434 1064 2477 ostenderunt,
1103 2433 1181 2489 Hi,
1216 2442 1394 2476 nostros
1431 2430 1640 2491 disjectos

233 2512 397 2571 adorti,
422 2516 627 2576 proelium
652 2525 939 2560 renovarunt.

291 2599 411 2643 XXI.
441 2600 694 2660 Pugnatum
718 2607 781 2641 est
807 2597 882 2641 diu
902 2607 1037 2659 atque
1061 2598 1243 2650 acriter,
1267 2613 1407 2657 quum
1429 2595 1641 2648 Sotiates,

225 2683 531 2741 superioribus
564 2679 760 2724 victoriis
798 2680 918 2732 freti,
957 2680 1000 2724 in
1038 2696 1116 2724 sua
1150 2680 1313 2722 virtute
1338 2678 1476 2722 totius
1504 2678 1642 2738 Aqui-
