1972 3356
360 276 434 311 226
599 275 638 307 C.
667 272 796 306 JULII
828 270 1044 306 CAESARIS
1075 270 1337 305 COMMENT.
1370 272 1515 307 LIBER

359 377 410 403 ex
443 358 572 401 rebus
596 355 674 399 sibi
693 370 787 398 eam
813 353 1071 415 dignitatem
1088 389 1098 409 ,
1124 369 1224 414 quae
1250 364 1314 398 est
1337 370 1414 415 per
1437 363 1585 415 gentes
1600 354 1748 400 claris-

360 441 466 483 sima
492 436 826 496 notissimaque,
856 433 1132 491 conciliavit3
1155 433 1593 495 adolescentulusque
1618 445 1749 496 atque

358 535 492 579 eques
526 533 735 562 romanus
767 516 1071 578 triumphavit.
1096 518 1247 575 Atque
1274 514 1344 559 ille
1379 532 1467 559 non
1501 516 1559 559 ita
1595 515 1751 577 amplis

358 600 488 644 rebus
510 599 648 660 patris
679 597 809 659 gestis
836 613 978 657 neque
998 606 1087 640 tam
1110 594 1338 640 excellenti
1364 597 1582 657 majorum
1607 596 1751 658 digni-

359 690 448 725 tate
473 691 624 742 parta,
658 696 801 740 neque
831 681 958 723 tantis
991 677 1202 723 clientelis
1238 679 1519 739 nominisque
1551 677 1751 723 claritate

359 762 596 822 praeditus,
626 762 669 805 in
697 777 788 804 rem
818 759 1040 821 publicam
1070 770 1136 804 est
1161 760 1382 821 ingressus
1419 777 1427 803 :
1461 770 1506 804 tu
1528 769 1681 804 contra
1709 769 1751 804 et

358 844 493 905 patris
524 841 774 898 nobilitate,
802 851 845 885 et
869 841 1104 902 dignitate,
1135 850 1177 884 et
1201 857 1279 901 per
1303 850 1346 885 te
1375 841 1464 902 ipse
1487 841 1590 885 satis
1616 841 1750 884 animi

358 924 662 986 magnitudine
692 922 1010 983 diligentiaque
1039 921 1273 983 praeditus,
1302 939 1447 967 nonne
1474 922 1679 977 eniteris,
1707 931 1750 965 et

362 1005 651 1066 proficisceris
677 1003 731 1047 ad
757 1013 961 1064 paternas
982 1001 1232 1059 clientelas,
1257 1001 1469 1045 auxilium
1494 1003 1572 1046 tibi
1599 1003 1750 1063 reique

359 1085 545 1147 publicae
571 1095 703 1145 atque
726 1084 895 1144 optimo
926 1083 1085 1143 cuique
1107 1081 1424 1143 efflagitatum?
1449 1102 1468 1123 ›>

421 1167 588 1210 XXIII.
616 1165 693 1208 His
723 1164 866 1207 verbis
907 1162 1098 1207 hominis
1128 1163 1372 1224 gravissimi
1404 1163 1611 1206 incitatus
1643 1162 1749 1206 ado-

358 1245 645 1300 lescentulus,
672 1262 772 1288 cnm
814 1242 1026 1288 naviculis
1062 1242 1397 1304 cujusquemodi
1438 1243 1607 1303 generis
1639 1260 1750 1298 xxx,

357 1328 464 1372 inibi
494 1327 646 1389 paucis
674 1326 896 1378 rostratis,
926 1324 1148 1386 profectus
1181 1324 1236 1368 ab
1264 1325 1395 1367 Utica
1423 1334 1488 1368 est
1513 1324 1555 1367 in
1585 1325 1753 1369 Mauri-

357 1409 544 1464 taniam,
570 1423 843 1469 regnumque
867 1406 1060 1468 Bogudis
1089 1415 1152 1450 est
1186 1406 1431 1467 ingressus;
1459 1405 1751 1466 expeditoque

356 1490 571 1546 exercitu,
617 1504 802 1532 numero
836 1504 1090 1543 servorum,
1125 1487 1392 1541 liberorum,
1432 1485 1623 1531 duorum
1658 1484 1750 1529 mil-

357 1569 466 1614 lium
481 1606 491 1624 ,
504 1570 572 1630 cuj
581 1586 630 1614 us
644 1578 811 1630 partem
837 1569 1078 1626 inermem,
1094 1579 1261 1629 partem
1279 1578 1495 1612 armatam
1511 1568 1749 1621 habuerat,

358 1650 414 1695 ad
439 1650 650 1712 oppidum
680 1651 898 1693 Ascurum
939 1648 1146 1693 accedere
1171 1649 1304 1709 coepit
1340 1666 1348 1691 :
1387 1649 1431 1691 in
1462 1665 1551 1708 quo
1584 1647 1750 1708 oppido

357 1730 607 1792 praesidium
637 1729 717 1773 fuit
746 1730 931 1790 regium.
966 1729 1175 1789 Pompeio
1208 1728 1492 1780 adveniente,
1518 1727 1751 1789 oppidani,

357 1827 495 1871 usque
525 1827 576 1854 eo
604 1810 716 1870 passi
745 1810 927 1869 propius
962 1809 1188 1865 accedere,
1219 1808 1360 1853 donec
1385 1808 1439 1852 ad
1465 1809 1580 1869 ipsas
1602 1817 1751 1869 portas

357 1908 406 1936 ac
421 1907 600 1935 murum
612 1890 1019 1952 appropinquaret,
1049 1889 1195 1933 subito
1220 1889 1454 1949 eruptione
1480 1888 1593 1933 facta
1610 1923 1621 1945 ,
1646 1905 1750 1950 pro-

356 1980 514 2016 stratos
534 1971 883 2032 perterritosque
905 1971 1197 2032 Pompeianos
1218 1971 1261 2014 in
1280 1987 1398 2014 marc
1416 1971 1575 2031 passim
1603 1985 1750 2013 naves·

354 2069 440 2113 que
465 2050 789 2113 compulerunt.
812 2054 874 2096 lta
896 2069 942 2095 re
971 2051 1082 2096 male
1105 2062 1224 2114 gesta
1240 2086 1251 2108 ,
1272 2054 1353 2096 Cn.
1374 2051 1608 2111 Pompeius
1637 2049 1751 2094 filius

355 2149 487 2177 naves
515 2132 616 2177 inde
653 2134 832 2189 avertit,
863 2149 1003 2193 neque
1029 2143 1178 2194 postea
1213 2131 1315 2176 litus
1351 2132 1520 2193 attigit,
1545 2130 1750 2176 classem-

355 2230 440 2275 que
462 2213 517 2259 ad
545 2213 711 2259 insulas
737 2214 934 2259 Baleares
956 2231 1104 2258 versus
1129 2215 1363 2259 convertit.

420 2296 587 2340 XXIV.
618 2296 766 2357 Scipio
793 2296 966 2340 interim
993 2313 1093 2340 cum
1120 2296 1168 2339 iis
1194 2296 1471 2357 copiis,quas
1493 2294 1626 2356 paulo
1652 2304 1753 2339 ante

358 2376 786 2430 demonstravimus,
813 2377 953 2421 Uticae
988 2376 1146 2437 grandi
1171 2376 1372 2437 praesidio
1401 2375 1575 2434 relicto,
1609 2375 1754 2437 profe-

354 2466 474 2515 ctus,
491 2459 684 2519 primum
711 2457 942 2502 Adrumeti
961 2468 1104 2502 castra
1135 2459 1259 2519 ponit
1280 2457 1462 2502 :deinde
1488 2474 1647 2519 paucos
1663 2456 1754 2500 dies

356 2537 415 2580 ibi
438 2549 758 2596 commoratus,
786 2549 921 2582 noctu
948 2539 1103 2582 itinere
1126 2539 1266 2596 facto,
1293 2556 1394 2584 cum
1421 2540 1578 2583 Petreii
1609 2548 1653 2582 et
1677 2539 1755 2582 La-

355 2616 471 2662 bieni
493 2620 631 2681 copiis
653 2636 697 2663 se
727 2620 960 2681 conjungit
989 2636 998 2662 :
1024 2630 1157 2680 atque
1190 2621 1285 2664 unis
1314 2621 1466 2664 castris
1492 2619 1639 2672 factis,
1671 2618 1753 2661 tria

355 2696 492 2743 millia
519 2716 727 2760 passuum
764 2699 893 2761 longe
922 2698 1170 2744 considunt.
1210 2701 1445 2761 Equitatus
1476 2699 1649 2744 interim
1678 2714 1751 2741 eo-
