1972 3356
363 227 411 271 94
573 223 613 257 C.
641 221 770 257 JULII
798 221 1018 256 CAESARIS
1048 220 1535 257 COMMENTARIORUM

362 306 621 350 continuato
646 313 689 348 et
714 314 843 348 nocte
870 313 914 348 et
939 303 1008 348 die
1030 304 1213 359 itinere,
1243 312 1375 364 atque
1399 305 1580 348 mutatis
1604 303 1660 348 ad
1679 321 1744 349 ce-

362 386 576 429 leritatem
597 384 835 444 jumentis,
863 384 918 428 ad
951 384 1209 446 Pompeium
1236 383 1488 440 contendit,
1522 392 1572 427 ut
1599 383 1744 428 adesse

360 467 577 509 Caesarem
608 465 812 509 omnibus
847 465 986 527 copiis
1020 466 1255 509 nuntiaret.
1295 465 1527 525 Pompeius
1561 473 1655 508 erat
1693 480 1745 508 eo

360 556 555 608 tempore
579 547 623 590 in
646 545 896 605 Candavia,
922 547 1090 608 iterque
1119 562 1171 590 ex
1199 544 1462 590 Macedonia
1490 545 1534 588 in
1560 544 1746 589 hiberna

360 626 640 689 Apolloniam
670 628 1054 689 Dyrrachiumque
1085 626 1286 672 habebat.
1319 626 1403 671 Sed
1427 642 1474 670 re
1503 642 1616 670 nova
1648 641 1745 686 per-

363 708 566 753 turbatus
582 742 593 764 ,
616 708 859 769 majoribus
880 709 1109 753 itineribus
1127 706 1406 769 Apolloniam
1426 716 1571 767 petere
1592 706 1744 766 coepit,

362 805 414 833 ne
442 791 587 834 Caesar
613 805 700 833 orae
723 789 950 833 maritimae
975 790 1170 834 civitates
1190 797 1437 849 occuparet.
1461 791 1520 832 At
1549 785 1619 831 ille
1636 822 1647 843 ‚
1674 803 1747 831 ex-

361 870 513 930 positis
547 868 762 914 militibus
780 904 791 926 ,
820 869 975 914 eodem
1004 869 1074 914 die
1097 870 1283 914 Oricum
1311 867 1617 930 proficiscitur.
1643 867 1745 925 Quo

360 967 496 1010 quum
518 950 730 1005 venisset,
754 952 802 994 L.
825 953 1100 1010 Torquatus,
1119 950 1194 1010 qui
1214 949 1338 1010 jussu
1359 950 1556 1010 Pompeii
1581 947 1746 1009 oppido

360 1040 544 1092 praeerat
568 1029 910 1091 praesidiumque
937 1030 996 1073 ibi
1023 1029 1338 1073 Parthinorum
1366 1029 1580 1085 habebat,
1609 1045 1744 1073 cona—

360 1121 430 1156 tus
449 1112 587 1172 portis
608 1110 765 1155 clausis
789 1110 1002 1171 oppidum
1022 1108 1281 1165 defendere,
1303 1125 1439 1169 quum
1454 1111 1632 1153 Graecos
1655 1125 1748 1153 mu·

360 1209 456 1235 rum
479 1190 713 1236 ascendere
737 1201 867 1252 atque
891 1207 1012 1234 arma
1041 1206 1196 1252 capere
1216 1189 1420 1250 juberet,
1448 1188 1509 1233 illi
1536 1199 1682 1234 autem
1704 1205 1750 1233 se

360 1283 513 1317 contra
543 1272 775 1333 imperium
807 1271 960 1334 populi
997 1271 1168 1316 romani
1201 1280 1475 1332 pugnaturos
1502 1286 1593 1315 esse
1621 1286 1750 1331 nega-

361 1364 486 1409 rent,
516 1352 725 1415 oppidani
760 1363 907 1397 autem
937 1353 1069 1396 etiam
1098 1368 1175 1396 sua
1211 1362 1369 1412 sponte
1397 1353 1610 1396 Caesarem
1643 1351 1750 1395 reci-

362 1451 463 1495 pere
502 1444 790 1491 conarentur,
832 1433 1071 1495 desperatis
1111 1433 1316 1480 omnibus
1358 1432 1556 1489 auxiliis,
1599 1442 1748 1494 portas

362 1515 560 1576 aperuit,
580 1525 621 1559 et
645 1531 689 1558 se
708 1525 839 1574 atque
864 1513 1073 1574 oppidum
1096 1514 1257 1558 Caesari
1287 1513 1479 1570 dedidit,
1501 1511 1751 1558 incolumis-

360 1611 444 1656 que
469 1595 523 1639 ab
549 1611 600 1639 eo
628 1604 907 1639 conservatus
934 1603 1011 1638 est.

425 1677 526 1719 XII.
558 1677 750 1736 Recepto
783 1676 929 1719 Caesar
959 1675 1117 1729 Orico,
1151 1673 1271 1718 nulla
1309 1675 1563 1735 interposita
1600 1690 1748 1730 mora,

364 1755 645 1816 Apolloniam
677 1755 987 1816 proficiscitur.
1014 1756 1120 1815 Ejus
1149 1755 1341 1799 adventu
1376 1755 1548 1811 audito,
1576 1757 1625 1799 L.
1655 1757 1751 1800 Sta-

363 1837 529 1891 berius,
548 1837 623 1896 qui
652 1836 712 1879 ibi
732 1846 916 1896 praeerat
931 1870 942 1889 ,
965 1852 1122 1896 aquam
1140 1845 1415 1897 comportare
1440 1836 1482 1879 in
1497 1852 1640 1880 arcem
1657 1870 1668 1887 ‚
1692 1845 1753 1879 at-

362 1934 445 1978 que
473 1933 567 1961 eam
592 1917 789 1973 munire,
813 1915 1073 1977 obsidesque
1110 1917 1164 1960 ab
1192 1916 1546 1978 Apolloniatibus
1575 1918 1750 1979 exigere

362 1999 505 2058 coepit.
537 1998 605 2043 Illi
637 2014 740 2042 vero
763 1997 979 2041 «daturos
1005 2014 1049 2041 se
1083 2014 1267 2059 negare,
1301 2014 1442 2058 neque
1469 2007 1616 2059 portas
1649 2014 1752 2042 con-

363 2077 445 2121 suli
468 2076 776 2139 praeclusuros;
803 2094 942 2139 neque
966 2077 1047 2122 sibi
1073 2077 1287 2138 judicium
1316 2089 1570 2140 sumpturos
1594 2088 1750 2123 contra

364 2168 491 2219 atque
530 2159 673 2203 omnis
709 2157 837 2203 Italia
869 2157 1148 2220 populusque
1179 2175 1386 2203 romanus
1415 2159 1750 2219 judicavisset.»

365 2240 570 2296 Quorum
611 2240 787 2300 cognita
833 2237 1087 2294 voluntate,
1127 2238 1240 2284 clam
1281 2239 1477 2301 profugit
1516 2238 1752 2301 Apollonia

367 2319 604 2364 Staberius.
634 2319 703 2365 Illi
735 2319 790 2364 ad
824 2321 1038 2366 Caesarem
1065 2318 1230 2382 legatos
1261 2322 1470 2375 mittunt,
1499 2320 1751 2382 oppidoque

365 2401 595 2461 recipiunt.
619 2403 710 2445 Hos
732 2410 977 2462 sequuntur
1003 2400 1302 2457 Bullidenses,
1320 2402 1598 2457 Amantiani,
1621 2410 1665 2445 et
1684 2416 1752 2445 re-

365 2479 493 2541 liquae
522 2480 720 2525 finitimoe
744 2482 963 2537 civitates,
992 2491 1170 2543 totaque
1196 2483 1383 2543 Epirus,
1410 2492 1477 2538 et,
1507 2481 1660 2543 legatis
1694 2479 1750 2525 ad

367 2562 584 2605 Caesarem
609 2562 777 2618 missis,
802 2578 899 2622 quae
928 2563 1189 2623 imperaret,
1214 2562 1405 2607 facturos
1431 2560 1707 2623 pollicentur.

431 2644 553 2685 XIII.
590 2645 646 2687 At
677 2643 940 2703 Pompeius,
979 2645 1166 2704 cognitis
1201 2644 1251 2687 iis
1289 2643 1447 2698 rebus,
1494 2658 1590 2702 quae
1624 2652 1749 2686 erant
