1972 3356
536 215 603 250 DE
635 215 795 252 BELLO
827 218 1045 252 GALLlco
1075 217 1167 252 ΜΒ.
1194 218 1257 252 iv,
1553 232 1598 265 97

199 309 317 341 runt.
340 299 509 342 Secutae
529 309 633 343 sunt
655 301 890 344 continuos
912 300 1162 362 complures
1183 302 1274 346 dies
1298 312 1601 364 tempestates,

199 395 296 438 quse
319 389 362 423 et
386 390 562 424 nostros
584 382 628 424 in
651 382 803 425 castris
825 383 1127 439 continerent,
1152 393 1196 427 et
1219 384 1392 428 hostem
1412 402 1436 428 a
1453 400 1603 446 pugna

200 460 504 521 prohiberent.
543 463 728 506 Interim
768 462 946 506 barbari
982 465 1163 508 nuntios
1194 465 1238 508 in
1269 482 1421 510 omnes
1461 475 1604 527 partes

199 542 483 599 dimiserunt,
513 544 871 603 paucitatemque
890 554 1147 588 nostrorum
1172 544 1365 590 militum
1386 548 1474 591 suis
1495 565 1599 609 prae-

200 623 487 678 dicaverunt,
516 634 577 680 et,
604 634 770 684 quanta
794 623 951 685 praedae
975 624 1185 668 faciendae
1209 636 1341 686 atque
1370 628 1415 670 in
1445 644 1603 689 perpe-

202 715 326 749 tuum
353 705 420 747 sui
445 703 662 750 liberandi
688 703 876 748 facultas
902 704 1104 762 daretur,
1130 706 1165 749 si
1194 708 1422 751 Romanos
1451 710 1606 752 castris

199 784 490 846 expulissent,
512 784 946 830 demonstraverunt.
966 787 1045 831 His
1065 787 1197 832 rebus
1219 787 1422 833 celeriter
1446 806 1607 850 magna

201 866 487 912 multitudine
511 866 733 928 peditatus
757 868 1069 929 equitatusque
1093 879 1267 927 coacta,
1290 870 1346 915 ad
1366 881 1509 916 castra
1533 888 1608 915 ve-

200 958 377 993 nerunt.

264 1032 452 1077 XXXV.
485 1034 651 1090 Caesar,
680 1034 761 1077 etsi
789 1032 932 1091 idem,
962 1034 1083 1096 quod
1113 1035 1419 1097 superioribus
1454 1035 1610 1080 diebus

201 1113 448 1169 acciderat,
473 1113 567 1158 fore
590 1114 788 1172 videbat,
816 1125 888 1173 ut,
916 1117 951 1159 si
980 1126 1126 1160 essent
1152 1116 1300 1161 hostes
1329 1116 1471 1178 pulsi,
1493 1115 1610 1162 cele-

201 1196 333 1240 ritate
357 1194 606 1256 periculum
627 1195 896 1258 effugerent,
921 1206 1071 1240 tamen
1097 1207 1255 1242 nactus
1282 1199 1452 1259 equites
1481 1197 1613 1243 circi-

202 1285 270 1320 ter
300 1293 414 1333 xxx,
447 1293 558 1337 quos
591 1277 822 1322 Commius
856 1278 1065 1334 Atrebas,
1094 1278 1147 1322 de
1182 1295 1272 1339 quo
1301 1288 1405 1323 ante
1439 1278 1610 1324 dictum

201 1367 286 1414 est,
315 1374 465 1402 secum
499 1367 902 1419 transportaverat,
926 1357 1122 1420 legiones
1150 1361 1194 1402 in
1224 1361 1316 1404 acie
1348 1377 1430 1421 pro
1458 1362 1613 1407 castris

203 1439 452 1482 constituit.
477 1440 728 1483 Commisso
749 1438 926 1500 proelio,
947 1439 1113 1484 diutius
1134 1450 1390 1485 nostrorum
1416 1440 1612 1486 militum

204 1522 420 1581 impetum
441 1519 588 1564 hostes
616 1519 730 1564 serre
754 1538 844 1565 non
867 1531 1135 1582 potuerunt,
1154 1538 1204 1565 ac
1227 1531 1349 1584 terga
1368 1532 1611 1567 verterunt.

203 1603 331 1660 Quos
350 1611 476 1646 tanto
499 1602 645 1664 spatio
665 1603 826 1658 secuti,
850 1612 1071 1663 quantum
1098 1620 1234 1647 cursu
1258 1614 1302 1648 et
1324 1604 1495 1648 viribus
1519 1604 1613 1649 effi-

202 1700 301 1728 cere
338 1693 607 1746 potuerunt‚
645 1683 899 1746 complures
935 1701 989 1729 ex
1022 1685 1072 1728 iis
1104 1684 1396 1742 occiderunt;
1428 1685 1613 1744 deinde,

203 1765 412 1810 omnibus
440 1764 571 1827 longe
598 1764 774 1827 lateque
802 1765 977 1810 afflictis
1006 1767 1305 1827 incensisque,
1331 1784 1375 1812 se
1402 1768 1450 1812 in
1473 1777 1614 1813 castra

205 1856 484 1909 receperunt.

268 1930 480 1974 XXXVI.
518 1929 688 1974 Eodem
712 1929 782 1973 die
807 1929 962 1991 legati,
986 1931 1041 1974 ab
1066 1931 1268 1976 hostibus
1294 1933 1415 1977 missi
1441 1933 1496 1976 ad
1521 1935 1615 1978 Cae-

207 2027 350 2054 sarem
375 2009 429 2054 de
454 2027 582 2071 pace,
603 2021 837 2055 venerunt.
863 2012 943 2055 His
962 2013 1110 2056 Caesar
1129 2030 1367 2058 numerum
1388 2014 1614 2071 obsidum,

209 2108 342 2152 quem
373 2101 503 2135 antea
536 2091 858 2153 imperaverat,
897 2091 1169 2154 duplicavit,
1203 2111 1365 2156 eosque
1398 2096 1443 2138 in
1474 2095 1618 2139 conti·
1672 2158 1677 2159 ⁷

210 2183 391 2218 nentem
418 2172 578 2217 adduci
601 2174 753 2235 jussit,
776 2173 919 2235 quod,
946 2175 1201 2237 propinqua
1233 2176 1304 2220 die
1337 2175 1612 2238 aequinoctii,

212 2254 398 2299 infirmis
422 2255 634 2311 navibus,
662 2255 797 2299 hiemi
826 2255 1156 2317 navigationem
1182 2257 1502 2319 subjiciendam
1526 2273 1618 2301 non

210 2336 504 2381 existimabat.
534 2339 659 2398 Ipse,
688 2336 897 2382 idoneam
929 2347 1232 2399 tempestatem
1271 2349 1454 2396 nactuS,
1485 2337 1619 2400 paulo

212 2427 311 2479 post
335 2417 527 2462 mediam
551 2428 727 2462 noctem
752 2436 885 2463 naves
910 2418 1063 2476 solvit;
1083 2436 1179 2480 quae
1198 2436 1353 2464 omnes
1378 2418 1621 2464 incolumes

213 2499 269 2544 ad
297 2500 601 2544 continentem
632 2510 934 2562 pervenerunt
962 2518 971 2545 :
1001 2500 1076 2545 sed
1101 2517 1153 2545 ex
1182 2500 1251 2544 his
1281 2501 1495 2545 onerariae
1525 2499 1621 2544 duae

213 2581 418 2639 eosdem,
456 2599 568 2644 quos
603 2580 811 2643 reliquae,
845 2592 1002 2644 portus
1040 2598 1197 2644 capere
1229 2599 1319 2626 non
1353 2591 1622 2643 potuerunt,

215 2673 257 2707 et
289 2663 422 2725 paulo
451 2663 565 2708 infra
592 2662 747 2708 delatae
776 2674 892 2708 sunt.

416 2762 444 2789 1.
1406 2762 1429 2796 7
