1972 3356
334 209 353 245 3
362 223 375 246 1
386 223 405 245 2
705 210 736 243 N
740 208 856 244 OTAE
883 209 935 243 IN
965 210 1339 247 COMMENTARIA

387 288 470 323 CAP.
508 287 606 321 CIV.
643 285 772 321 Amici
812 285 920 334 regis,
955 286 1129 331 Quorum
1155 288 1333 336 praecipui
1372 298 1477 325 erant
1516 292 1719 339 Pothinus,

329 348 544 385 Theodatus
572 347 736 391 Rhetor,
763 353 800 383 et
824 347 1000 383 Achillas.

381 410 442 447 Ab
471 408 626 445 Achilla
663 417 700 444 et
739 409 920 457 Septimio
955 409 1178 457 interficitur.
1206 412 1354 448 Novem
1385 420 1422 448 et
1449 414 1720 463 quinquaginta

328 484 447 509 annos
475 478 600 517 natus,
636 483 737 506 anno
763 472 811 507 U.
839 472 878 507 C.
910 470 997 517 705.
1018 473 1075 508 De
1098 472 1201 520 cujus
1235 474 1340 510 exitu
1368 475 1454 511 vide
1480 476 1720 522 Pmnncn.;

328 536 446 570 D10N.
473 534 593 580 CAss„
621 546 731 579 x1.11;
757 536 932 580 Aprum,
957 548 1011 580 11,
1035 536 1178 571 Lucan.
1195 564 1204 581 ‚
1232 550 1322 573 v111.

382 597 467 632 CAP.
488 597 563 633 CV.
584 597 648 631 Ita
666 596 808 632 duobus
827 597 1051 644 temporibus
1068 598 1235 646 ephesioe
1253 600 1429 646 pecuniae
1451 600 1582 636 Coesar
1605 602 1718 636 auxi-

329 660 419 694 lc'um
447 659 540 693 tulit.
569 657 626 693 Cf.
653 670 791 706 supra,
816 670 896 706 cap.
929 658 988 694 33.

381 722 465 757 Cu.
487 721 581 756 CVI.
611 721 774 770 Propter
804 721 1092 757 necessitudines
1118 724 1233 771 regni.
1263 724 1462 772 Pompeius
1484 724 1582 759 enim
1611 737 1628 758 a
1657 735 1717 759 se—

327 789 415 819 natu
439 789 541 818 tutor
564 783 767 819 Ptolemaeo
793 782 875 831 regi
897 795 1017 830 puero
1039 784 1146 820 datus
1174 792 1263 820 erat.

379 845 464 880 cip.
491 845 627 881 CVIII.
649 845 807 893 Propter
826 853 976 881 oetatem
992 847 1115 894 pueri.
1143 847 1216 891 Qui
1243 846 1423 882 tredecim
1440 854 1583 884 tantum
1599 859 1719 886 annos

327 914 406 943 erat
432 914 551 944 natus.

384 971 431 1005 Ue
449 971 487 1005 in
510 970 646 1005 oerario
659 968 901 1017 ponerentur.
921 968 1040 1015 Hujus
1053 970 1206 1016 quidem
1229 971 1345 1006 moris
1364 972 1523 1019 plurima
1549 986 1569 1009 a
1589 973 1718 1021 Lipsio

326 1039 504 1080 congesta
527 1038 612 1066 sunt
631 1030 813 1077 exempla.

378 1095 463 1130 CAP.
490 1093 583 1128 CXI.
612 1092 708 1138 Quoe
744 1100 852 1128 erant
887 1094 924 1127 in
958 1092 1152 1128 navalibus
1161 1120 1172 1136 ,
1209 1094 1383 1129 incendic.
1423 1095 1505 1131 Hoc
1539 1095 1718 1132 incendio

326 1146 574 1203 conflagravit
590 1153 824 1189 nobilissima
849 1154 1103 1190 Alexandrina
1126 1155 1378 1201 bibliotheca,
1399 1169 1481 1203 quae
1495 1184 1504 1201 ,
1525 1157 1555 1192 si
1578 1157 1717 1193 veteri-

326 1220 394 1254 bus
438 1216 692 1253 monumentis
732 1214 825 1251 fides
859 1216 992 1252 haberi
1029 1217 1166 1262 debet,
1204 1217 1439 1265 septingenta
1485 1219 1719 1254 voluminum

325 1280 442 1316 millia
469 1278 708 1328 possidebat,
735 1279 1020 1314 Ptolemaeorum
1044 1292 1130 1315 cura
1153 1279 1366 1327 vigiliisque
1393 1281 1611 1329 composita.

378 1342 463 1377 CAP.
493 1342 608 1378 CXII.
636 1341 785 1376 Pharus
810 1342 922 1377 estin
948 1342 1071 1377 insula
1094 1341 1215 1376 turris.
1239 1341 1325 1377 Haec
1351 1343 1484 1388 turris,
1518 1343 1616 1379 inter
1629 1357 1717 1393 sep-

327 1413 402 1441 tem
421 1404 554 1441 mundi
577 1404 765 1439 miracula
791 1410 1002 1449 numerata,
1034 1402 1215 1439 aedificata
1238 1402 1357 1439 fuerat
1379 1417 1398 1440 a
1424 1406 1594 1442 Sostrato
1623 1406 1716 1442 cni-

327 1468 416 1513 dio,
453 1465 557 1512 jussu
580 1466 773 1502 Ptolemaei
795 1465 1043 1514 Philadelphi.
1080 1465 1154 1511 Cf.‚
1185 1465 1232 1501 de
1270 1466 1389 1503 insula
1425 1468 1564 1513 Pharo,
1597 1469 1718 1517 deque

325 1531 393 1566 hac
419 1529 532 1574 turri,
562 1530 749 1574 Lucum,
772 1529 811 1564 in
846 1529 1028 1564 frletlzodo
1063 1530 1335 1576 componendae
1368 1529 1556 1574 historia-5
1586 1533 1718 1577 Pus„

329 1593 395 1628 lib.
425 1604 574 1637 xxxw,
600 1603 680 1639 cap.
709 1602 767 1626 12.

380 1654 535 1689 Interim
551 1653 643 1698 filia
673 1654 797 1687 minor
828 1653 1037 1687 Ptolemoei.
1075 1652 1236 1687 Arsinoe
1263 1653 1423 1698 scilicet,
1457 1655 1503 1690 de
1535 1668 1603 1702 qua
1631 1655 1717 1691 vide

326 1717 423 1751 Bell.
451 1716 584 1758 Alea,
609 1726 640 1749 c.
665 1718 698 1756 4.

348 1992 411 2037 ΙΝ
435 1990 882 2036 COMMENTARIA
907 1990 987 2033 DE
1010 1990 1205 2033 BELLO
1236 1991 1269 2033 A
1280 1990 1691 2036 LEXANDRINO.

380 2132 566 2177 Quisnam
585 2130 697 2166 fuerit
724 2136 855 2166 auctor
874 2129 1029 2175 hujusce
1050 2129 1137 2164 libri
1158 2129 1205 2164 de
1234 2130 1335 2165 bello
1360 2130 1617 2166 Alexandrino
1637 2132 1717 2167 sin-

327 2193 481 2242 gularis,
505 2205 553 2229 ne
585 2193 664 2241 ipsa
700 2191 854 2239 quidem
884 2191 1074 2235 Suetonii,
1101 2191 1242 2226 nedum
1267 2198 1394 2226 nostra
1429 2199 1551 2237 aetate,
1576 2201 1716 2229 certum

326 2269 404 2292 esse
442 2255 577 2304 potuit.
611 2254 932 2301 Oudendorpius‚
966 2253 1005 2288 in
1041 2253 1210 2288 editione
1236 2254 1444 2301 posteriore
1481 2267 1582 2289 anno
1619 2260 1715 2299 1740

326 2318 443 2362 edita,
469 2319 515 2352 A.
538 2315 653 2351 Hirtii
674 2328 815 2351 nomen
838 2315 923 2351 huic
949 2314 1049 2350 libro
1075 2314 1316 2363 praescribere
1331 2327 1409 2350 non
1428 2315 1627 2352 dubitavit.
1648 2317 1717 2353 Cui

327 2379 524 2416 assentitur
544 2378 736 2423 Oberlin.;
762 2377 966 2426 siquidem,
992 2376 1132 2425 inquit,
1158 2377 1274 2425 vulgo
1289 2377 1358 2412 sub
1378 2377 1455 2424 ejus
1483 2378 1637 2414 nomine
1659 2379 1714 2414 ci-

327 2443 399 2479 tari
426 2443 532 2478 solet.
555 2441 744 2477 Nonnulli
763 2447 890 2476 tamen
919 2452 1096 2476 censuere
1122 2440 1258 2484 critici,
1279 2439 1435 2476 minime
1457 2440 1556 2476 hunc
1577 2441 1715 2476 librum

326 2504 442 2540 tribui
469 2515 578 2552 posse
612 2503 760 2549 Hirtio,
798 2503 882 2538 viro
909 2503 1042 2548 docto,
1081 2510 1116 2539 et
1147 2504 1186 2538 in
1217 2514 1257 2538 re
1288 2502 1441 2537 militari
1471 2501 1714 2550 peritissime,

327 2565 637 2615 quandoquidem
664 2577 745 2601 non
763 2577 880 2614 pauca
900 2565 1235 2613 deprehenduntur
1251 2565 1290 2599 iu
1317 2565 1428 2600 Bello
1451 2564 1714 2600 Alexandrino

328 2627 520 2676 imperitiae
545 2635 581 2664 et
609 2628 831 2676 ignorantiae
852 2628 906 2663 rei
935 2627 1106 2663 militaris
1133 2627 1284 2662 indicia.
