1972 3356
563 187 628 222 DE
658 187 816 223 BELLO
848 187 1062 222 GALLICO
1093 188 1181 223 LIB.
1208 189 1234 222 I.
1550 185 1594 230 37

205 271 338 315 misit.
366 273 432 314 Ita
465 273 602 314 nostri
627 274 785 315 acriter
813 274 856 315 iu
880 272 1046 329 hostes,
1074 273 1198 334 signo
1228 271 1350 327 dato,
1386 273 1599 331 impetum

205 352 431 407 fecerunt3
466 354 614 412 itaque
648 353 794 396 hostes
829 363 1008 413 repente
1045 352 1333 413 celeriterque
1373 368 1601 412 procurre-

205 443 330 488 runt,
357 443 406 476 ut
429 434 621 494 spatium
646 433 734 494 pila
758 435 802 476 in
826 433 973 477 hostes
1000 432 1263 494 conjiciendi
1289 449 1379 477 non
1405 432 1599 485 daretur,

204 514 393 574 Rejectis
424 512 547 573 pilis,
580 514 781 556 cominus
820 512 976 574 gladiis
1011 524 1257 574 pugnatum
1289 523 1366 558 est.
1395 515 1451 558 At
1487 515 1600 558 Ger-

206 595 347 647 mani,
373 591 576 636 celeriter
598 610 649 636 ex
673 593 992 637 consuetudine
1023 610 1099 636 sua
1125 592 1344 655 phalange
1368 594 1500 649 facta,
1526 594 1602 636 im-

203 683 329 733 petus
366 672 617 734 gladiorum
661 684 941 734 exceperunt.
983 674 1166 734 Reperti
1207 684 1309 717 sunt
1351 673 1601 735 complures

203 754 340 796 nostri
368 752 550 809 milites,
579 751 660 814 qui
679 755 723 797 in
751 753 991 815 phalangas
1024 753 1265 811 insilirent,
1292 764 1336 798 et
1359 764 1482 798 scuta
1510 771 1602 797 ma-

203 833 331 877 nibus
348 832 632 889 revellerent,
651 844 694 878 et
712 834 901 896 desuper
917 834 1218 879 vulnerarent.
1234 835 1386 892 Quum
1405 835 1602 878 hostium

201 915 312 958 acies
335 931 360 957 a
383 915 558 958 sinistro
584 932 723 959 cornu
754 915 878 976 pulsa
902 925 1032 976 atque
1057 917 1101 959 in
1127 915 1276 978 fugam
1301 932 1511 960 conversa
1537 933 1603 959 es-

202 1004 289 1052 set,
310 1012 334 1039 a
360 995 516 1040 dextro
533 1013 672 1040 cornu
693 997 979 1041 vehementer
999 996 1288 1042 multitudine
1308 1013 1490 1041 suorum
1509 1013 1603 1040 nos-

201 1086 314 1120 tram
331 1078 470 1121 aciem
490 1077 764 1138 premebant.
787 1077 838 1120 Id
857 1094 994 1138 quum
1008 1078 1393 1123 animadvertisset
1414 1080 1461 1122 P.
1480 1081 1604 1123 Cras-

200 1175 292 1213 sus,
323 1158 592 1214 adolescens,
623 1159 698 1219 qui
730 1159 930 1218 equitatu
961 1169 1171 1219 praeerat,
1210 1159 1329 1220 quod
1360 1159 1604 1220 expeditior

200 1249 311 1296 erat,
330 1257 461 1300 quam
480 1240 544 1296 hi,
560 1241 634 1300 qui
653 1241 768 1284 inter
784 1241 921 1284 aciem
937 1240 1252 1297 versabantur,
1272 1242 1447 1285 tertiam
1464 1242 1603 1284 aciem

201 1320 503 1366 laborantibus
528 1323 687 1366 nostris
710 1322 907 1366 subsidio
931 1324 1063 1366 misit.

265 1404 381 1446 Lm.
408 1404 477 1446 Ita
501 1402 703 1463 proelium
730 1404 988 1448 restitutum
1014 1413 1100 1457 est,
1124 1413 1256 1464 atque
1282 1419 1433 1446 omnes
1457 1403 1605 1446 hostes

200 1494 323 1545 terga
340 1493 570 1527 verterunt
588 1518 597 1539 ,
617 1501 761 1544 neque
777 1485 901 1545 prius
922 1484 1075 1546 fugere
1094 1484 1380 1538 destiterunt,
1400 1500 1530 1545 quam
1551 1483 1605 1527 ad

199 1564 364 1608 flumen
386 1564 593 1608 Rhenum
616 1563 754 1608 millia
779 1581 988 1626 passuum
1013 1582 1064 1608 cx
1087 1582 1138 1609 eo
1164 1564 1260 1609 loco
1283 1566 1461 1609 circiter
1478 1566 1606 1626 quin-

199 1645 410 1707 quaginta
440 1655 764 1706 '‘pervenerunt.
804 1645 872 1689 Ibi
907 1647 1116 1707 perpauci
1144 1656 1221 1689 aut
1251 1646 1418 1689 viribus
1451 1645 1604 1690 confisi

201 1736 476 1770 transnatare
502 1726 852 1781 contenderunt,
881 1737 958 1770 aut
988 1726 1194 1770 lintribus
1218 1727 1409 1771 inventis
1433 1727 1515 1771 sibi
1541 1744 1606 1771 sa-

198 1805 338 1851 lutem
365 1817 637 1868 repererunt.
662 1810 714 1852 In
743 1807 810 1850 his
833 1806 916 1850 fuit
941 1808 1210 1862 Ariovistus,
1235 1809 1330 1868 qui,
1354 1806 1604 1852 naviculam

197 1886 436 1949 deligatam
461 1888 517 1931 ad
536 1889 677 1948 ripam
698 1897 874 1943 nactus,
899 1904 949 1930 ea
971 1887 1168 1948 profugit
1199 1905 1207 1930 ε
1232 1886 1425 1948 reliquos
1451 1905 1603 1932 omnes

199 1970 426 2013 consecuti
445 1969 616 2028 equites
636 1968 775 2010 nostri
794 1967 1124 2011 interfecerunt.
1148 1969 1260 2012 Duae
1277 1968 1459 2013 fuerunt
1478 1970 1604 2014 Ario-

199 2050 299 2093 visti
314 2066 484 2103 uxores,
498 2065 585 2092 una
600 2050 742 2092 Sueva
758 2048 952 2104 natione,
964 2064 1096 2108 quam
1110 2047 1242 2092 domo
1252 2065 1399 2093 secum
1414 2049 1604 2094 adduxe-

199 2139 291 2184 rat;
317 2128 454 2173 altera
476 2130 660 2185 Norica,
684 2130 797 2190 regis
819 2129 1031 2172 Vocionis
1056 2139 1202 2183 soror,
1225 2146 1357 2189 quam
1384 2130 1429 2173 in
1457 2128 1603 2174 Gallia

200 2211 403 2268 duxerat,
429 2229 451 2255 a
478 2211 612 2255 fratre
636 2212 814 2254 missam
837 2228 845 2254 :
872 2221 1070 2273 utraeque
1095 2212 1138 2254 in
1163 2227 1212 2255 ea
1236 2210 1339 2272 fuga
1361 2212 1598 2272 perierunt.

200 2295 311 2337 Duae
330 2291 429 2336 filiae
449 2293 607 2336 harum
621 2327 632 2349 ,
654 2291 790 2336 altera
813 2293 975 2342 occisa,
996 2291 1133 2335 altera
1158 2302 1285 2352 capta
1306 2301 1382 2336 est.
1402 2294 1451 2336 C.
1471 2291 1602 2338 Vale-

199 2376 290 2418 rius
323 2372 564 2430 Procillus,
595 2390 732 2436 quum
756 2390 781 2417 a
804 2373 1060 2418 custodibus
1087 2374 1130 2416 in
1154 2372 1257 2434 fuga
1281 2373 1407 2417 trinis
1435 2375 1601 2418 catenis

199 2466 373 2500 vinctus
403 2455 673 2507 traheretur,
704 2455 747 2498 in
782 2455 925 2516 ipsum
953 2456 1194 2509 Caesarem,
1226 2455 1372 2500 hostes
1402 2457 1601 2516 equitatu

201 2545 559 2598 persequentem,
591 2535 760 2579 incidit.
788 2537 900 2593 Quae
927 2535 1106 2595 quidem
1130 2552 1200 2580 res
1227 2537 1385 2581 Caesari
1409 2555 1498 2581 non
1524 2537 1603 2581 mi-

202 2635 382 2670 norem,
416 2633 546 2678 quam
587 2618 679 2676 ipsa
711 2617 916 2671 victoria,
955 2614 1227 2676 voluptaten'i
1269 2619 1443 2675 attulit,
1484 2617 1601 2678 quod
