1972 3356
350 247 395 281 (32
560 247 597 279 (ἶ.
631 245 755 279 JULII
786 243 998 278 CAESARIS
1029 243 1514 279 COMMENTARIORUM

350 329 649 390 compluribus
680 326 927 370 confectum
958 325 1212 370 vulneribus
1244 327 1453 382 diximus,
1484 337 1525 371 et
1552 328 1655 370 item
1679 330 1729 370 C.

352 411 620 463 Volusenus,
641 408 844 450 tribunus
864 405 1054 449 militum
1068 441 1079 462 ,
1102 407 1168 449 vir
1186 416 1229 449 et
1247 405 1418 450 consilii
1437 408 1583 467 magni
1598 416 1639 449 et
1655 409 1733 450 vir-

352 491 476 544 tutis,
500 488 554 531 ad
576 487 763 532 Galbam
784 496 1041 543 accurrunt,
1063 496 1195 546 atque
1217 503 1350 530 unam
1370 503 1462 530 esse
1486 503 1607 547 spem
1628 485 1735 529 salu-

352 571 404 612 tis
429 569 609 625 docent,
634 568 695 624 si,
721 568 953 628 eruptione
985 567 1124 623 facta,
1153 577 1399 611 extremum
1427 566 1638 610 auxilium
1666 584 1736 611 ex-

352 651 619 710 perirentur.
653 650 829 709 Itaque,
864 649 1116 692 convocatis
1149 648 1510 704 centurionibus,
1538 647 1738 692 celeriter

350 730 510 775 milites
531 730 738 774 certiores
758 728 878 786 facit,
906 727 1126 789 paulisper
1150 729 1494 772 intermitterent
1514 728 1737 789 proelium,

352 830 401 857 ac
429 809 738 855 tantummodo
767 807 852 853 tela
881 809 1011 853 missa
1042 809 1318 869 exciperent,
1349 825 1481 869 seque
1507 826 1558 853 ex
1590 808 1738 853 labore

352 893 604 947 reficerent,
628 900 747 952 post,
767 889 869 934 dato
892 889 1037 950 signo,
1059 905 1081 932 e
1105 889 1257 932 castris
1280 899 1586 950 erumperent,
1609 898 1739 949 atque

351 990 528 1017 omnem
560 989 681 1033 spem
709 970 859 1015 salutis
885 971 929 1013 in
961 969 1124 1013 virtute
1152 980 1380 1030 ponerent.

416 1057 491 1098 VI.
514 1053 647 1111 Quod
670 1053 780 1113 jussi
804 1061 925 1106 sunt,
951 1051 1135 1106 faciunt3
1158 1067 1207 1094 ac
1236 1051 1382 1095 subito
1412 1052 1614 1095 omnibus
1640 1068 1738 1112 por-

354 1136 407 1179 tis
426 1135 657 1194 eruptione
685 1133 820 1189 facta,
850 1148 992 1192 neque
1015 1131 1331 1193 cognoscendi,
1361 1132 1467 1191 quid
1496 1131 1643 1188 fieret,
1672 1149 1742 1176 ne-

352 1231 436 1275 que
473 1214 538 1258 sui
572 1212 806 1274 colligendi
842 1212 1041 1256 hostibus
1072 1210 1326 1255 facultatem
1361 1211 1634 1272 relinquunt.
1676 1215 1742 1256 lta

352 1303 619 1339 commutata
647 1293 844 1348 fortuna,
869 1309 970 1347 eOS,
996 1293 1072 1353 qui
1100 1293 1144 1335 in
1174 1308 1296 1353 spem
1314 1291 1627 1353 potiendorum
1655 1308 1743 1336 cas-

353 1385 523 1418 trorum
552 1384 782 1430 venerant,
806 1373 1003 1432 undique
1032 1373 1354 1416 circumventos
1378 1372 1674 1429 interficiunt,
1700 1383 1743 1416 et

352 1471 405 1498 ex
423 1454 653 1497 hominum
681 1452 875 1496 millibus
902 1452 1090 1513 amplius
1121 1452 1322 1514 triginta,
1353 1468 1483 1512 quem
1508 1469 1742 1496 numerum

352 1534 641 1578 barbarorum
666 1533 721 1577 ad
741 1543 882 1577 castra
901 1533 1071 1576 venisse
1086 1532 1333 1588 constabat,
1355 1531 1452 1593 plus
1473 1534 1602 1577 tertia
1618 1543 1743 1593 parte

354 1613 603 1669 interfecta,
631 1612 822 1674 reliquos
858 1613 1115 1674 perterritos
1149 1613 1193 1656 in
1222 1612 1371 1674 fugam
1399 1613 1662 1674 conjiciunt,
1695 1631 1744 1658 ac

354 1712 408 1738 ne
443 1696 487 1738 in
522 1694 629 1738 locis
667 1694 845 1754 quidem
882 1694 1183 1755 superioribus
1225 1694 1463 1737 consistere
1496 1696 1741 1755 patiuntur.

353 1776 424 1820 Sic
450 1776 653 1819 omnibus
673 1775 867 1819 hostium
890 1775 1028 1834 copiis
1051 1774 1176 1831 fusis,
1199 1775 1421 1834 armisque
1441 1775 1603 1831 exutis,
1631 1792 1675 1819 se
1699 1777 1743 1819 in

354 1866 495 1900 castra
524 1857 878 1916 munitionesque
906 1872 1004 1899 suas
1033 1855 1265 1915 recipiunt.
1296 1855 1401 1912 Quo
1425 1854 1579 1916 proelio
1608 1856 1741 1913 facto,

354 1938 472 1997 quod
496 1938 651 1999 saepius
672 1937 895 1980 fortunam
916 1945 1084 1980 tentare
1104 1934 1249 1979 Galba
1269 1934 1473 1991 nolebat,
1500 1946 1632 1997 atque
1658 1935 1744 1980 alio

354 2034 398 2061 se
431 2020 473 2061 in
513 2018 696 2062 hiberna
731 2015 918 2060 concilio
952 2017 1119 2060 venisse
1148 2016 1433 2073 meminerat,
1465 2015 1559 2060 aliis
1587 2033 1742 2061 occur-

354 2099 460 2142 risse
479 2099 611 2142 rebus
625 2098 814 2154 viderat,
836 2098 1023 2140 maxime
1042 2097 1253 2141 frumenti
1272 2107 1632 2157 commeatusque
1653 2098 1745 2141 ino-

354 2179 424 2238 pia
450 2188 677 2239 permotus
693 2213 703 2232 ,
727 2187 905 2238 postero
925 2177 993 2221 die
1018 2178 1221 2221 omnibus
1244 2178 1337 2239 ejus
1364 2178 1447 2236 vici
1467 2177 1654 2221 aedificiis
1678 2178 1743 2221 in-

355 2259 514 2315 censis,
539 2259 584 2302 in
610 2258 889 2303 Provinciam
914 2259 1073 2301 reverti
1102 2258 1350 2313 contendit;
1374 2274 1447 2314 ac,
1475 2257 1597 2302 nullo
1621 2258 1742 2301 hoste

355 2339 640 2398 prohibente,
669 2348 746 2382 aut
769 2340 850 2382 iter
873 2338 1147 2393 demorante,
1174 2338 1440 2383 incolumem
1463 2339 1679 2401 legionem
1697 2341 1740 2384 in

356 2419 615 2477 Nantuates,
658 2419 759 2463 inde
803 2421 847 2462 in
892 2417 1150 2479 Allobrogas
1191 2419 1417 2479 perduxit,
1459 2420 1606 2480 ibique
1649 2421 1741 2464 hie-

358 2501 505 2543 mavit.

421 2582 518 2625 Vll.
552 2584 628 2625 His
663 2583 791 2626 rebus
827 2583 979 2643 gestis,
1010 2599 1147 2642 quum
1173 2582 1375 2625 omnibus
1405 2580 1457 2622 de
1484 2583 1624 2624 causis
1653 2585 1740 2625 Cae-

358 2675 426 2703 sar
452 2672 648 2720 pacatam
679 2663 868 2707 Galliam
903 2664 1194 2716 existimaret,
1220 2661 1434 2722 superatis
1472 2660 1639 2722 Belgis,
1668 2679 1739 2706 ex-
