<?xml version="1.0" encoding="UTF-8"?>
<!DOCTYPE html PUBLIC "-//W3C//DTD XHTML 1.0 Transitional//EN"
    "http://www.w3.org/TR/xhtml1/DTD/xhtml1-transitional.dtd">
<html xmlns="http://www.w3.org/1999/xhtml" xml:lang="en" lang="en">
 <head>
  <title>
</title>
<meta http-equiv="Content-Type" content="text/html;charset=utf-8" />
  <meta name='ocr-system' content='tesseract 3.04.00' />
  <meta name='ocr-capabilities' content='ocr_page ocr_carea ocr_par ocr_line ocrx_word'/>
</head>
<body>
  <div class='ocr_page' id='page_1' title='image "./operajoh0102caesuoft_0331.png"; bbox 0 0 1972 3356; ppageno 0'>
   <div class='ocr_carea' id='block_1_1' title="bbox 504 211 1486 247">
    <p class='ocr_par' dir='ltr' id='par_1_1' title="bbox 504 211 1486 247">
     <span class='ocr_line' id='line_1_1' title="bbox 504 211 1486 247; baseline 0.001 -1"><span class='ocrx_word' id='word_1_1' title='bbox 504 211 569 246; x_wconf 92' lang='lat' dir='ltr'>DE</span> <span class='ocrx_word' id='word_1_2' title='bbox 598 211 757 246; x_wconf 90' lang='lat' dir='ltr'>BELLO</span> <span class='ocrx_word' id='word_1_3' title='bbox 787 211 936 246; x_wconf 91' lang='lat' dir='ltr'><strong>CIVILI</strong></span> <span class='ocrx_word' id='word_1_4' title='bbox 964 211 1054 246; x_wconf 94' lang='lat' dir='ltr'><strong>LIB.</strong></span> <span class='ocrx_word' id='word_1_5' title='bbox 1079 211 1107 246; x_wconf 90' lang='lat'>1.</span> <span class='ocrx_word' id='word_1_6' title='bbox 1441 212 1486 247; x_wconf 84' lang='lat'>25</span> 
     </span>
    </p>
   </div>
   <div class='ocr_carea' id='block_1_2' title="bbox 123 293 1494 2669">
    <p class='ocr_par' dir='ltr' id='par_1_2' title="bbox 124 293 1488 834">
     <span class='ocr_line' id='line_1_2' title="bbox 130 293 1488 355; baseline -0.001 -16"><span class='ocrx_word' id='word_1_7' title='bbox 130 311 303 340; x_wconf 90' lang='lat' dir='ltr'>omnem</span> <span class='ocrx_word' id='word_1_8' title='bbox 323 293 573 338; x_wconf 74' lang='lat' dir='ltr'>ulteriorem</span> <span class='ocrx_word' id='word_1_9' title='bbox 599 295 853 355; x_wconf 85' lang='lat' dir='ltr'>Hispaniam</span> <span class='ocrx_word' id='word_1_10' title='bbox 876 303 1060 338; x_wconf 88' lang='lat' dir='ltr'>tueatur.</span> <span class='ocrx_word' id='word_1_11' title='bbox 1084 294 1162 338; x_wconf 91' lang='lat' dir='ltr'>His</span> <span class='ocrx_word' id='word_1_12' title='bbox 1183 294 1312 338; x_wconf 89' lang='lat' dir='ltr'>rebus</span> <span class='ocrx_word' id='word_1_13' title='bbox 1331 296 1488 338; x_wconf 89' lang='lat' dir='ltr'>consti-</span> 
     </span>
     <span class='ocr_line' id='line_1_3' title="bbox 129 373 1484 436; baseline -0.001 -17"><span class='ocrx_word' id='word_1_14' title='bbox 129 377 258 431; x_wconf 85' lang='lat' dir='ltr'>tutis,</span> <span class='ocrx_word' id='word_1_15' title='bbox 286 375 450 436; x_wconf 84' lang='lat' dir='ltr'>equites</span> <span class='ocrx_word' id='word_1_16' title='bbox 471 374 717 435; x_wconf 83' lang='lat' dir='ltr'>auxiliaque</span> <span class='ocrx_word' id='word_1_17' title='bbox 750 375 830 418; x_wconf 91' lang='lat' dir='ltr'>toti</span> <span class='ocrx_word' id='word_1_18' title='bbox 850 375 1083 418; x_wconf 79' lang='lat' dir='ltr'>Lusitaniae</span> <span class='ocrx_word' id='word_1_19' title='bbox 1109 390 1134 417; x_wconf 92' lang='lat' dir='ltr'>a</span> <span class='ocrx_word' id='word_1_20' title='bbox 1157 375 1330 418; x_wconf 79' lang='lat' dir='ltr'>Petreio</span> <span class='ocrx_word' id='word_1_21' title='bbox 1345 410 1356 429; x_wconf 88' lang='lat'>‚</span> <span class='ocrx_word' id='word_1_22' title='bbox 1385 373 1484 419; x_wconf 91' lang='lat' dir='ltr'>Cel-</span> 
     </span>
     <span class='ocr_line' id='line_1_4' title="bbox 128 454 1488 515; baseline 0 -17"><span class='ocrx_word' id='word_1_23' title='bbox 128 455 276 499; x_wconf 90' lang='lat' dir='ltr'>tiberis</span> <span class='ocrx_word' id='word_1_24' title='bbox 293 489 304 508; x_wconf 91' lang='lat'><strong>‚</strong></span> <span class='ocrx_word' id='word_1_25' title='bbox 325 455 576 510; x_wconf 85' lang='lat' dir='ltr'>Cantabris,</span> <span class='ocrx_word' id='word_1_26' title='bbox 603 454 891 513; x_wconf 86' lang='lat' dir='ltr'>barbarisque</span> <span class='ocrx_word' id='word_1_27' title='bbox 924 454 1151 510; x_wconf 86' lang='lat' dir='ltr'>omnibus,</span> <span class='ocrx_word' id='word_1_28' title='bbox 1177 457 1251 515; x_wconf 91' lang='lat' dir='ltr'>qui</span> <span class='ocrx_word' id='word_1_29' title='bbox 1272 455 1326 498; x_wconf 88' lang='lat' dir='ltr'>ad</span> <span class='ocrx_word' id='word_1_30' title='bbox 1351 458 1488 500; x_wconf 89' lang='lat' dir='ltr'>Ocea-</span> 
     </span>
     <span class='ocr_line' id='line_1_5' title="bbox 127 533 1488 597; baseline 0.001 -19"><span class='ocrx_word' id='word_1_31' title='bbox 127 551 233 578; x_wconf 89' lang='lat' dir='ltr'>num</span> <span class='ocrx_word' id='word_1_32' title='bbox 252 535 495 597; x_wconf 85' lang='lat' dir='ltr'>pertinent,</span> <span class='ocrx_word' id='word_1_33' title='bbox 526 534 579 577; x_wconf 89' lang='lat' dir='ltr'>ab</span> <span class='ocrx_word' id='word_1_34' title='bbox 598 533 777 577; x_wconf 90' lang='lat' dir='ltr'>Afranio</span> <span class='ocrx_word' id='word_1_35' title='bbox 797 533 1078 593; x_wconf 89' lang='lat' dir='ltr'>imperantur.</span> <span class='ocrx_word' id='word_1_36' title='bbox 1104 534 1275 590; x_wconf 90' lang='lat' dir='ltr'>Quibus</span> <span class='ocrx_word' id='word_1_37' title='bbox 1302 537 1462 579; x_wconf 81' lang='lat' dir='ltr'>coactis</span> <span class='ocrx_word' id='word_1_38' title='bbox 1476 569 1488 592; x_wconf 91' lang='lat'>,</span> 
     </span>
     <span class='ocr_line' id='line_1_6' title="bbox 127 611 1485 674; baseline 0 -16"><span class='ocrx_word' id='word_1_39' title='bbox 127 613 324 659; x_wconf 88' lang='lat' dir='ltr'>celeriter</span> <span class='ocrx_word' id='word_1_40' title='bbox 360 614 554 658; x_wconf 88' lang='lat' dir='ltr'>Petreius</span> <span class='ocrx_word' id='word_1_41' title='bbox 579 628 657 672; x_wconf 93' lang='lat' dir='ltr'>per</span> <span class='ocrx_word' id='word_1_42' title='bbox 680 614 894 656; x_wconf 87' lang='lat' dir='ltr'>Vettones</span> <span class='ocrx_word' id='word_1_43' title='bbox 929 612 983 656; x_wconf 90' lang='lat' dir='ltr'>ad</span> <span class='ocrx_word' id='word_1_44' title='bbox 1011 611 1240 657; x_wconf 87' lang='lat' dir='ltr'>Afranium</span> <span class='ocrx_word' id='word_1_45' title='bbox 1276 615 1485 674; x_wconf 91' lang='lat' dir='ltr'>pervenit.</span> 
     </span>
     <span class='ocr_line' id='line_1_7' title="bbox 126 690 1488 753; baseline -0.001 -15"><span class='ocrx_word' id='word_1_46' title='bbox 126 695 410 738; x_wconf 90' lang='lat' dir='ltr'>Constituunt</span> <span class='ocrx_word' id='word_1_47' title='bbox 433 692 653 736; x_wconf 90' lang='lat' dir='ltr'>communi</span> <span class='ocrx_word' id='word_1_48' title='bbox 670 690 877 748; x_wconf 89' lang='lat' dir='ltr'>consilio,</span> <span class='ocrx_word' id='word_1_49' title='bbox 904 690 1064 735; x_wconf 91' lang='lat' dir='ltr'>bellum</span> <span class='ocrx_word' id='word_1_50' title='bbox 1080 691 1134 735; x_wconf 87' lang='lat' dir='ltr'>ad</span> <span class='ocrx_word' id='word_1_51' title='bbox 1151 691 1360 749; x_wconf 83' lang='lat' dir='ltr'>Ilerdam,</span> <span class='ocrx_word' id='word_1_52' title='bbox 1388 710 1488 753; x_wconf 87' lang='lat' dir='ltr'>pro—</span> 
     </span>
     <span class='ocr_line' id='line_1_8' title="bbox 124 771 1094 834; baseline -0.002 -17"><span class='ocrx_word' id='word_1_53' title='bbox 124 783 220 834; x_wconf 90' lang='lat' dir='ltr'>pter</span> <span class='ocrx_word' id='word_1_54' title='bbox 243 773 377 834; x_wconf 88' lang='lat' dir='ltr'>ipsius</span> <span class='ocrx_word' id='word_1_55' title='bbox 404 771 486 816; x_wconf 95' lang='lat' dir='ltr'>loci</span> <span class='ocrx_word' id='word_1_56' title='bbox 512 772 880 832; x_wconf 83' lang='lat' dir='ltr'>opportunitatem</span> <span class='ocrx_word' id='word_1_57' title='bbox 898 805 909 827; x_wconf 91' lang='lat'>,</span> <span class='ocrx_word' id='word_1_58' title='bbox 931 788 1094 832; x_wconf 87' lang='lat' dir='ltr'>gerere.</span> 
     </span>
    </p>

    <p class='ocr_par' dir='ltr' id='par_1_3' title="bbox 123 850 1494 2174">
     <span class='ocr_line' id='line_1_9' title="bbox 187 850 1488 914; baseline 0.001 -18"><span class='ocrx_word' id='word_1_59' title='bbox 187 854 393 896; x_wconf 89' lang='lat' dir='ltr'><strong>XXXIX.</strong></span> <span class='ocrx_word' id='word_1_60' title='bbox 420 853 576 907; x_wconf 86' lang='lat' dir='ltr'>Erant,</span> <span class='ocrx_word' id='word_1_61' title='bbox 591 860 639 895; x_wconf 91' lang='lat' dir='ltr'>ut</span> <span class='ocrx_word' id='word_1_62' title='bbox 666 867 799 911; x_wconf 89' lang='lat' dir='ltr'>supra</span> <span class='ocrx_word' id='word_1_63' title='bbox 818 850 1164 896; x_wconf 87' lang='lat' dir='ltr'>demonstratum</span> <span class='ocrx_word' id='word_1_64' title='bbox 1184 863 1270 909; x_wconf 90' lang='lat' dir='ltr'>est,</span> <span class='ocrx_word' id='word_1_65' title='bbox 1296 852 1488 914; x_wconf 83' lang='lat' dir='ltr'>legiones</span> 
     </span>
     <span class='ocr_line' id='line_1_10' title="bbox 125 931 1490 992; baseline 0 -15"><span class='ocrx_word' id='word_1_66' title='bbox 125 932 294 977; x_wconf 85' lang='lat' dir='ltr'>Afranii</span> <span class='ocrx_word' id='word_1_67' title='bbox 334 941 446 988; x_wconf 89' lang='lat' dir='ltr'>tres,</span> <span class='ocrx_word' id='word_1_68' title='bbox 478 932 631 975; x_wconf 90' lang='lat' dir='ltr'>Petreii</span> <span class='ocrx_word' id='word_1_69' title='bbox 669 931 792 987; x_wconf 88' lang='lat' dir='ltr'>duae,</span> <span class='ocrx_word' id='word_1_70' title='bbox 830 941 1037 992; x_wconf 87' lang='lat' dir='ltr'>praeterea</span> <span class='ocrx_word' id='word_1_71' title='bbox 1071 942 1248 976; x_wconf 84' lang='lat' dir='ltr'>scutatae</span> <span class='ocrx_word' id='word_1_72' title='bbox 1280 934 1490 978; x_wconf 83' lang='lat' dir='ltr'>citerioris</span> 
     </span>
     <span class='ocr_line' id='line_1_11' title="bbox 126 1011 1492 1073; baseline 0.001 -17"><span class='ocrx_word' id='word_1_73' title='bbox 126 1013 383 1073; x_wconf 81' lang='lat' dir='ltr'>provinciae,</span> <span class='ocrx_word' id='word_1_74' title='bbox 419 1021 459 1055; x_wconf 89' lang='lat' dir='ltr'>et</span> <span class='ocrx_word' id='word_1_75' title='bbox 482 1021 655 1056; x_wconf 87' lang='lat' dir='ltr'>cetratae</span> <span class='ocrx_word' id='word_1_76' title='bbox 680 1011 900 1056; x_wconf 87' lang='lat' dir='ltr'>ulterioris</span> <span class='ocrx_word' id='word_1_77' title='bbox 930 1012 1148 1073; x_wconf 87' lang='lat' dir='ltr'>Hispaniae</span> <span class='ocrx_word' id='word_1_78' title='bbox 1173 1013 1372 1057; x_wconf 89' lang='lat' dir='ltr'>cohortes</span> <span class='ocrx_word' id='word_1_79' title='bbox 1408 1015 1492 1057; x_wconf 88' lang='lat' dir='ltr'>cir—</span> 
     </span>
     <span class='ocr_line' id='line_1_12' title="bbox 125 1092 1492 1152; baseline 0.001 -17"><span class='ocrx_word' id='word_1_80' title='bbox 125 1094 231 1136; x_wconf 85' lang='lat' dir='ltr'>citer</span> <span class='ocrx_word' id='word_1_81' title='bbox 248 1109 388 1149; x_wconf 83' lang='lat' dir='ltr'>Lxxx,</span> <span class='ocrx_word' id='word_1_82' title='bbox 417 1093 612 1152; x_wconf 90' lang='lat' dir='ltr'>equitum</span> <span class='ocrx_word' id='word_1_83' title='bbox 646 1092 874 1151; x_wconf 87' lang='lat' dir='ltr'>utriusque</span> <span class='ocrx_word' id='word_1_84' title='bbox 900 1093 1135 1152; x_wconf 89' lang='lat' dir='ltr'>provinciae</span> <span class='ocrx_word' id='word_1_85' title='bbox 1153 1093 1327 1137; x_wconf 87' lang='lat' dir='ltr'>circiter</span> <span class='ocrx_word' id='word_1_86' title='bbox 1342 1109 1372 1136; x_wconf 88' lang='lat' dir='ltr'><strong>v</strong></span> <span class='ocrx_word' id='word_1_87' title='bbox 1395 1092 1492 1137; x_wconf 90' lang='lat' dir='ltr'>mil-</span> 
     </span>
     <span class='ocr_line' id='line_1_13' title="bbox 125 1170 1493 1233; baseline 0.002 -19"><span class='ocrx_word' id='word_1_88' title='bbox 125 1171 195 1215; x_wconf 89' lang='lat' dir='ltr'>lia.</span> <span class='ocrx_word' id='word_1_89' title='bbox 218 1174 360 1217; x_wconf 87' lang='lat' dir='ltr'>Caesar</span> <span class='ocrx_word' id='word_1_90' title='bbox 379 1170 569 1233; x_wconf 86' lang='lat' dir='ltr'>legiones</span> <span class='ocrx_word' id='word_1_91' title='bbox 585 1172 629 1215; x_wconf 87' lang='lat' dir='ltr'>in</span> <span class='ocrx_word' id='word_1_92' title='bbox 645 1172 901 1232; x_wconf 89' lang='lat' dir='ltr'>Hispaniam</span> <span class='ocrx_word' id='word_1_93' title='bbox 922 1172 1211 1231; x_wconf 87' lang='lat' dir='ltr'>praemiserat,</span> <span class='ocrx_word' id='word_1_94' title='bbox 1225 1172 1278 1216; x_wconf 88' lang='lat' dir='ltr'>ad</span> <span class='ocrx_word' id='word_1_95' title='bbox 1291 1189 1337 1217; x_wconf 88' lang='lat' dir='ltr'>v1</span> <span class='ocrx_word' id='word_1_96' title='bbox 1355 1172 1493 1217; x_wconf 85' lang='lat' dir='ltr'>millia</span> 
     </span>
     <span class='ocr_line' id='line_1_14' title="bbox 127 1251 1488 1315; baseline 0.002 -20"><span class='ocrx_word' id='word_1_97' title='bbox 127 1251 284 1296; x_wconf 88' lang='lat' dir='ltr'>auxilia</span> <span class='ocrx_word' id='word_1_98' title='bbox 304 1252 520 1313; x_wconf 87' lang='lat' dir='ltr'>peditum,</span> <span class='ocrx_word' id='word_1_99' title='bbox 539 1253 735 1312; x_wconf 92' lang='lat' dir='ltr'>equitum</span> <span class='ocrx_word' id='word_1_100' title='bbox 753 1268 805 1296; x_wconf 87' lang='lat'>111</span> <span class='ocrx_word' id='word_1_101' title='bbox 826 1251 960 1296; x_wconf 85' lang='lat' dir='ltr'>millia</span> <span class='ocrx_word' id='word_1_102' title='bbox 975 1287 986 1309; x_wconf 89' lang='lat'>,</span> <span class='ocrx_word' id='word_1_103' title='bbox 1017 1269 1111 1313; x_wconf 89' lang='lat' dir='ltr'>quae</span> <span class='ocrx_word' id='word_1_104' title='bbox 1133 1253 1334 1297; x_wconf 90' lang='lat' dir='ltr'>omnibus</span> <span class='ocrx_word' id='word_1_105' title='bbox 1360 1270 1488 1315; x_wconf 91' lang='lat' dir='ltr'>supe-</span> 
     </span>
     <span class='ocr_line' id='line_1_15' title="bbox 126 1331 1492 1393; baseline 0.001 -18"><span class='ocrx_word' id='word_1_106' title='bbox 126 1332 316 1377; x_wconf 86' lang='lat' dir='ltr'>rioribus</span> <span class='ocrx_word' id='word_1_107' title='bbox 331 1331 453 1376; x_wconf 89' lang='lat' dir='ltr'>bellis</span> <span class='ocrx_word' id='word_1_108' title='bbox 473 1332 686 1376; x_wconf 89' lang='lat' dir='ltr'>habuerat</span> <span class='ocrx_word' id='word_1_109' title='bbox 703 1367 714 1388; x_wconf 95' lang='lat'><strong>‚</strong></span> <span class='ocrx_word' id='word_1_110' title='bbox 741 1342 783 1376; x_wconf 91' lang='lat' dir='ltr'>et</span> <span class='ocrx_word' id='word_1_111' title='bbox 810 1349 959 1393; x_wconf 90' lang='lat' dir='ltr'>parem</span> <span class='ocrx_word' id='word_1_112' title='bbox 982 1349 1035 1376; x_wconf 81' lang='lat' dir='ltr'>ex</span> <span class='ocrx_word' id='word_1_113' title='bbox 1063 1332 1207 1378; x_wconf 88' lang='lat' dir='ltr'>Gallia</span> <span class='ocrx_word' id='word_1_114' title='bbox 1237 1350 1492 1390; x_wconf 86' lang='lat' dir='ltr'>numerum,</span> 
     </span>
     <span class='ocr_line' id='line_1_16' title="bbox 124 1413 1494 1472; baseline 0 -16"><span class='ocrx_word' id='word_1_115' title='bbox 124 1428 253 1471; x_wconf 90' lang='lat' dir='ltr'>quem</span> <span class='ocrx_word' id='word_1_116' title='bbox 279 1413 371 1472; x_wconf 88' lang='lat' dir='ltr'>ipse</span> <span class='ocrx_word' id='word_1_117' title='bbox 390 1421 638 1472; x_wconf 84' lang='lat' dir='ltr'>paraverat,</span> <span class='ocrx_word' id='word_1_118' title='bbox 670 1413 929 1455; x_wconf 88' lang='lat' dir='ltr'>nominatim</span> <span class='ocrx_word' id='word_1_119' title='bbox 950 1429 1000 1456; x_wconf 85' lang='lat' dir='ltr'>ex</span> <span class='ocrx_word' id='word_1_120' title='bbox 1022 1413 1223 1456; x_wconf 91' lang='lat' dir='ltr'>omnibus</span> <span class='ocrx_word' id='word_1_121' title='bbox 1246 1413 1494 1458; x_wconf 87' lang='lat' dir='ltr'>civitatibus</span> 
     </span>
     <span class='ocr_line' id='line_1_17' title="bbox 125 1490 1493 1553; baseline 0 -18"><span class='ocrx_word' id='word_1_122' title='bbox 125 1490 394 1536; x_wconf 89' lang='lat' dir='ltr'>nobilissimo</span> <span class='ocrx_word' id='word_1_123' title='bbox 433 1501 474 1535; x_wconf 84' lang='lat' dir='ltr'>et</span> <span class='ocrx_word' id='word_1_124' title='bbox 511 1491 745 1535; x_wconf 89' lang='lat' dir='ltr'>fortissimo</span> <span class='ocrx_word' id='word_1_125' title='bbox 774 1508 950 1552; x_wconf 90' lang='lat' dir='ltr'>quoque</span> <span class='ocrx_word' id='word_1_126' title='bbox 980 1501 1171 1535; x_wconf 89' lang='lat' dir='ltr'>evocato.</span> <span class='ocrx_word' id='word_1_127' title='bbox 1199 1493 1313 1536; x_wconf 91' lang='lat' dir='ltr'>Hinc</span> <span class='ocrx_word' id='word_1_128' title='bbox 1339 1493 1493 1553; x_wconf 90' lang='lat' dir='ltr'>optimi</span> 
     </span>
     <span class='ocr_line' id='line_1_18' title="bbox 125 1571 1492 1632; baseline 0.001 -18"><span class='ocrx_word' id='word_1_129' title='bbox 125 1572 293 1631; x_wconf 85' lang='lat' dir='ltr'>generis</span> <span class='ocrx_word' id='word_1_130' title='bbox 333 1572 532 1615; x_wconf 87' lang='lat' dir='ltr'>homines</span> <span class='ocrx_word' id='word_1_131' title='bbox 570 1588 621 1615; x_wconf 87' lang='lat' dir='ltr'>ex</span> <span class='ocrx_word' id='word_1_132' title='bbox 659 1572 890 1632; x_wconf 89' lang='lat' dir='ltr'>Aquitanis</span> <span class='ocrx_word' id='word_1_133' title='bbox 918 1573 1246 1632; x_wconf 88' lang='lat' dir='ltr'>montanisque,</span> <span class='ocrx_word' id='word_1_134' title='bbox 1282 1573 1357 1632; x_wconf 92' lang='lat' dir='ltr'>qui</span> <span class='ocrx_word' id='word_1_135' title='bbox 1386 1571 1492 1617; x_wconf 92' lang='lat' dir='ltr'>Gal-</span> 
     </span>
     <span class='ocr_line' id='line_1_19' title="bbox 124 1649 1493 1713; baseline 0.001 -19"><span class='ocrx_word' id='word_1_136' title='bbox 124 1649 224 1694; x_wconf 93' lang='lat' dir='ltr'>liam</span> <span class='ocrx_word' id='word_1_137' title='bbox 262 1651 535 1712; x_wconf 88' lang='lat' dir='ltr'>provinciam</span> <span class='ocrx_word' id='word_1_138' title='bbox 575 1652 810 1712; x_wconf 83' lang='lat' dir='ltr'>attingunt.</span> <span class='ocrx_word' id='word_1_139' title='bbox 852 1651 1086 1707; x_wconf 86' lang='lat' dir='ltr'>Audierat,</span> <span class='ocrx_word' id='word_1_140' title='bbox 1123 1653 1380 1713; x_wconf 89' lang='lat' dir='ltr'>Pompeium</span> <span class='ocrx_word' id='word_1_141' title='bbox 1414 1669 1493 1713; x_wconf 89' lang='lat' dir='ltr'>per</span> 
     </span>
     <span class='ocr_line' id='line_1_20' title="bbox 123 1729 1494 1792; baseline 0.001 -18"><span class='ocrx_word' id='word_1_142' title='bbox 123 1730 435 1774; x_wconf 87' lang='lat' dir='ltr'>Mauritaniam</span> <span class='ocrx_word' id='word_1_143' title='bbox 470 1747 569 1775; x_wconf 91' lang='lat' dir='ltr'>cum</span> <span class='ocrx_word' id='word_1_144' title='bbox 607 1729 852 1792; x_wconf 87' lang='lat' dir='ltr'>legionibus</span> <span class='ocrx_word' id='word_1_145' title='bbox 873 1731 954 1774; x_wconf 87' lang='lat' dir='ltr'>iter</span> <span class='ocrx_word' id='word_1_146' title='bbox 976 1732 1020 1774; x_wconf 91' lang='lat' dir='ltr'>in</span> <span class='ocrx_word' id='word_1_147' title='bbox 1045 1732 1301 1792; x_wconf 88' lang='lat' dir='ltr'>Hispaniam</span> <span class='ocrx_word' id='word_1_148' title='bbox 1327 1731 1494 1787; x_wconf 86' lang='lat' dir='ltr'>facere,</span> 
     </span>
     <span class='ocr_line' id='line_1_21' title="bbox 125 1808 1492 1870; baseline 0.001 -17"><span class='ocrx_word' id='word_1_149' title='bbox 125 1809 437 1870; x_wconf 88' lang='lat' dir='ltr'>confestimque</span> <span class='ocrx_word' id='word_1_150' title='bbox 466 1826 556 1854; x_wconf 91' lang='lat' dir='ltr'>esse</span> <span class='ocrx_word' id='word_1_151' title='bbox 586 1818 822 1852; x_wconf 86' lang='lat' dir='ltr'>venturum</span> <span class='ocrx_word' id='word_1_152' title='bbox 848 1826 857 1852; x_wconf 88' lang='lat'>:</span> <span class='ocrx_word' id='word_1_153' title='bbox 885 1808 1012 1853; x_wconf 88' lang='lat' dir='ltr'>simul</span> <span class='ocrx_word' id='word_1_154' title='bbox 1040 1826 1064 1853; x_wconf 86' lang='lat' dir='ltr'>a</span> <span class='ocrx_word' id='word_1_155' title='bbox 1093 1810 1279 1854; x_wconf 86' lang='lat' dir='ltr'>tribunis</span> <span class='ocrx_word' id='word_1_156' title='bbox 1307 1810 1492 1854; x_wconf 89' lang='lat' dir='ltr'>militum</span> 
     </span>
     <span class='ocr_line' id='line_1_22' title="bbox 125 1889 1493 1949; baseline 0.001 -17"><span class='ocrx_word' id='word_1_157' title='bbox 125 1889 538 1949; x_wconf 88' lang='lat' dir='ltr'>centurionibusque</span> <span class='ocrx_word' id='word_1_158' title='bbox 564 1898 737 1932; x_wconf 91' lang='lat' dir='ltr'>mutuas</span> <span class='ocrx_word' id='word_1_159' title='bbox 767 1889 972 1949; x_wconf 90' lang='lat' dir='ltr'>pecunias</span> <span class='ocrx_word' id='word_1_160' title='bbox 1007 1889 1191 1949; x_wconf 90' lang='lat' dir='ltr'>sumpsit</span> <span class='ocrx_word' id='word_1_161' title='bbox 1227 1906 1235 1931; x_wconf 89' lang='lat'>:</span> <span class='ocrx_word' id='word_1_162' title='bbox 1265 1889 1344 1933; x_wconf 90' lang='lat' dir='ltr'>has</span> <span class='ocrx_word' id='word_1_163' title='bbox 1372 1906 1493 1934; x_wconf 82' lang='lat' dir='ltr'>exer-</span> 
     </span>
     <span class='ocr_line' id='line_1_23' title="bbox 127 1968 1492 2027; baseline 0.001 -16"><span class='ocrx_word' id='word_1_164' title='bbox 127 1968 231 2012; x_wconf 91' lang='lat' dir='ltr'>citui</span> <span class='ocrx_word' id='word_1_165' title='bbox 275 1968 509 2013; x_wconf 90' lang='lat' dir='ltr'>distribuit.</span> <span class='ocrx_word' id='word_1_166' title='bbox 549 1970 649 2026; x_wconf 86' lang='lat' dir='ltr'>Quo</span> <span class='ocrx_word' id='word_1_167' title='bbox 690 1968 829 2023; x_wconf 88' lang='lat' dir='ltr'>facto,</span> <span class='ocrx_word' id='word_1_168' title='bbox 872 1968 978 2013; x_wconf 90' lang='lat' dir='ltr'>duas</span> <span class='ocrx_word' id='word_1_169' title='bbox 1016 1985 1084 2013; x_wconf 87' lang='lat' dir='ltr'>res</span> <span class='ocrx_word' id='word_1_170' title='bbox 1113 1978 1370 2013; x_wconf 88' lang='lat' dir='ltr'>consecutus</span> <span class='ocrx_word' id='word_1_171' title='bbox 1405 1980 1492 2027; x_wconf 77' lang='lat' dir='ltr'>est,</span> 
     </span>
     <span class='ocr_line' id='line_1_24' title="bbox 127 2047 1492 2111; baseline 0.001 -20"><span class='ocrx_word' id='word_1_172' title='bbox 127 2047 243 2106; x_wconf 87' lang='lat' dir='ltr'>quod</span> <span class='ocrx_word' id='word_1_173' title='bbox 279 2049 462 2109; x_wconf 85' lang='lat' dir='ltr'>pignore</span> <span class='ocrx_word' id='word_1_174' title='bbox 497 2049 664 2093; x_wconf 88' lang='lat' dir='ltr'>animos</span> <span class='ocrx_word' id='word_1_175' title='bbox 700 2049 1006 2093; x_wconf 89' lang='lat' dir='ltr'>centurionum</span> <span class='ocrx_word' id='word_1_176' title='bbox 1041 2049 1258 2105; x_wconf 84' lang='lat' dir='ltr'>devinxit,</span> <span class='ocrx_word' id='word_1_177' title='bbox 1292 2059 1334 2093; x_wconf 90' lang='lat' dir='ltr'>et</span> <span class='ocrx_word' id='word_1_178' title='bbox 1361 2047 1492 2111; x_wconf 83' lang='lat' dir='ltr'>largi-</span> 
     </span>
     <span class='ocr_line' id='line_1_25' title="bbox 127 2127 948 2174; baseline 0.004 -4"><span class='ocrx_word' id='word_1_179' title='bbox 127 2128 245 2171; x_wconf 90' lang='lat' dir='ltr'>tione</span> <span class='ocrx_word' id='word_1_180' title='bbox 269 2129 453 2172; x_wconf 89' lang='lat' dir='ltr'>redemit</span> <span class='ocrx_word' id='word_1_181' title='bbox 474 2127 662 2172; x_wconf 87' lang='lat' dir='ltr'>militum</span> <span class='ocrx_word' id='word_1_182' title='bbox 689 2127 948 2174; x_wconf 88' lang='lat' dir='ltr'>voluntates.</span> 
     </span>
    </p>

    <p class='ocr_par' dir='ltr' id='par_1_4' title="bbox 123 2207 1492 2669">
     <span class='ocr_line' id='line_1_26' title="bbox 188 2207 1491 2255; baseline 0.004 -5"><span class='ocrx_word' id='word_1_183' title='bbox 188 2209 282 2251; x_wconf 89' lang='lat' dir='ltr'>XL.</span> <span class='ocrx_word' id='word_1_184' title='bbox 305 2207 462 2251; x_wconf 90' lang='lat' dir='ltr'>Fabius</span> <span class='ocrx_word' id='word_1_185' title='bbox 477 2208 761 2253; x_wconf 88' lang='lat' dir='ltr'>finitimarum</span> <span class='ocrx_word' id='word_1_186' title='bbox 781 2209 1005 2254; x_wconf 82' lang='lat' dir='ltr'>civitatum</span> <span class='ocrx_word' id='word_1_187' title='bbox 1025 2211 1193 2254; x_wconf 89' lang='lat' dir='ltr'>animos</span> <span class='ocrx_word' id='word_1_188' title='bbox 1211 2209 1365 2254; x_wconf 89' lang='lat' dir='ltr'>litteris</span> <span class='ocrx_word' id='word_1_189' title='bbox 1385 2228 1491 2255; x_wconf 90' lang='lat' dir='ltr'>nun-</span> 
     </span>
     <span class='ocr_line' id='line_1_27' title="bbox 127 2288 1488 2351; baseline 0.004 -21"><span class='ocrx_word' id='word_1_190' title='bbox 127 2288 284 2346; x_wconf 89' lang='lat' dir='ltr'>tiisque</span> <span class='ocrx_word' id='word_1_191' title='bbox 304 2288 510 2331; x_wconf 87' lang='lat' dir='ltr'>tentabat.</span> <span class='ocrx_word' id='word_1_192' title='bbox 526 2289 578 2331; x_wconf 90' lang='lat' dir='ltr'>In</span> <span class='ocrx_word' id='word_1_193' title='bbox 594 2288 741 2333; x_wconf 89' lang='lat' dir='ltr'>Sicore</span> <span class='ocrx_word' id='word_1_194' title='bbox 762 2288 940 2333; x_wconf 86' lang='lat' dir='ltr'>flumine</span> <span class='ocrx_word' id='word_1_195' title='bbox 961 2300 1114 2351; x_wconf 87' lang='lat' dir='ltr'>pontes</span> <span class='ocrx_word' id='word_1_196' title='bbox 1136 2291 1341 2336; x_wconf 89' lang='lat' dir='ltr'>effecerat</span> <span class='ocrx_word' id='word_1_197' title='bbox 1363 2292 1488 2342; x_wconf 78' lang='lat' dir='ltr'>du05‚</span> 
     </span>
     <span class='ocr_line' id='line_1_28' title="bbox 127 2367 1492 2433; baseline 0.004 -23"><span class='ocrx_word' id='word_1_198' title='bbox 127 2369 239 2410; x_wconf 86' lang='lat' dir='ltr'>inter</span> <span class='ocrx_word' id='word_1_199' title='bbox 265 2384 309 2411; x_wconf 88' lang='lat' dir='ltr'>se</span> <span class='ocrx_word' id='word_1_200' title='bbox 344 2367 550 2412; x_wconf 89' lang='lat' dir='ltr'>distantes</span> <span class='ocrx_word' id='word_1_201' title='bbox 586 2367 722 2412; x_wconf 90' lang='lat' dir='ltr'>millia</span> <span class='ocrx_word' id='word_1_202' title='bbox 746 2385 951 2430; x_wconf 89' lang='lat' dir='ltr'>passuum</span> <span class='ocrx_word' id='word_1_203' title='bbox 978 2386 1038 2416; x_wconf 78' lang='lat' dir='ltr'>lv,</span> <span class='ocrx_word' id='word_1_204' title='bbox 1074 2373 1152 2415; x_wconf 89' lang='lat' dir='ltr'>His</span> <span class='ocrx_word' id='word_1_205' title='bbox 1182 2373 1387 2432; x_wconf 89' lang='lat' dir='ltr'>pontibus</span> <span class='ocrx_word' id='word_1_206' title='bbox 1416 2389 1492 2433; x_wconf 88' lang='lat' dir='ltr'>pa-</span> 
     </span>
     <span class='ocr_line' id='line_1_29' title="bbox 123 2444 1490 2510; baseline 0.004 -22"><span class='ocrx_word' id='word_1_207' title='bbox 123 2444 322 2490; x_wconf 89' lang='lat' dir='ltr'>bulatum</span> <span class='ocrx_word' id='word_1_208' title='bbox 346 2447 564 2503; x_wconf 88' lang='lat' dir='ltr'>mittebat;</span> <span class='ocrx_word' id='word_1_209' title='bbox 589 2447 707 2508; x_wconf 91' lang='lat' dir='ltr'>quod</span> <span class='ocrx_word' id='word_1_210' title='bbox 730 2465 798 2506; x_wconf 90' lang='lat' dir='ltr'>ea,</span> <span class='ocrx_word' id='word_1_211' title='bbox 825 2466 920 2510; x_wconf 86' lang='lat' dir='ltr'>quae</span> <span class='ocrx_word' id='word_1_212' title='bbox 959 2451 1067 2495; x_wconf 87' lang='lat' dir='ltr'>citra</span> <span class='ocrx_word' id='word_1_213' title='bbox 1100 2451 1262 2495; x_wconf 88' lang='lat' dir='ltr'>flumen</span> <span class='ocrx_word' id='word_1_214' title='bbox 1290 2452 1464 2496; x_wconf 88' lang='lat' dir='ltr'>fuerant</span> <span class='ocrx_word' id='word_1_215' title='bbox 1480 2485 1490 2505; x_wconf 79' lang='lat'>,</span> 
     </span>
     <span class='ocr_line' id='line_1_30' title="bbox 125 2527 1491 2591; baseline 0.004 -23"><span class='ocrx_word' id='word_1_216' title='bbox 125 2527 422 2586; x_wconf 86' lang='lat' dir='ltr'>superioribus</span> <span class='ocrx_word' id='word_1_217' title='bbox 442 2527 594 2573; x_wconf 89' lang='lat' dir='ltr'>diebus</span> <span class='ocrx_word' id='word_1_218' title='bbox 615 2540 953 2591; x_wconf 86' lang='lat' dir='ltr'>consumpserat.</span> <span class='ocrx_word' id='word_1_219' title='bbox 976 2534 1070 2575; x_wconf 89' lang='lat' dir='ltr'>Hoc</span> <span class='ocrx_word' id='word_1_220' title='bbox 1096 2531 1206 2574; x_wconf 87' lang='lat' dir='ltr'>idem</span> <span class='ocrx_word' id='word_1_221' title='bbox 1229 2530 1340 2587; x_wconf 85' lang='lat' dir='ltr'>fere,</span> <span class='ocrx_word' id='word_1_222' title='bbox 1361 2540 1491 2590; x_wconf 87' lang='lat' dir='ltr'>atquc</span> 
     </span>
     <span class='ocr_line' id='line_1_31' title="bbox 125 2605 1490 2669; baseline 0.004 -21"><span class='ocrx_word' id='word_1_223' title='bbox 125 2605 272 2650; x_wconf 78' lang='lat' dir='ltr'>eadem</span> <span class='ocrx_word' id='word_1_224' title='bbox 304 2607 356 2651; x_wconf 89' lang='lat' dir='ltr'>de</span> <span class='ocrx_word' id='word_1_225' title='bbox 389 2624 538 2665; x_wconf 82' lang='lat' dir='ltr'>causa,</span> <span class='ocrx_word' id='word_1_226' title='bbox 577 2611 827 2669; x_wconf 88' lang='lat' dir='ltr'>Pompeiani</span> <span class='ocrx_word' id='word_1_227' title='bbox 855 2613 1066 2656; x_wconf 82' lang='lat' dir='ltr'>exercitus</span> <span class='ocrx_word' id='word_1_228' title='bbox 1092 2610 1222 2655; x_wconf 79' lang='lat' dir='ltr'>duces</span> <span class='ocrx_word' id='word_1_229' title='bbox 1249 2611 1490 2666; x_wconf 82' lang='lat' dir='ltr'>faciebant3</span> 
     </span>
    </p>
   </div>
  </div>
 </body>
</html>
