1972 3356
426 213 473 256 34
635 211 674 245 C.
700 209 828 244 JULII
859 205 1075 241 CAESARIS
1104 202 1583 238 COMMENTARIORUM

426 297 505 339 viae
536 293 591 337 ab
617 291 865 336 Afranianis
894 287 1106 333 militibus
1141 286 1446 347 equitibusque
1471 283 1799 337 obsiderentur,

427 391 506 418 nec
529 382 684 434 pontes
709 370 860 432 perfici
887 378 1083 430 possent,
1110 367 1294 428 imperat
1321 364 1534 410 militibus
1562 366 1726 419 Caesar,
1753 372 1802 406 ut

427 470 558 499 naves
578 452 760 508 faciant,
783 451 850 511 cuj
860 467 907 494 us
927 449 1098 512 generis
1121 465 1221 492 eum
1239 445 1536 508 superioribus
1556 444 1682 487 annis
1701 459 1802 487 usus

427 534 665 579 Britanniae
703 531 924 576 docuerat.
958 529 1128 574 Carinae
1163 528 1352 589 primum
1393 542 1443 569 ac
1475 524 1712 568 statumina
1752 539 1804 566 ex

426 614 512 659 levi
534 614 715 659 materia
738 611 902 656 fiebant
924 628 932 654 :
961 608 1181 670 reliquum
1207 623 1366 668 corpus
1394 605 1598 659 navium,
1625 603 1801 647 vimini-

429 697 510 740 bus
531 703 808 748 contextum,
839 691 968 736 coriis
1002 689 1292 751 integebatur.
1319 689 1409 731 Has
1436 686 1649 747 perfectas
1671 685 1805 728 carris

425 777 589 837 junctis
612 774 786 819 devehit
813 781 945 816 noctu
970 769 1105 815 millia
1131 787 1337 832 passuum
1362 786 1386 813 a
1412 769 1564 812 castris
1587 783 1705 822 xxu,
1728 767 1807 810 mi-

429 855 611 916 litesque
636 855 704 898 his
726 854 907 898 navibus
932 851 1094 895 flumen
1112 860 1400 911 transportat,
1419 849 1806 908 continentemque

429 937 533 996 ripae
573 934 730 979 collem
764 933 1001 994 improviso
1037 940 1236 991 occupat.
1264 933 1392 974 Hunc
1422 928 1641 985 celeriter,
1672 929 1809 989 prius-

430 1031 561 1076 quam
582 1015 636 1058 ab
656 1013 914 1057 adversariis
932 1012 1164 1063 sentiatur,
1193 1011 1450 1054 communit.
1476 1012 1574 1053 Huc
1590 1008 1808 1069 legionem

432 1104 582 1155 postea
609 1093 794 1154 trajicit3
824 1102 955 1152 atque
989 1107 1041 1134 ex
1074 1101 1257 1150 utraque
1283 1099 1407 1151 parte
1435 1099 1613 1150 pontem
1638 1089 1811 1133 institu-

432 1184 526 1218 tum
551 1173 721 1235 perficit
745 1172 890 1216 biduo.
918 1175 983 1216 Ita
1009 1172 1263 1227 comitatus,
1280 1179 1322 1213 et
1350 1170 1425 1230 qui
1448 1169 1657 1214 frumenti
1683 1185 1812 1213 causa

432 1264 752 1316 processerant,
782 1262 877 1297 tuto
913 1252 967 1295 ad
1004 1268 1047 1296 se
1072 1252 1244 1312 recipit,
1278 1261 1321 1294 et
1345 1267 1436 1294 rem
1478 1249 1811 1294 frumentariam

433 1334 638 1396 expedire
661 1335 828 1395 incipit.

502 1417 594 1459 LV.
639 1414 802 1458 Eodem
843 1413 910 1457 die
956 1414 1153 1474 equitum
1201 1429 1403 1473 magnam
1445 1422 1614 1473 partem
1651 1412 1811 1456 flumen

434 1496 633 1556 trajecit,
657 1496 751 1555 qui,
782 1495 1056 1554 inopinantes
1083 1493 1359 1554 pabulatores
1386 1503 1430 1537 et
1459 1494 1549 1537 sine
1574 1492 1664 1537 ullo
1692 1493 1814 1540 dissi-

434 1584 559 1636 patos
586 1576 741 1619 timore
769 1575 978 1636 aggressi,
1003 1591 1134 1634 quam
1161 1591 1367 1635 magnum
1394 1591 1624 1618 numerum
1649 1574 1817 1634 jumen-

435 1666 582 1699 torum
609 1665 739 1715 atque
759 1655 986 1698 hominum
1014 1655 1319 1714 intercipiunt3
1345 1654 1685 1715 cohortibusque
1715 1672 1816 1699 cen-

436 1736 608 1780 turiatis
631 1734 825 1779 subsidio
850 1735 1014 1788 missis,
1036 1735 1223 1777 scienter
1249 1735 1291 1777 in
1320 1734 1428 1777 duas
1459 1745 1602 1795 partes
1631 1751 1721 1779 sese
1751 1735 1816 1778 di-

437 1817 688 1872 stribuunt,
712 1814 805 1869 alii,
831 1824 879 1858 ut
908 1813 1061 1875 praedae
1089 1813 1290 1874 praesidio
1319 1815 1423 1868 sint,
1452 1814 1546 1870 alii,
1573 1824 1620 1858 ut
1642 1816 1818 1862 venien-

437 1896 553 1941 tibus
585 1897 806 1952 resistant,
832 1904 962 1955 atque
986 1911 1059 1939 eos
1083 1893 1333 1955 propellant
1361 1913 1369 1939 :
1406 1912 1627 1956 unamque
1663 1895 1819 1940 cohor-

438 1987 548 2033 tem,
577 1993 673 2038 quae
698 1986 860 2021 temere
893 1986 993 2020 ante
1019 1985 1181 2020 ceteras
1207 1986 1327 2021 extra
1351 1977 1487 2019 aciem
1510 1988 1789 2038 procurrerat
1806 2012 1817 2033 ,

439 2056 654 2102 seclusam
679 2058 732 2101 ab
761 2056 940 2117 reliquis
977 2057 1330 2100 circumveniunt
1355 2066 1487 2117 atque
1520 2057 1818 2114 interficiunt3

441 2136 771 2198 incolumesque
798 2153 898 2181 cum
926 2153 1084 2197 magna
1108 2135 1252 2196 praeda
1277 2136 1429 2181 eodem
1452 2146 1587 2198 ponte
1612 2138 1655 2181 in
1678 2148 1820 2182 castra

443 2229 737 2263 revertuntur.

507 2301 625 2344 LVI.
663 2302 781 2344 Dum
817 2299 907 2342 haec
937 2298 990 2342 ad
1017 2298 1205 2342 Ilerdam
1235 2309 1470 2361 geruntur,
1505 2297 1818 2352 Massilienses,

444 2380 510 2423 usi
540 2381 590 2423 L.
624 2380 809 2424 Domitii
845 2377 1054 2435 consilio,
1091 2396 1220 2424 naves
1253 2379 1404 2442 longas
1439 2380 1698 2441 expediunt,
1737 2396 1819 2423 nu·

443 2476 564 2504 mero
588 2476 705 2515 xvu,
744 2476 932 2520 quarum
967 2470 1091 2504 erant
1117 2477 1163 2505 xi
1197 2470 1333 2504 tectae.
1364 2460 1505 2505 Multa
1536 2461 1622 2504 huc
1649 2460 1820 2504 minora

443 2541 617 2601 navigia
645 2539 839 2596 addunt,
874 2549 923 2583 ut
950 2540 1042 2599 ipsa
1067 2539 1347 2584 multitudine
1386 2550 1532 2584 nostra
1557 2538 1703 2584 classis
1729 2549 1818 2583 ter-

443 2629 594 2664 reatur
614 2638 623 2664 :
651 2636 863 2682 magnum
890 2636 1117 2663 numerum
1139 2622 1488 2682 sagittariorum,
1512 2636 1719 2681 magnum
1743 2618 1818 2665 Al-
