1972 3356
406 280 449 302 xo
624 268 661 301 C.
694 268 818 301 JULH
849 266 1060 301 CAESARIS
1090 265 1560 300 COMMENTARIORUM

403 349 553 392 codem
581 350 797 408 pertinere
829 365 837 390 ε
863 364 1092 391 consuesse
1115 349 1229 390 enim
1251 347 1353 390 deos
1377 346 1662 401 immortales,
1686 362 1771 406 quo

403 429 573 489 gravius
600 428 797 471 homines
827 444 877 469 cx
907 428 1249 470 commutatione
1277 443 1423 470 rerum
1446 426 1641 482 doleant,
1665 442 1773 486 quos

404 524 482 567 pro
509 506 668 550 scelere
699 523 850 549 eorum
879 506 1030 549 ulcisci
1059 504 1213 561 velint,
1244 506 1310 549 his
1339 505 1612 549 secundiores
1643 506 1776 549 inter-

401 586 505 629 dum
523 602 593 629 res
614 595 656 629 ct
676 586 994 630 diuturniorem
1022 586 1326 645 impunitatem
1349 585 1598 629 concedere.
1623 586 1774 641 Quum

400 681 449 708 ea
481 666 539 709 ita
564 667 671 720 sint,
700 675 864 721 tamen,
893 667 927 708 si
952 664 1120 708 obsides
1143 665 1196 707 ab
1227 666 1276 707 iis
1301 665 1381 708 sibi
1411 665 1589 719 dentur,
1616 665 1678 707 uti
1702 680 1774 720 ea,

401 761 495 804 quae
524 744 830 805 polliceantur,
861 744 1048 787 facturos
1074 742 1306 804 intelligat,
1333 753 1374 787 et
1398 744 1432 786 si
1458 743 1607 787 AEduis
1635 743 1688 786 de
1711 744 1776 787 in-

396 824 541 884 juriis,
577 839 683 883 quas
717 823 820 882 ipsis
858 823 1072 882 sociisque
1112 838 1264 865 eorum
1301 821 1549 877 intulerint,
1593 823 1699 865 item
1742 822 1776 865 si

406 901 712 962 Allobrogibus
745 901 1034 957 satisfaciant,
1067 918 1156 945 sese
1184 918 1283 946 cum
1310 902 1360 945 iis
1390 918 1542 962 pacem
1573 918 1663 945 esse
1687 901 1776 945 fac—

402 990 562 1024 turum.
586 1000 606 1020 n
630 982 786 1024 Divico
821 980 1044 1039 respondit
1067 997 1075 1023 :
1105 1000 1125 1021 «
1149 984 1216 1024 Ita
1244 980 1463 1025 Helvetios
1490 997 1513 1024 a
1538 981 1776 1041 majoribus

402 1062 487 1104 suis
508 1061 730 1104 institutos
751 1077 860 1115 esse,
883 1061 946 1104 uti
971 1060 1142 1103 obsides
1165 1060 1383 1120 accipere,
1411 1077 1499 1104 non
1523 1060 1652 1116 dare,
1677 1077 1778 1104 con-

402 1141 621 1184 sueverint
645 1158 653 1183 ε
680 1141 771 1200 ejus
794 1141 854 1184 rei
877 1139 1090 1200 populum
1109 1156 1339 1183 romanum
1363 1157 1452 1184 esse
1470 1150 1638 1184 testem.
1662 1159 1682 1180 ›>

463 1221 560 1263 XV.
589 1223 683 1263 Hoc
711 1236 917 1280 responso
945 1219 1066 1274 dato,
1096 1219 1303 1263 discessit.
1334 1221 1513 1263 Postero
1541 1219 1609 1262 die
1639 1228 1777 1262 castra

401 1315 451 1341 ex
491 1315 541 1341 eo
576 1299 673 1342 loco
712 1309 902 1343 movent.
942 1299 1065 1342 Idem
1104 1300 1247 1342 Caesar
1288 1298 1411 1351 sacit;
1447 1299 1777 1358 equitatumque

400 1395 594 1433 omnem,
625 1379 678 1421 ad
711 1395 942 1421 numerum
971 1387 1158 1437 quatuor
1193 1377 1380 1421 millium
1415 1394 1544 1437 quem
1572 1394 1623 1421 ex
1658 1379 1777 1421 omni

399 1458 631 1501 Provincia
651 1467 695 1501 et
706 1457 856 1501 AEduis
882 1467 1011 1517 atque
1032 1473 1182 1500 eorum
1202 1458 1329 1501 sociis
1348 1467 1547 1500 coactum
1570 1457 1777 1510 habebat,

400 1538 642 1596 praemittit,
661 1538 736 1596 qui
759 1536 952 1592 videant,
975 1553 1080 1597 quas
1111 1538 1154 1580 in
1169 1546 1311 1597 partes
1334 1537 1477 1580 hostes
1500 1538 1582 1580 iter
1600 1536 1774 1580 faciant.

399 1617 512 1674 Qui,
543 1617 744 1677 cupidius
772 1617 1057 1661 novissimum
1083 1633 1237 1677 agmen
1274 1617 1478 1672 insecuti,
1515 1616 1655 1660 alieno
1682 1615 1777 1660 loco

400 1714 500 1740 cum
547 1697 744 1757 equitatu
786 1696 1086 1740 Helvetiorum
1132 1695 1333 1756 proelium
1379 1697 1683 1749 committunt3
1735 1705 1779 1739 et

402 1779 528 1837 pauci
564 1778 617 1821 de
650 1778 808 1821 nostris
841 1776 1019 1820 cadunt.
1048 1778 1150 1834 Quo
1186 1775 1339 1836 proelio
1369 1775 1527 1820 sublati
1564 1774 1777 1829 Helvetii,

400 1859 518 1919 quod
539 1860 787 1920 quingentis
805 1858 1023 1918 equitibus
1046 1866 1211 1901 tantam
1231 1856 1557 1900 multitudinem
1581 1857 1777 1916 equitum

400 1938 705 1999 propulerant,
742 1938 948 1982 audacius
979 1937 1233 1993 subsistere,
1266 1952 1582 1996 nonnunquam
1611 1952 1662 1979 ex
1695 1952 1777 1978 no-

401 2020 575 2063 vissimo
595 2020 767 2081 agmine
788 2017 942 2079 proelio
964 2027 1136 2061 nostros
1154 2016 1362 2061 lacessere
1381 2025 1618 2077 coeperunt.
1636 2018 1778 2060 Caesar

400 2116 498 2143 suos
526 2117 549 2143 a
573 2098 727 2159 proelio
756 2099 1029 2153 continebat,
1055 2114 1103 2141 ac
1125 2098 1228 2141 satis
1251 2097 1439 2140 habebat
1462 2098 1504 2140 in
1530 2096 1777 2157 praesentia,

401 2180 567 2222 hostem
598 2179 780 2239 rapinis,
810 2177 1165 2238 pabulationibus
1197 2175 1644 2237 populationibusque
1675 2191 1776 2235 pro-

402 2259 562 2302 bibere.
580 2261 646 2303 Ita
670 2258 759 2301 dies
773 2259 947 2302 circiter
971 2256 1220 2317 quindecim
1241 2257 1323 2299 iter
1342 2256 1558 2311 fecerunt,
1580 2255 1643 2298 uti
1667 2255 1777 2297 inter

402 2339 686 2382 novissimum
713 2337 906 2381 hostium
937 2353 1114 2398 agmen,
1149 2346 1193 2380 et
1221 2344 1420 2379 nostrum
1442 2336 1657 2395 primum,
1689 2349 1777 2376 non

401 2416 587 2477 :implius
607 2418 752 2477 quinis
777 2428 852 2461 aut
868 2419 982 2461 senis
1004 2415 1196 2460 millibus
1215 2432 1421 2477 passuum
1445 2415 1679 2458 interesset.

462 2499 582 2540 XVI.
629 2498 811 2540 Interim
857 2496 1051 2557 quotidie
1099 2498 1244 2540 Caesar
1288 2495 1448 2539 AEduos
1492 2493 1778 2546 frumentum,

403 2576 518 2633 qnod
553 2587 695 2620 essent
731 2575 904 2636 publice
936 2575 1137 2636 polliciti,
1169 2576 1364 2636 flagitare
1405 2592 1413 2617 :
1455 2589 1554 2616 nam
1599 2581 1777 2631 propter

406 2655 580 2714 frigora,
602 2656 719 2713 quod
738 2654 882 2698 Gallia
904 2656 983 2698 sub
1004 2656 1407 2715 septemtrionibuS,
1430 2663 1474 2695 nt
1493 2661 1591 2695 autc
1613 2651 1776 2694 dictum
