1972 3356
268 240 328 253 m
333 241 392 255 m
396 242 426 255 νῦ
1382 238 1398 251 5
1404 239 1446 254 “¹
1449 238 1654 253 Μἰἱὶδὶωἱιὶ

564 460 637 529 C.
676 459 717 527 J
725 459 918 527 ULII
969 458 1370 527 CAESARIS

365 611 1570 750 COMMENTARIORUM

573 889 682 947 DE
730 888 1017 946 BELLO
1065 888 1349 945 CIVILI

722 1075 899 1119 LIBER
937 1075 1204 1119 TERTIUS.

865 1285 1072 1295 2*—

265 1467 296 1509 I.
338 1428 651 1510 chTATORE
667 1465 857 1508 habente
877 1465 1054 1508 comitia
1076 1467 1266 1518 caesare,
1291 1461 1492 1507 consules
1517 1478 1668 1506 crean-

266 1556 338 1589 tur
365 1545 508 1590 Julius
542 1547 689 1591 Caesar
721 1557 764 1591 et
796 1549 841 1591 P.
869 1545 1080 1591 Servilius
1107 1562 1114 1588 :
1150 1546 1184 1588 is
1216 1545 1334 1589 enim
1370 1554 1463 1588 erat
1499 1559 1665 1598 annus,

265 1643 354 1687 quo
379 1643 457 1688 per
484 1625 597 1689 leges
625 1629 663 1672 ei
688 1627 914 1672 consulem
946 1626 1036 1672 fieri
1067 1625 1230 1670 liceret.
1261 1627 1338 1670 Ilis
1365 1626 1496 1669 rebus
1521 1625 1667 1669 confe-

264 1710 367 1765 ctis,
389 1726 525 1770 quum
548 1710 654 1754 sides
676 1721 768 1755 tota
788 1710 913 1755 Italia
932 1720 1041 1754 esset
1066 1710 1310 1770 angustior,
1331 1725 1472 1769 neque
1493 1706 1667 1752 creditae

266 1791 462 1851 pecuniae
482 1790 771 1846 solverentur,
796 1792 1026 1836 constitnit
1043 1826 1053 1846 ‚
1077 1800 1125 1834 ut
1146 1791 1301 1834 arbitri
1325 1789 1539 1833 darentur
1559 1807 1568 1833 :
1592 1806 1669 1849 per

267 1888 339 1915 eos
365 1871 521 1916 fierent
551 1873 863 1917 aestimationes
893 1873 1218 1934 possessionum
1246 1881 1287 1915 et
1313 1887 1485 1927 rerum,
1514 1871 1668 1931 quanti

267 1969 452 2014 quaeque
479 1953 653 1998 illarum
680 1965 780 1999 ante
807 1954 971 1999 bellum
1000 1955 1209 2009 fuissent,
1240 1964 1370 2014 atque
1395 1969 1454 1997 eae
1480 1952 1669 1996 credito-

266 2034 388 2079 ribus
414 2036 762 2080 transderentur.
779 2039 873 2081 Hoc
892 2046 933 2080 et
956 2035 1010 2080 ad
1028 2037 1230 2080 timorem
1259 2050 1473 2079 novarum
1499 2031 1670 2077 tabula—

265 2132 366 2161 rum
389 2116 632 2162 tollendum
663 2118 1068 2180 minuendumque,
1095 2119 1171 2179 qui
1204 2117 1291 2162 fere
1319 2115 1429 2161 bella
1454 2126 1497 2160 et
1522 2114 1668 2160 civiles

267 2196 557 2243 dissensiones
585 2202 707 2261 sequi
739 2201 992 2256 consuevit,
1020 2211 1062 2244 et
1092 2199 1147 2244 ad
1174 2199 1426 2244 debitorum
1459 2196 1667 2242 tuendam

266 2279 632 2326 existimationem
653 2317 663 2338 ‚
686 2298 778 2326 esse
799 2283 1074 2345 aptissimum
1102 2281 1381 2326 existimavit.
1407 2283 1516 2325 Item
1531 2314 1542 2335 ‚
1562 2295 1670 2341 prae-

264 2360 437 2405 toribus
467 2362 747 2425 tribunisque
771 2363 908 2425 plebis
934 2365 1183 2426 rogationes
1208 2363 1262 2407 ad
1292 2361 1506 2425 populum
1535 2360 1671 2405 feren-

265 2441 409 2499 tibus,
436 2444 695 2500 nonnullos,
725 2446 916 2490 ambitus
944 2448 1157 2508 Pompeia
1191 2445 1284 2508 lege
1321 2444 1554 2489 damnatos
1586 2441 1669 2485 illis

265 2525 559 2586 temporibus,
575 2528 737 2588 quibus
754 2529 797 2572 in
822 2528 942 2574 Urbe
961 2528 1165 2591 praesidia
1184 2527 1409 2590 legionum
1429 2524 1669 2586 Pompeius

264 2604 479 2652 habuerat
509 2606 625 2669 (quae
649 2608 838 2670 judicia,
867 2608 961 2655 aliis
990 2610 1273 2657 audientibus
1295 2607 1546 2671 judicibus,
1573 2603 1668 2649 aliis

267 2689 526 2733 sententiam
559 2689 825 2748 ferentibus,
859 2691 1042 2755 singulis
1079 2692 1233 2737 diebus
1265 2700 1390 2735 erant
1429 2686 1667 2750 perfecta&
