1972 3356
635 149 702 184 DE
732 148 895 184 BELLO
926 148 1081 184 CIVILI
1108 148 1199 182 LIB.
1231 147 1302 182 111.
1593 147 1660 193 157

277 243 482 288 tronum,
510 249 643 294 quam
673 234 794 295 regio
829 231 1038 288 consilio,
1072 242 1321 294 susceptum
1354 231 1515 276 bellum
1547 233 1665 278 vide-

278 324 411 358 retur.

341 398 435 440 CX.
468 399 608 441 Erant
641 413 741 440 cum
767 394 941 440 Achilla
973 398 1134 455 copiae,
1173 406 1222 440 ut
1268 413 1411 457 neque
1451 414 1664 452 numere,

278 493 420 538 neque
440 494 600 539 genere
617 477 871 531 hominum,
891 493 1035 536 neque
1059 493 1140 520 usu
1163 477 1226 520 rei
1251 476 1449 522 militaris
1475 489 1666 524 contem-

278 557 430 602 nendae
448 557 702 602 viderentur
726 574 735 601 :
765 556 902 601 millia
926 557 1043 600 enim
1065 573 1123 600 xx
1142 558 1186 601 in
1208 558 1341 602 armis
1365 559 1567 604 habebat.
1589 563 1664 605 Hae

278 638 538 682 constabant
557 654 609 681 ex
636 637 900 682 Gabinianis
927 636 1167 693 militibus,
1195 638 1270 698 qui
1291 638 1381 698 jam
1410 638 1454 683 in
1483 656 1667 685 consue-

280 719 476 763 tudinem
507 717 799 763 alexandrinae
828 719 927 762 vitae
959 735 1009 762 ac
1037 718 1222 763 licentiae
1248 730 1487 777 venerant,
1511 731 1554 765 et
1585 739 1665 766 no-

275 816 375 843 men
405 798 772 860 disciplinamque
807 798 961 861 populi
995 801 1166 844 romani
1193 799 1519 858 dedidicerant,
1559 820 1666 847 uxo-

275 897 431 942 resque
463 880 708 937 duxerant,
735 897 787 925 ex
820 880 982 941 quibus
1010 880 1209 943 plerique
1239 881 1399 927 liberos
1431 884 1666 929 habebant.

274 964 371 1006 Huc
407 960 673 1006 accedebant
712 960 883 1006 collecti
922 979 974 1006 ex
1016 963 1296 1024 praedonibus
1335 963 1668 1028 latronibusque

277 1044 410 1103 Syriae
439 1041 692 1104 Ciliciaeque
718 1043 980 1105 provinciae,
1010 1043 1388 1107 finitimarumque
1420 1047 1666 1108 regionum.

274 1123 409 1168 Multi
434 1134 643 1186 praeterea
669 1125 825 1186 capitis
844 1124 1038 1171 damnati
1062 1125 1320 1188 exsulesque
1339 1140 1639 1173 convenerant
1659 1148 1667 1172 :

274 1205 556 1267 fugitivisque
579 1206 785 1250 omnibus
814 1209 972 1251 nostris
1000 1217 1146 1252 certus
1173 1218 1267 1253 erat
1300 1208 1577 1254 Alexandriae
1604 1227 1670 1254 re-

273 1297 445 1348 ceptus,
472 1297 678 1348 certaque
714 1289 814 1332 vitae
845 1288 1061 1345 conditio,
1092 1300 1162 1346 ut,
1190 1289 1295 1334 dato
1326 1292 1523 1346 nomine,
1551 1292 1667 1336 mili-

273 1377 366 1411 tum
392 1378 534 1412 essent
571 1385 756 1413 numero
783 1387 792 1413 ε
821 1387 1011 1431 quorum
1038 1371 1069 1414 si
1102 1372 1201 1432 quis
1225 1388 1249 1416 a
1275 1371 1454 1416 domino
1477 1374 1669 1433 prehen-

272 1448 469 1504 deretur,
497 1467 712 1495 concursu
734 1449 924 1495 militum
948 1452 1234 1514 eripiebatur,
1259 1454 1333 1514 qui
1356 1456 1442 1497 vim
1465 1471 1671 1510 suorum,

271 1530 391 1591 quod
416 1531 459 1575 in
486 1530 615 1575 simili
655 1531 784 1593 culpa
815 1533 1124 1591 versabantur,
1151 1535 1233 1595 ipsi
1260 1551 1341 1596 pro
1367 1552 1447 1579 suo
1474 1537 1672 1598 periculo

271 1611 577 1658 defendebant.
607 1615 663 1658 Hi
697 1614 809 1676 regis
849 1615 1011 1659 amicos
1039 1615 1095 1659 ad
1122 1626 1311 1660 mortem
1336 1615 1602 1678 deposcere,
1626 1619 1671 1663 hi

272 1694 386 1738 bona
410 1693 678 1756 locupletum
707 1694 898 1756 diripere
920 1696 1128 1757 stipendii
1163 1698 1354 1760 augendi
1379 1716 1532 1757 causa,
1559 1702 1673 1763 regis

271 1774 452 1819 domum
478 1775 704 1832 obsidere,
745 1793 880 1837 regno
906 1775 1149 1838 expellere,
1176 1777 1286 1822 alios
1327 1795 1567 1837 arcessere,
1598 1799 1672 1826 ve-

273 1866 363 1900 tere
390 1856 581 1917 quodam
618 1855 888 1901 alexandrini
924 1859 1141 1903 exercitus
1174 1859 1401 1918 instituto,
1431 1878 1671 1907 consueve-

272 1948 384 1982 rant.
406 1941 545 1984 Erant
562 1949 771 2001 praeterea
795 1940 993 2001 equitum
1021 1939 1156 1985 millia
1184 1941 1286 1986 duo.
1313 1943 1673 1988 Inveteraverant

272 2021 320 2065 hi
362 2037 513 2065 omnes
554 2019 855 2082 compluribus
894 2019 1172 2067 Alexandriae
1208 2022 1360 2080 bellis,
1388 2023 1670 2070 Ptolemaeum

271 2112 442 2164 patrem
469 2103 512 2147 in
540 2119 727 2165 regnum
755 2102 1044 2161 reduxerant,
1082 2103 1228 2149 Bibuli
1254 2104 1366 2149 filios
1394 2105 1506 2152 duos
1532 2107 1670 2151 inter-

272 2183 494 2241 fecerant,
517 2182 630 2228 bella
658 2200 759 2227 cum
786 2185 999 2247 AEgyptiis
1026 2195 1263 2248 gesserant.
1293 2190 1421 2232 Hunc
1450 2204 1579 2234 usum
1607 2191 1670 2233 rei

272 2265 473 2311 militaris
494 2267 729 2312 habebant.

336 2350 451 2394 CXI.
480 2349 558 2392 His
584 2350 722 2410 copiis
755 2349 893 2394 fidens
919 2349 1135 2410 Achillas,
1170 2353 1529 2415 paucitatemque
1554 2353 1669 2398 mili-

272 2440 364 2474 tum
399 2430 582 2475 Caesaris
615 2429 883 2492 despiciens,
918 2434 1164 2495 occupabat
1191 2433 1524 2493 Alexandriam,
1561 2453 1669 2500 prae-

271 2521 336 2555 ter
353 2528 447 2556 eam
468 2511 619 2574 oppidi
642 2522 836 2574 partem,
856 2530 986 2574 quam
1008 2516 1155 2560 Caesar
1179 2533 1278 2560 cum
1310 2515 1522 2561 militibus
1548 2527 1667 2562 tene-

271 2593 370 2651 bat,
417 2594 561 2655 primo
599 2594 761 2656 impetu
806 2593 985 2640 domum
1028 2598 1122 2659 ejus
1160 2598 1405 2660 irrumpere
1441 2608 1663 2644 conatus:
