1972 3356
658 201 726 237 DE
755 200 921 236 BELLO
952 201 1109 236 CiviLl
1136 201 1228 235 LIB.
1261 201 1312 235 ΙΙ.
1640 202 1684 248 53·

286 287 665 347 bernatorumque
700 301 858 348 magna
895 285 1021 347 copia
1068 285 1382 347 suppetebat),
1417 287 1689 347 piscatorias-

285 385 370 430 que
393 368 645 430 adjecerant
673 377 806 428 atque
833 377 1152 422 contexerant,
1182 377 1232 411 ut
1257 377 1401 411 essent
1427 367 1483 411 ab
1512 368 1601 412 ictu
1631 378 1689 414 te-

284 449 428 495 lorum
457 451 642 511 remiges
664 449 746 492 tuti
771 465 779 492 :
802 449 880 492 has
904 448 1140 509 sagittariis
1165 450 1488 509 tormentisque
1502 449 1689 512 comple·

285 541 459 576 verunt.
487 530 581 575 Tali
615 529 748 574 modo
772 531 985 572 instructa
1013 527 1174 585 classe,
1201 531 1401 574 omnium
1432 533 1686 589 seniorum,

284 624 476 658 matrum
499 610 696 667 familiae,
725 610 948 671 virginum
977 611 1183 671 precibus
1211 620 1253 654 et
1289 611 1394 655 fletu
1417 615 1617 671 excitati,
1645 625 1689 659 et

284 705 479 739 extremo
500 703 696 753 tempore
717 692 885 736 civitati
914 691 1225 749 subvenirent,
1243 709 1331 736 non
1350 694 1525 738 minore
1541 697 1688 740 animo

283 793 334 819 ac
350 774 531 830 fiducia,
557 790 689 833 quam
717 782 818 816 ante
839 772 1179 828 dimicaverant,
1207 790 1341 817 naves
1366 776 1686 820 conscendunt.

283 856 520 900 Communi
539 855 655 898 enim
673 853 723 898 fit
752 854 862 897 vitio
891 863 1083 912 naturae,
1106 864 1156 898 ut
1180 855 1355 912 invisis,
1384 854 1687 910 latitantibus,

281 946 413 996 atque
442 935 678 996 incognitis
706 934 836 978 rebus
866 935 1005 995 magis
1032 935 1333 993 confidamus,
1364 937 1689 983 vehementius-

280 1033 366 1078 que
385 1027 688 1061 exterreamur
711 1035 720 1060 ε
753 1026 802 1060 ut
822 1026 914 1060 tum
943 1016 1116 1061 accidit.
1135 1017 1363 1062 Adventus
1385 1019 1501 1063 enim
1524 1022 1574 1064 L.
1598 1021 1688 1064 Na·

279 1097 377 1142 sidii
395 1115 564 1143 summa
588 1116 663 1159 spe
685 1108 727 1142 et
741 1097 969 1142 voluntate
987 1099 1209 1143 civitatem
1226 1098 1538 1161 compleverat.
1556 1103 1688 1146 Nacti

280 1179 487 1224 idoneum
514 1189 720 1237 ventum,
751 1196 803 1223 ex
834 1189 966 1242 portu
996 1190 1182 1237 exeunt,
1204 1190 1246 1224 et
1268 1183 1544 1239 Tauroenta,
1567 1184 1687 1245 quod

280 1271 345 1306 est
374 1260 602 1307 castellum
631 1260 1000 1318 Massiliensium,
1029 1261 1084 1305 ad
1120 1261 1354 1306 Nasidium
1396 1264 1687 1324 peweniunt,

281 1343 430 1404 ibique
456 1359 588 1387 naves
617 1341 885 1403 expediunt,
913 1359 1156 1403 rursusque
1187 1360 1232 1387 se
1267 1343 1322 1387 ad
1352 1344 1683 1407 confligendum

280 1426 429 1469 animo
444 1424 709 1468 confirmant
727 1458 738 1478 ,
760 1432 803 1467 et
823 1421 1007 1467 consilia
1034 1425 1378 1469 communicant.
1399 1428 1566 1470 Dextra
1587 1443 1688 1487 pars

278 1505 631 1551 Massiliensibus
660 1505 943 1562 attribuitur,
969 1506 1144 1549 sinistra
1171 1505 1368 1550 Nasidio.

343 1589 397 1631 V.
427 1586 597 1632 Eodem
630 1589 793 1631 Brutus
821 1585 1073 1642 contendit,
1106 1596 1239 1631 aucto
1274 1588 1452 1632 navium
1485 1605 1685 1634 numero.

278 1670 393 1714 Nam
423 1668 477 1713 ad
508 1686 600 1723 eas,
632 1685 729 1729 quae
767 1667 893 1712 factae
919 1667 1094 1712 fuerant
1119 1666 1296 1713 Arelate
1327 1686 1408 1730 per
1443 1672 1686 1727 Caesarem,

282 1751 469 1812 captivae
489 1749 839 1795 Massiliensium
871 1759 1149 1793 accesserant
1176 1766 1236 1794 v1.
1266 1754 1356 1795 Has
1380 1753 1686 1813 superioribus

277 1831 491 1876 refecerat
517 1830 669 1874 diebus
685 1865 696 1887 ,
726 1840 857 1890 atque
895 1830 1103 1874 omnibus
1129 1831 1261 1876 rebus
1287 1833 1572 1878 instruxerat.
1601 1837 1687 1879 Ita-

277 1929 365 1974 que
402 1929 504 1956 suos
541 1911 821 1961 cohortatus,
858 1928 967 1971 quos
1006 1913 1200 1974 integros
1234 1914 1590 1975 superavissent,
1635 1926 1686 1960 ut

278 1994 416 2038 victos
444 2001 807 2048 contemnerent,
833 1991 989 2054 plenus
1016 1993 1107 2055 spei
1134 1994 1262 2038 bonae
1288 2004 1420 2056 atque
1444 1996 1581 2040 animi
1608 1997 1685 2040 ad-

279 2091 430 2119 versus
459 2091 533 2119 eos
556 2073 869 2136 proficiscitur.
905 2073 1049 2118 Facile
1084 2086 1196 2132 erat,
1232 2093 1283 2120 ex
1310 2078 1464 2122 castris
1500 2080 1550 2123 C.
1576 2080 1683 2123 Tre·

280 2157 401 2201 bonii
448 2166 580 2217 atque
610 2155 816 2200 omnibus
853 2157 1156 2217 superioribus
1183 2157 1314 2215 locis,
1357 2160 1610 2222 prospicere
1638 2161 1683 2204 in

279 2238 460 2294 urbem,
486 2247 534 2282 ut
561 2238 704 2281 omnis
729 2236 963 2297 juventus,
994 2255 1090 2299 quae
1117 2240 1161 2283 in
1190 2240 1356 2301 oppido
1384 2252 1682 2298 remanserat,

278 2335 519 2380 omnesque
545 2317 784 2380 superioris
810 2319 972 2374 aetatis,
999 2336 1101 2364 cum
1126 2319 1275 2365 liberis
1298 2332 1431 2384 atque
1468 2323 1682 2367 uxoribus

278 2399 554 2462 publicisque
570 2398 802 2456 custodiis,
828 2409 904 2443 aut
925 2417 977 2444 ex
994 2418 1123 2445 muro
1148 2401 1201 2446 ad
1222 2402 1380 2449 coelum
1407 2420 1564 2448 manus
1589 2414 1684 2448 ten·

280 2482 462 2539 derent,
498 2491 574 2525 aut
615 2478 780 2541 templa
817 2479 1002 2526 deorum
1038 2483 1358 2529 immortalium
1398 2484 1600 2542 adirent,
1642 2495 1681 2529 et

281 2572 381 2606 ante
419 2561 653 2606 simulacra
687 2561 871 2622 projecti
900 2563 1128 2608 victoriam
1165 2565 1218 2609 ab
1245 2565 1326 2610 diis
1349 2576 1640 2628 exposcerent
1671 2583 1680 2609 :

283 2659 425 2704 neque
465 2652 555 2687 erat
584 2643 817 2702 quisquam
854 2646 1080 2701 oninium,
1117 2649 1222 2708 quin
1259 2649 1302 2691 in
1333 2650 1426 2708 ejus
1460 2649 1543 2692 <liei
1578 2664 1682 2692 casu
