1972 3356
519 216 781 252 COMMENT.
806 217 872 250 DE
902 217 1057 251 BELLO
1087 217 1311 251 GALLlCO.
1538 217 1610 252 265

219 303 304 339 gem
329 291 540 335 Senonum,
567 293 793 340 suspicatur,
819 293 885 328 sed
911 293 1112 329 certissime
1138 293 1286 328 fallitur.
1308 294 1418 329 Illum
1440 307 1508 330 nec
1528 296 1611 330 Ro-

219 353 342 397 mani,
360 365 428 388 nec
453 352 551 388 Galli
570 362 820 390 sacraverunt.
841 355 937 402 Regi
959 356 1149 390 Senonum
1176 367 1314 390 nomen
1341 363 1419 391 erat
1437 356 1499 391 dei
1522 358 1612 391 Mo—

221 415 366 462 ritasgi,
380 415 419 449 in
439 414 538 461 cujus
557 417 672 451 tutela
690 417 833 463 positus
856 424 934 451 erat
955 429 974 451 a
999 416 1058 452 die
1076 417 1213 461 natali,
1226 418 1284 451 vel
1307 431 1324 451 a
1346 419 1515 465 pueritia.
1530 420 1615 454 Μο-

224 477 352 525 ritasgi
364 483 485 512 autem
498 490 639 512 nomen
652 477 853 513 formatum
865 485 919 513 est
933 491 953 513 a
966 490 1086 526 graeco
1101 477 1223 527 μωρία
1232 506 1241 523 ,
1250 480 1404 515 stultitia
1413 507 1422 524 ,
1436 488 1471 515 et
1481 480 1614 516 τάσει-α·

225 540 285 574 vel
302 536 459 588 ταξιόω,
480 539 617 574 ordino
629 567 639 584 ,
658 547 744 587 apte
768 539 952 587 disponO,
975 540 1015 574 in
1034 540 1112 575 acie
1132 541 1278 576 colloco
1291 568 1300 585 ,
1320 542 1434 576 aciem
1450 542 1594 578 instruo
1606 571 1615 584 ,

225 599 360 652 τάξις,
387 601 596 645 ordinatio,
628 602 724 636 ordo
759 601 872 645 aciei,
898 602 1014 645 acies,
1041 613 1192 649 agmen,
1215 609 1360 645 turma,
1386 604 1542 648 cohors,
1566 605 1618 640 si-

226 663 376 712 gnificat
404 663 518 710 igitur
543 663 606 710 qui
630 664 766 698 Morioe
796 664 857 698 vel
882 663 1044 698 stultitiae
1072 663 1189 698 aciem
1223 663 1388 707 instruit,
1415 666 1617 701 alludendo

227 727 275 762 ad
305 726 442 761 cultum
469 725 721 772 Berecynthiae
751 737 814 760 seu
846 725 994 772 Magnae
1020 725 1174 769 Matris,
1202 725 1318 760 hodie
1349 725 1457 760 Μένε
1471 726 1617 772 —foc'c'e,

227 786 331 822 Mdre
333 786 436 833 folle
443 813 455 830 ,
472 786 573 833 apud
592 786 732 821 AEduos
751 786 1054 829 celeberrimum,
1075 793 1110 821 et
1129 786 1177 821 ad
1191 794 1349 821 turmam
1371 787 1405 822 ei
1423 795 1621 831 sacratam,

226 848 378 884 nomine
393 847 527 895 gallico
547 849 767 896 compagm'e
779 849 826 882 de
849 850 888 882 la
908 846 1008 882 mere
1022 846 1133 894 folle.
1149 850 1159 896 (
1174 849 1267 883 Vide
1285 850 1344 883 Dc
1359 850 1544 895 Tumor,
1568 852 1622 885 De

228 913 266 947 la
279 910 361 956 sete
381 911 447 945 des
460 908 575 955 foas,
598 910 722 954 ἰπὶ-40,
746 908 878 959 1741.)
899 910 992 944 Inde
1018 917 1203 957 sceptrum
1223 910 1332 957 hujus
1354 911 1492 946 IVIatris
1513 913 1623 947 deum

229 973 367 1008 dictum
381 971 512 1020 gallice
526 979 679 1006 mat-otte
692 984 763 1019 pro
781 979 946 1016 merotte,
963 971 1003 1006 id
1017 978 1082 1015 est,
1089 972 1206 1020 petite
1219 971 1330 1007 mere.
1345 973 1439 1009 Inde
1454 986 1602 1021 quoque
1613 1002 1622 1017 ,

229 1035 328 1082 apud
354 1034 552 1078 Caesarem,
574 1047 610 1078 v,
631 1032 678 1069 25
702 1041 737 1068 et
765 1046 830 1078 22,
855 1034 1010 1069 nomina
1047 1035 1232 1082 Tasgetii,
1260 1035 1393 1070 rectius
1424 1037 1620 1084 Tasgoetc‘z',

230 1099 432 1133 Carnutum
446 1096 544 1144 regis
556 1123 565 1140 ,
579 1103 614 1131 et
638 1096 904 1144 Taximaguli,
925 1096 1033 1130 unius
1057 1108 1101 1131 ex
1120 1096 1322 1131 Britanniae
1340 1097 1508 1144 regibus,
1522 1098 1624 1145 prius

232 1173 252 1195 a
264 1157 374 1209 γόης,
386 1170 508 1202 -ητος,
522 1158 752 1201 incantator,
765 1158 1032 1205 praestigiator,
1052 1158 1145 1192 sicut
1165 1166 1200 1193 et
1218 1160 1468 1207 Tasgoetium,
1484 1173 1624 1196 nornen

232 1221 334 1256 urbis
347 1220 606 1256 Helvetiorum
621 1232 739 1266 prope
747 1220 947 1267 ffIagiam5
962 1218 1147 1266 posterius
1161 1232 1181 1254 a
1195 1222 1389 1267 magulus,
1404 1221 1625 1257 diminutiva

235 1295 326 1318 voce
348 1280 496 1332 μάγος,
514 1294 660 1329 magus,
686 1281 725 1316 id
752 1288 805 1316 est
826 1281 970 1316 druida.
991 1280 1218 1328 Moritasgus
1238 1281 1350 1329 igitur
1370 1283 1459 1318 deus
1477 1284 1626 1328 AEduis‚

234 1345 374 1380 Macris
398 1346 530 1380 Fatuce
549 1343 772 1387 cultoribus,
793 1345 942 1378 Momus
957 1349 1046 1377 erat.

728 1483 785 1516 IN
816 1482 1037 1516 LIBRUM
1066 1483 1136 1517 VI.

287 1624 370 1658 CAP.
391 1622 437 1657 X.
458 1620 631 1656 Bacenis.
652 1620 808 1655 Bacenis
828 1621 930 1669 sylva
951 1628 1028 1655 erat
1053 1633 1138 1668 pars
1165 1622 1289 1669 aliqua
1307 1622 1502 1670 Hercyniae
1519 1625 1629 1672 sylvae

236 1697 315 1732 quae
345 1682 567 1719 describitur
596 1681 709 1726 infra,
740 1695 820 1730 cap.
853 1688 911 1724 24.
942 1683 1152 1727 «Bacenis,
1184 1684 1306 1731 inquit
1332 1685 1518 1730 Hotman,
1545 1700 1630 1734 pars

235 1745 428 1793 Hercyniae
462 1745 572 1792 sylvae
604 1756 714 1790 quam
744 1757 845 1779 nune
876 1745 1034 1792 Nigrum
1061 1752 1217 1789 vocant,
1243 1746 1312 1779 cler
1340 1747 1636 1783 ⁴S'cl1wartzctwld

238 1809 294 1855 (la
319 1808 431 1842 Foret
449 1806 558 1841 noire
570 1804 600 1853 L),
615 1818 635 1839 a
653 1805 815 1841 Nechari
837 1818 945 1840 amne
965 1805 1014 1839 ad
1026 1807 1206 1840 Moenum.
1222 1822 1236 1837 »
1256 1809 1403 1843 Nomen
1419 1808 1495 1854 ejus
1516 1809 1634 1856 origi-

237 1882 323 1904 nem
337 1881 356 1905 a
370 1881 490 1916 graeco
505 1864 931 1911 ssaeanavmfascinatio,
945 1865 1154 1911 βασκαιίνω,
1168 1868 1327 1913 fascino,
1338 1871 1473 1914 trahit,
1488 1870 1632 1918 signifi—

239 1938 297 1966 cat
309 1931 421 1978 igitur
429 1929 572 1977 gallice,
582 1931 621 1964 la
623 1928 730 1976 sore&
739 1930 786 1964 de
797 1929 1122 1973 l’enclzancemenz,
1134 1942 1179 1964 oa
1187 1930 1418 1978 qaisascine,
1433 1933 1629 1976 enchante,

241 1992 413 2035 channe,
442 1993 652 2026 ensorcelle.
681 1989 790 2038 (Vide
822 1991 1049 2038 Hercyniam
1078 1993 1244 2038 sylvam,
1271 2005 1349 2039 cap.
1385 1993 1508 2043 XXIV.)
1541 1995 1633 2030 Inde

241 2054 397 2088 forsitan
416 2052 580 2087 nominis
604 2053 731 2087 Volcoe
751 2052 875 2100 origo,
895 2066 914 2087 a
934 2065 1055 2100 graeco
1071 2054 1205 2098 φολκὸς
1229 2055 1394 2099 strabus,
1415 2057 1551 2100 luscus,
1572 2058 1635 2104 qui

242 2116 354 2151 habet
380 2115 508 2149 oculos
528 2114 706 2149 distortos
720 2141 730 2158 ,
750 2121 789 2149 ut
798 2114 1068 2160 fascinatrices
1089 2129 1100 2150 :
1123 2116 1188 2151 Hae
1214 2123 1343 2163 gentes
1370 2117 1507 2152 circum
1534 2118 1635 2153 Her—

242 2178 386 2225 cyniam
401 2177 543 2225 sylvam
564 2176 664 2222 cujus
678 2188 764 2223 pars
779 2184 856 2212 erat
871 2178 973 2225 sylva
987 2178 1171 2221 Bacenis,
1188 2179 1459 2224 consederunt,
1472 2180 1635 2216 Plinius-

243 2252 331 2286 que,
358 2238 424 2273 lib.
451 2251 530 2282 vn,
556 2251 635 2285 cap.
667 2251 737 2281 22,
765 2251 811 2273 ex
836 2239 990 2287 Isigono
1014 2248 1142 2276 narrat
1171 2241 1209 2274 in
1236 2241 1413 2276 Triballis
1440 2249 1475 2276 et
1498 2243 1635 2290 Illyriis

244 2313 320 2335 esse
346 2300 410 2347 qui
436 2299 517 2334 visu
539 2299 776 2344 effascinent,
800 2300 1091 2349 interimantque
1117 2315 1211 2349 quos
1237 2301 1376 2337 diutius
1399 2303 1636 2347 intueantur,

244 2362 342 2398 iratis
367 2361 506 2405 oculis3
527 2368 563 2396 et
591 2361 755 2396 faeminas
788 2362 828 2396 in
863 2363 1031 2410 Scythia,
1056 2376 1135 2410 quae
1158 2370 1297 2398 vocant
1328 2364 1482 2410 Bc'tlzyoe
1494 2392 1507 2408 ,
1535 2367 1638 2413 quod

242 2424 401 2470 pupillas
423 2424 529 2458 binas
553 2423 593 2458 in
615 2423 731 2458 oculis
754 2423 908 2471 singulis
930 2425 1105 2460 habeant.

297 2522 382 2556 CAP.
405 2521 486 2555 XV.
502 2520 715 2555 Ambactos.
738 2520 887 2554 «Iidem
905 2532 1027 2568 prope
1048 2521 1111 2568 qui
1134 2522 1308 2556 Soldariz'.
1329 2521 1366 2554 V
1362 2521 1423 2556 ide
1442 2529 1539 2565 not.,
1566 2536 1616 2557 111
1629 2551 1638 2565 ‚

245 2596 304 2618 22.
340 2582 543 2618 Ambactas
575 2578 711 2618 δοῦλος
740 2579 941 2627 μισθωτὸς,
976 2596 1101 2619 servus
1125 2583 1296 2618 mercede
1321 2584 1525 2619 conductus
1555 2598 1563 2619 :
1590 2585 1639 2619 ita

246 2652 386 2679 xetcres
423 2645 563 2692 glossae.
598 2645 821 2688 Ambacum,
858 2646 957 2693 apud
997 2646 1181 2689 Ennium,
1212 2645 1339 2692 lingua
1369 2645 1498 2692 gallica
1538 2655 1640 2681 actus
