1972 3356
613 235 680 271 DE
710 234 871 270 BELLO
904 232 1172 268 AFRICANO.
1505 229 1578 267 255

195 323 259 368 dit
286 324 328 367 in
359 331 512 366 castra.
542 320 686 381 Scipio
716 319 912 374 interim⁷
950 317 1127 378 cognito
1155 317 1336 361 Caesaris
1362 315 1578 372 discessu,

193 422 293 450 cum
321 404 530 448 universis
562 401 699 462 copiis
725 417 801 461 per
819 399 976 461 jugum
1004 400 1218 443 Caesarem
1254 398 1458 459 subsequi
1492 415 1577 443 coe-

195 488 278 548 pit;
299 495 429 546 atque
450 484 503 527 ab
529 482 621 543 ejus
647 480 799 525 castris
824 477 960 523 millia
980 495 1187 540 passuum
1218 496 1291 523 sex
1324 477 1477 541 longe,
1508 479 1581 523 tri-

195 569 261 613 nis
284 567 436 612 castris
454 563 694 626 dispartitis
723 560 882 622 copiis,
910 559 1119 604 consedit.

259 648 460 693 LXVIII.
484 642 711 705 Oppidum
731 650 823 685 erat
848 643 975 696 Zeta,
992 639 1108 700 quod
1133 640 1285 684 aberat
1308 640 1363 684 ab
1380 642 1582 702 Scipione

194 726 327 773 millia
358 741 562 788 passuum
600 740 645 779 Χ,
674 721 728 766 ad
756 721 849 782 ejus
879 720 1102 782 regionem
1131 730 1173 764 et
1210 731 1382 782 partem
1416 731 1581 767 castro-

194 826 289 854 rum
313 807 597 861 collocatum,
616 821 640 848 a
661 805 830 848 Caesare
856 811 1002 846 autem
1027 801 1248 846 diversum
1273 819 1322 846 ac
1347 813 1581 859 remotum,

190 889 309 951 quod
332 898 426 933 erat
450 887 503 931 ab
531 902 583 931 eo
602 885 731 947 longe
762 882 898 929 millia
924 900 1131 946 passuum
1156 899 1288 928 xvln.
1316 886 1414 928 Huc
1438 884 1584 946 Scipio

190 969 384 1032 legiones
407 968 514 1013 duas
536 965 835 1012 frumentandi
861 966 999 1028 gratia
1028 965 1158 1010 misit.
1188 964 1318 1023 Quod
1349 976 1583 1028 postquam

189 1054 337 1096 Caesar
360 1068 410 1095 ex
438 1048 620 1112 perfuga
650 1048 882 1109 cognovit,
910 1047 1062 1092 castris
1097 1064 1148 1091 ex
1177 1064 1334 1109 campo
1358 1048 1401 1091 in
1426 1046 1582 1092 collem

190 1150 239 1177 ac
274 1133 439 1177 tutiora
479 1129 575 1175 loca
607 1128 851 1186 collocatis,
887 1138 1018 1190 atque
1055 1129 1116 1173 ibi
1162 1127 1364 1190 praesidio
1411 1128 1584 1185 relicto,

191 1215 284 1275 ipse
311 1222 465 1274 quarta
490 1209 639 1274 vigilia
660 1227 878 1272 egressus,
905 1220 1064 1271 praeter
1093 1210 1286 1254 hostium
1311 1219 1453 1254 castra
1483 1227 1585 1271 pro·

192 1295 403 1340 ficiscitur
431 1311 530 1338 cum
569 1293 734 1355 copiis,
765 1302 808 1337 et
845 1291 1010 1353 oppido
1038 1292 1219 1353 potitur.
1249 1292 1463 1354 Legiones
1492 1293 1584 1336 Sci-

193 1376 336 1438 pionis
367 1375 580 1436 comperit
614 1373 755 1436 longis
786 1374 830 1417 in
865 1374 980 1434 agris
1014 1372 1272 1418 frumentari
1311 1390 1320 1417 :
1352 1382 1418 1427 et,
1448 1381 1586 1434 quum

192 1474 244 1502 eo
282 1455 550 1501 contendere
587 1465 823 1500 conaretur
861 1454 1171 1499 animadvertit
1208 1456 1354 1516 copias
1393 1455 1585 1499 hostium

194 1540 244 1582 iis
281 1537 527 1600 legionibus
561 1553 792 1581 occurrere
821 1538 1057 1598 suppetias.
1085 1537 1198 1594 Quae
1236 1554 1302 1581 res
1327 1537 1419 1597 ejus
1451 1538 1588 1598 impe-

192 1629 284 1662 tum
311 1617 563 1662 retardavit.
596 1619 776 1678 Itaque,
814 1627 943 1678 capto
967 1619 1016 1662 C.
1047 1617 1190 1661 Mutio
1217 1619 1412 1679 Regino,
1441 1618 1588 1678 equite

191 1715 398 1754 romano,
420 1699 635 1760 Scipionis
649 1696 990 1742 familiarissimo
1006 1733 1017 1754 ‚
1045 1699 1119 1759 qui
1135 1699 1172 1742 ei
1194 1697 1359 1760 oppido
1378 1709 1586 1759 praeerat,

193 1790 236 1824 et
254 1782 301 1824 P.
328 1780 482 1837 Atrio,
509 1779 657 1840 equite
683 1795 868 1822 romano
897 1779 950 1821 de
973 1789 1193 1822 conventu
1226 1780 1432 1834 uticensi,
1455 1789 1497 1822 et
1522 1796 1590 1823 ca-

193 1859 318 1905 melis
348 1877 448 1905 xxn
477 1859 591 1922 regis
613 1858 832 1916 adductis,
850 1858 1051 1920 praesidio
1073 1859 1131 1903 ibi
1159 1875 1259 1903 cum
1275 1860 1423 1920 Oppio
1444 1858 1587 1921 legato

195 1941 375 1998 relicto,
402 1943 494 2003 ipse
517 1957 563 1985 se
591 1941 782 2002 recipere
809 1941 939 2002 coepit
966 1939 1020 1984 ad
1046 1950 1202 1984 castra.

261 2025 424 2069 LXIX.
453 2024 603 2081 Quum
627 2023 719 2084 jam
745 2040 830 2067 non
855 2021 985 2085 longe
1007 2039 1030 2066 a
1052 2023 1206 2067 castris
1230 2023 1447 2084 Scipionis
1473 2022 1589 2067 abes-

196 2114 284 2160 set,
307 2122 403 2166 quae
427 2121 527 2148 eum
553 2120 727 2148 necesse
757 2114 851 2148 erat
885 2103 1190 2166 praetergredi,
1220 2103 1444 2149 Labienus
1470 2104 1590 2148 Afra-

196 2188 406 2248 niusque,
437 2204 537 2232 cum
566 2188 685 2231 omni
718 2187 916 2248 equitatu
944 2185 1116 2247 levique
1142 2196 1365 2230 armatura
1398 2203 1449 2230 ex
1487 2186 1589 2230 insi-

196 2268 279 2313 diis
306 2268 471 2326 ado1·ti‚
509 2268 674 2330 agmini
708 2268 802 2328 ejus
830 2277 1024 2312 extremo
1054 2283 1098 2311 se
1124 2267 1345 2324 offerunt,
1373 2277 1505 2328 atque
1538 2284 1588 2311 ex

197 2347 384 2394 collibus
416 2350 569 2411 primis
606 2349 829 2393 exsistunt.
876 2349 1008 2407 Quod
1048 2358 1282 2411 postquam
1318 2350 1462 2394 Caesar
1497 2348 1591 2392 ani-

196 2429 452 2488 madvertit,
482 2430 702 2491 equitibus
730 2431 818 2475 suis
846 2430 1038 2475 hostium
1059 2431 1099 2474 vi
1116 2431 1358 2492 oppositis,
1397 2430 1589 2474 sarcinas

198 2511 461 2574 legionarios
484 2512 528 2555 in
544 2528 749 2556 acervum
765 2511 890 2572 jubet
915 2520 1217 2574 comportare,
1237 2521 1368 2572 atque
1391 2510 1591 2555 celeriter

199 2593 324 2654 signa
342 2592 541 2637 hostibus
564 2591 738 2636 inferre.
759 2592 893 2650 Quod
915 2602 1149 2655 postquam
1172 2602 1365 2654 coeptum
1389 2601 1451 2636 est
1475 2590 1590 2646 fieri,

200 2673 344 2734 primo
370 2674 534 2735 impetu
565 2671 789 2734 legionum
818 2674 1036 2735 equitatus
1063 2683 1105 2718 et
1129 2671 1234 2717 levis
1257 2683 1479 2718 armatura
1510 2672 1590 2716 ho-
