1972 3356
40 415 41 418 „
39 337 49 385 a..
35 239 49 321 -=-<

47 2812 55 2821 ι
45 2664 50 2777 «affl,-

57 3300 61 3356 --
44 3055 61 3294 ,nv-zm?

652 208 718 243 DE
748 208 808 244 BE
815 208 914 244 LLO
946 209 1221 245 AFRICANO,
1561 222 1580 244 2
1588 211 1608 246 6
1619 227 1629 245 ι

229 301 327 335 tunt
353 302 594 354 orantque,
627 303 675 337 ut
699 294 786 337 suis
816 293 1005 337 fortunis
1028 293 1219 354 populus
1250 310 1484 352 romanus,
1511 296 1632 356 quod

228 373 340 417 bene
364 375 510 418 meriti
536 385 701 429 essent,
728 374 941 418 auxilium
975 374 1124 419 ferret.
1158 377 1320 429 Caesar,
1346 392 1498 420 eorum
1523 393 1631 421 con—

227 453 326 499 silio
344 457 557 516 probato,
578 457 797 500 Marcium
818 456 1024 517 Crispum
1049 457 1278 500 tribunum
1300 474 1401 502 cum
1425 459 1607 504 cohorte
1622 495 1632 511 ,

225 545 268 579 et
295 537 530 597 sagittariis
562 537 882 596 tormentisque
911 535 1242 597 compluribus,
1271 538 1476 598 praesidio
1513 541 1632 585 Tha-

223 618 383 661 benam
416 618 565 661 mittit.
607 617 777 661 Eodem
817 626 1016 677 tempore
1051 634 1102 661 ex
1134 616 1382 679 legionibus
1425 622 1633 666 omnibus

223 697 410 753 milites,
436 699 512 759 qui
541 709 616 742 aut
654 698 809 743 morbo
838 697 1059 759 impediti,
1095 708 1192 755 aut,
1229 711 1478 746 commeatu
1510 703 1632 755 dato,

221 795 323 823 cum
349 780 485 840 signis
508 796 596 823 non
633 788 873 840 potuerant
905 788 1006 823 aute
1035 781 1221 825 transire
1253 782 1294 824 in
1322 782 1545 839 Africam,
1579 786 1629 828 ad

222 858 358 903 millia
381 876 428 905 iv
444 898 454 915 ,
476 862 646 921 equites
664 877 746 914 cl),
767 860 1016 905 funditores
1041 863 1346 925 sagittariique
1372 864 1511 921 mille,
1541 883 1630 911 uno

219 952 470 986 commeatu
500 943 658 988 Caesari
695 953 1002 987 occurrerunt.
1032 945 1188 1004 Itaque
1229 961 1330 989 cum
1370 946 1436 990 his
1471 949 1630 1009 copiis,

219 1032 262 1066 ct
308 1024 517 1068 omnibus
559 1024 808 1087 legionibus
843 1025 1036 1083 eductis,
1087 1027 1201 1070 sicut
1233 1037 1327 1071 erat
1367 1029 1631 1086 instructus,

219 1115 320 1149 octo
346 1105 542 1151 millibus
570 1123 781 1169 passuum
811 1107 865 1151 ab
889 1108 978 1152 suis
1008 1109 1183 1165 castris,
1208 1108 1262 1152 ab
1283 1110 1504 1171 Scipionis
1525 1128 1629 1155 vero

219 1203 264 1231 tv
287 1186 483 1232 millibus
508 1204 718 1249 passuum
745 1188 873 1250 longe
901 1190 1099 1233 constitit
1126 1192 1170 1234 in
1194 1207 1365 1253 campo.

284 1271 537 1314 LXXVIII.
572 1272 682 1314 Erat
722 1271 936 1332 oppidum
962 1270 1077 1315 infra
1112 1282 1254 1316 castra
1281 1273 1527 1334 Scipionis,
1553 1293 1630 1320 no-

217 1351 337 1395 mine
364 1352 530 1413 Tegea,
552 1352 627 1396 ubi
653 1351 905 1413 praesidium
933 1363 1139 1413 equestre
1167 1354 1345 1398 circiter
1365 1371 1424 1400 co
1443 1373 1630 1401 numero

216 1432 379 1476 babere
405 1443 653 1478 consuerat.
674 1436 739 1478 Eo
761 1435 963 1494 equitatu
990 1434 1145 1479 dextra
1171 1435 1438 1498 sinistraque
1460 1437 1629 1483 directo

215 1515 270 1558 ab
297 1514 449 1576 oppidi
472 1515 704 1571 lateribus,
733 1517 850 1577 ipse,
880 1515 1129 1578 legionibus
1162 1534 1214 1562 ex
1247 1524 1401 1563 castris
1435 1519 1628 1574 eductis⁷

215 1605 348 1657 atque
374 1598 416 1640 in
439 1598 549 1659 jugo
574 1597 782 1641 inferiore
811 1599 1061 1656 instructis,
1088 1616 1177 1643 non
1200 1598 1375 1660 longius
1402 1600 1491 1645 fere
1512 1601 1630 1646 mille

214 1695 368 1739 passus
407 1678 463 1723 ab
495 1681 584 1723 suis
612 1680 938 1724 munitionibus
971 1697 1250 1742 progressus,
1274 1682 1316 1725 iu
1343 1682 1435 1726 acie
1467 1685 1630 1726 cousti-

213 1761 279 1804 tit.
302 1762 544 1822 Postquam
572 1760 738 1804 diutius
767 1763 810 1804 iu
834 1778 923 1805 uno
951 1761 1048 1805 loco
1068 1763 1219 1822 Scipio
1242 1764 1628 1818 commorabatur,

213 1852 255 1886 ct
286 1852 461 1903 tempus
504 1841 588 1886 dici
621 1842 664 1886 in
706 1843 796 1886 otio
835 1842 1203 1897 consumebatur,
1245 1844 1393 1887 Caesar
1427 1844 1626 1904 equitum

213 1935 381 1968 turmas
407 1941 588 1968 suorum
611 1924 741 1985 jubet
769 1925 812 1967 iu
840 1924 1034 1968 hostium
1064 1925 1334 1985 equitatum,
1360 1926 1434 1985 qui
1463 1925 1518 1969 ad
1549 1942 1628 1987 op-

214 2005 369 2067 pidum
398 2007 443 2049 in
470 2007 660 2050 statione
696 2016 812 2061 erat,
841 2006 984 2051 facere
1014 2006 1369 2067 impressionem;
1398 2005 1629 2068 levemque

212 2099 505 2143 armaturam,
533 2089 807 2151 sagittarios,
835 2087 1170 2149 funditoresque
1198 2087 1354 2133 eodem
1389 2089 1624 2135 submittit.

211 2170 348 2229 Quod
389 2171 461 2214 ubi
497 2180 691 2232 coeptum
729 2182 794 2215 est
821 2170 934 2226 fieri,
965 2181 1009 2215 et
1047 2172 1171 2232 equis
1201 2172 1434 2216 concitatis
1460 2171 1624 2216 ,Iuliani

214 2254 433 2314 impetum
470 2252 696 2307 fecissent,
737 2252 942 2297 Pacidius
986 2270 1086 2297 suos
1127 2254 1297 2314 equites
1349 2255 1630 2316 exporrigere

214 2336 347 2396 coepit
377 2335 421 2378 in
456 2333 808 2396 longitudinem,
836 2345 884 2378 ut
913 2335 1128 2378 haberent
1167 2334 1422 2379 facultatem
1461 2345 1627 2379 turmas

214 2414 412 2460 =Iulianas
439 2416 769 2474 circumfundi,
800 2429 841 2462 et
874 2415 1166 2461 nihilominus
1198 2416 1438 2461 fortissime
1466 2417 1627 2461 acerri-

215 2515 375 2560 meque
420 2516 636 2561 pugnare.
679 2498 813 2557 Quod
857 2499 930 2543 ubi
970 2500 1118 2543 Caesar
1155 2498 1489 2556 animadvertit,
1521 2514 1627 2555 ccc,

215 2597 326 2642 quos
350 2597 403 2625 ex
429 2580 678 2643 legionibus
695 2582 860 2626 habere
889 2580 1114 2643 expeditos
1138 2591 1456 2638 consueverat,
1487 2597 1540 2625 ex
1565 2579 1627 2624 le-

217 2665 369 2725 gione,
389 2681 486 2725 quae
519 2665 717 2725 proxima
746 2665 784 2708 ei
804 2662 959 2725 proelio
985 2665 1028 2708 in
1056 2664 1149 2708 acie
1189 2664 1473 2721 constiterat,
1497 2662 1628 2724 jubet
