1972 3356
433 221 472 256 C.
502 223 632 258 JULII
663 224 882 259 CAESARIS
915 223 1074 259 COMM.
1106 224 1173 259 DE
1205 222 1364 259 BELLO
1394 225 1538 260 GALL.
1611 224 1681 259 153

280 317 492 367 poscunt,
516 309 591 369 qui
615 307 718 352 belli
743 308 920 353 initium
944 308 1127 367 faciant,
1152 318 1194 352 et
1218 309 1284 352 sui
1302 309 1460 369 capitis
1484 309 1682 370 periculo

280 388 474 433 Galliam
508 391 551 433 in
592 389 839 434 libertatem
877 389 1118 434 vindicent.
1146 390 1254 452 Ejus
1286 390 1332 434 in
1367 391 1520 451 primis
1551 391 1684 435 ratio-

283 487 382 514 nem
422 469 669 514 habendam
711 470 890 525 dicunt,
925 470 1185 531 priusquam
1221 488 1375 515 eorum
1409 470 1682 515 clandestina

282 549 464 596 consilia
497 550 756 604 efferantur,
785 558 833 593 ut
855 551 1004 594 Caesar
1031 551 1085 594 ab
1118 551 1315 595 exercitu
1342 551 1685 606 intercludatur,

284 633 326 676 id
349 649 441 676 esse
462 630 607 686 facile,
629 631 748 691 quod
775 648 917 692 neque
947 631 1163 694 legiones,
1190 632 1371 676 absente
1399 634 1685 694 imperatore,

282 713 474 757 audeant
507 729 558 756 ex
588 712 785 756 hibernis
818 713 992 774 egredi,
1021 729 1164 774 neque
1195 713 1438 774 imperator
1461 714 1554 757 sine
1583 730 1688 774 prae=

282 794 394 839 sidio
435 792 490 837 ad
529 792 723 854 legiones
760 794 993 854 pervenire
1032 795 1199 855 possit;
1243 804 1469 855 postremo
1509 794 1553 838 in
1596 794 1688 837 acie

285 885 490 936 praestare
509 874 720 932 interfici,
739 892 874 935 quam
896 892 987 921 non
1004 885 1197 920 veterem
1218 874 1322 919 belli
1345 874 1534 937 gloriam
1557 873 1682 919 liber-

284 966 533 1017 tatemque,
557 973 689 1017 quam
715 974 738 1000 a
765 957 1008 1018 majoribus
1034 957 1310 1018 acceperint,
1334 973 1609 1018 recuperare.

346 1040 403 1082 ΙΙ.
442 1039 521 1082 His
557 1039 687 1083 rebus
719 1039 916 1100 agitatis,
950 1038 1219 1100 profitentur
1245 1041 1485 1094 Carnutes,
1514 1055 1559 1083 se
1587 1037 1690 1082 nul-

284 1119 373 1164 lum
409 1103 655 1181 periculum
689 1121 939 1164 communis
969 1118 1122 1164 salutis
1151 1136 1281 1163 causa
1317 1136 1540 1174 recusare,
1571 1120 1691 1181 prin-

285 1203 492 1263 cipesque
527 1219 579 1245 ex
617 1202 825 1246 omnibus
865 1200 1035 1246 bellum
1074 1201 1266 1245 facturos
1302 1200 1591 1262 pollicentu1‘3
1628 1211 1690 1257 et,

286 1284 496 1345 quoniam
519 1284 563 1326 in
587 1283 819 1344 praesentia
849 1283 1075 1327 obsidibus
1097 1299 1252 1327 cavere
1277 1283 1393 1327 inter
1416 1300 1460 1327 se
1484 1299 1574 1327 non
1594 1300 1693 1344 pos-

288 1366 398 1421 sint,
435 1382 489 1408 nc
517 1382 585 1408 res
619 1364 847 1421 efferatur,
877 1374 926 1408 ut
950 1363 1241 1425 jurejurando
1276 1381 1327 1408 ac
1355 1364 1441 1408 fide
1470 1365 1695 1408 sanciatur

290 1456 466 1507 petunt,
491 1444 661 1489 collatis
686 1444 952 1489 militaribus
981 1445 1116 1506 signis
1139 1445 1253 1506 (quo
1278 1462 1401 1488 more
1421 1461 1576 1489 eorum
1600 1461 1695 1507 gra-

290 1528 476 1572 vissimae
503 1526 766 1571 caerimoniae
794 1527 1129 1587 continentur),
1159 1544 1236 1583 nc,
1261 1526 1381 1570 facto
1408 1527 1535 1571 initio
1570 1525 1695 1584 belli,

287 1609 340 1653 ab
361 1606 543 1669 reliquis
559 1607 833 1652 deserantur.
850 1609 985 1665 Tum,
1008 1606 1271 1652 collaudatis
1287 1609 1577 1665 Carnutibus,
1594 1609 1697 1655 dato

284 1689 578 1751 jurejurando
607 1690 661 1733 ab
689 1689 897 1734 omnibus
927 1690 1003 1751 qui
1030 1689 1242 1746 aderant,
1280 1699 1481 1751 tempore
1513 1691 1606 1752 ejus
1636 1692 1697 1735 rei

290 1772 556 1828 constituto,
584 1772 639 1815 ab
664 1770 856 1816 concilio
884 1770 1137 1816 disceditur.

353 1855 430 1898 III.
462 1852 552 1897 Ubi
577 1869 625 1896 ea
660 1851 751 1896 dies
779 1853 920 1907 venit,
945 1855 1183 1909 Carnutes,
1210 1854 1404 1897 Cotuato
1430 1863 1474 1896 et
1504 1855 1698 1898 Coneto-

290 1935 410 1979 duno
456 1933 661 1989 ducibus,
713 1932 956 1993 desperatis
996 1932 1275 1989 hominibus,
1315 1933 1552 1978 G-enabum
1597 1934 1701 1978 dato

292 2017 416 2077 signo
462 2023 766 2069 concurrunt,
812 2015 1018 2075 civesque
1062 2030 1271 2058 romanos
1318 2016 1392 2075 qui
1443 2014 1700 2076 negotiandi

293 2114 421 2141 causa
445 2096 506 2140 ibi
530 2097 847 2152 constiterant,
880 2096 925 2139 in
954 2095 1022 2139 his
1053 2097 1102 2140 C.
1133 2096 1315 2139 Fusium
1345 2096 1512 2153 Citam,
1543 2096 1703 2140 hones—

293 2187 388 2223 tum
418 2178 614 2238 equitem
638 2194 898 2235 romanum,
925 2178 1002 2238 qui
1031 2178 1092 2221 rei
1120 2177 1420 2222 frumentariae
1447 2178 1574 2239 jussu
1606 2178 1702 2222 Cae·

294 2260 402 2304 saris
438 2269 647 2321 praeerat,
687 2259 983 2316 interficiunt,
1025 2260 1233 2320 bonaque
1274 2276 1429 2304 eorum
1470 2259 1701 2321 diripiunt.

295 2341 508 2387 Celeriter
528 2340 583 2385 ad
603 2357 754 2386 omnes
775 2339 932 2385 Galliae
954 2341 1156 2385 civitates
1179 2341 1295 2385 fama
1320 2340 1543 2402 perfertur
1561 2341 1703 2403 (nam,

295 2423 371 2467 ubi
394 2423 537 2483 major
563 2432 693 2483 atque
719 2421 934 2466 illustrior
958 2421 1115 2466 incidit
1137 2439 1226 2478 res,
1252 2421 1446 2466 clamore
1471 2439 1550 2484 per
1574 2439 1702 2483 agros

295 2504 588 2565 regionesque
611 2503 884 2565 significant,
910 2504 1028 2548 hunc
1057 2503 1128 2549 alii
1158 2503 1366 2565 deinceps
1388 2504 1639 2565 excipiunt,
1663 2514 1706 2547 et

296 2586 508 2645 proximis
548 2585 751 2641 tradunt,
785 2595 833 2629 ut
864 2596 958 2629 tum
991 2585 1178 2647 accidit)
1211 2602 1219 2629 :
1249 2602 1372 2641 nam,
1401 2602 1497 2646 quae
1531 2585 1704 2629 Genabi

296 2668 466 2711 oriente
498 2666 588 2711 sole
619 2677 740 2728 gesta
767 2678 936 2722 essent,
968 2678 1069 2712 ante
1100 2668 1290 2729 primam
1321 2667 1567 2711 confectam
1601 2667 1707 2729 vigi-

1441 2764 1506 2791 11.
