1972 3356
523 214 590 249 DE
626 214 786 249 BELLO
813 214 1142 250 HISPANIENSI.
1444 212 1515 258 287

135 304 183 340 ut
207 297 503 357 superiorem,
531 297 844 353 incenderunt,
873 297 1060 353 idcirco,
1087 296 1205 358 quod
1231 306 1407 340 ventum
1435 312 1515 357 op-

134 376 282 436 pidani
305 377 544 422 secundum
561 378 824 421 habuerunt.
849 378 1102 438 Insequenti
1133 377 1229 421 luce
1255 377 1517 421 materfami-

133 458 210 502 lias
237 458 290 502 de
325 476 452 503 muro
478 476 522 502 se
557 458 733 520 dejecit,
760 468 803 502 et
832 458 887 501 ad
914 475 993 501 nos
1026 457 1252 513 transiliit,
1283 457 1479 518 dixitque
1505 492 1516 512 ,

133 555 178 582 se
203 556 300 584 cum
328 539 491 583 familia
519 539 806 586 constitutum
833 537 1056 593 habuisse,
1080 547 1130 580 ut
1153 554 1240 580 una
1270 537 1517 598 transfuge-

132 630 231 664 rent
255 620 309 663 ad
349 622 594 674 Caesarem3
626 618 744 662 illam
775 634 1026 679 oppressam
1063 627 1104 661 et
1129 617 1391 678 jugulatam.
1423 622 1517 663 Hoc

130 710 339 760 praeterea
363 710 559 761 tempore
586 697 753 743 tabellae
774 697 828 741 de
851 714 978 741 muro
1002 708 1104 741 sunt
1128 698 1324 759 dejectae,
1355 699 1399 742 in
1426 699 1518 759 qui-

129 781 209 824 bus
235 782 445 841 scriptum
472 790 537 824 est
564 780 790 823 inventum
818 795 826 822 :
861 798 880 819 «
914 781 964 824 L.
1014 779 1224 824 Minatius
1261 779 1435 824 Caesari.
1473 780 1516 823 Si

129 860 236 904 mihi
261 862 393 905 vitam
418 861 611 915 tribues,
632 861 840 921 quoniam
871 860 924 904 ab
952 863 1032 905 Cn.
1057 860 1268 921 Pompeio
1310 877 1406 904 sum
1445 860 1517 904 de-

127 950 295 998 sertus,
321 940 495 1003 qualem
524 958 593 985 me
622 939 684 984 illi
714 941 924 1002 praestiti,
953 940 1029 985 tali
1055 941 1220 997 virtute
1249 951 1293 985 et
1318 951 1519 986 constan-

129 1021 186 1064 tia
209 1021 407 1066 futurum
436 1039 504 1066 me
532 1023 573 1066 in
601 1032 643 1066 te
669 1022 899 1083 praestabo.
926 1041 945 1063 n
972 1021 1139 1066 Eodem
1169 1032 1367 1083 tempore
1388 1023 1516 1084 oppi-

127 1100 343 1146 danorum
371 1101 524 1164 legati,
549 1104 624 1163 qui
648 1113 774 1147 antea
797 1104 1020 1159 exierant,
1046 1105 1263 1148 Caesarem
1290 1103 1517 1159 adierunt,

126 1201 147 1222 α
170 1182 205 1226 si
234 1182 315 1226 sibi
343 1184 478 1226 vitam
504 1183 791 1238 concederet,
821 1200 912 1228 sese
938 1184 1182 1244 insequenti
1212 1183 1282 1227 die
1304 1184 1517 1245 oppidum

125 1279 216 1307 esse
239 1262 476 1308 dedituros.
505 1284 526 1305 ›>
554 1265 728 1322 Quibus
755 1264 1010 1327 respondit,
1037 1285 1056 1306 t<
1087 1281 1132 1308 se
1160 1267 1372 1310 Caesarem
1402 1282 1517 1321 esse,

124 1343 344 1406 fidemque
373 1355 694 1406 praestaturum.
723 1366 744 1388 2>
771 1348 865 1403 Ita,
892 1356 992 1390 ante
1020 1346 1135 1390 diem
1155 1363 1202 1391 x1
1218 1345 1387 1391 calend.
1408 1363 1519 1391 mar·

125 1424 174 1468 tii
198 1425 363 1486 oppido
387 1427 581 1487 potitus,
608 1427 848 1487 imperator
875 1437 941 1470 est
966 1425 1224 1488 appellatus.

189 1507 289 1550 XX.
319 1506 453 1564 Quod
479 1507 713 1568 Pompeius
754 1524 804 1551 ex
845 1507 1037 1570 perfugis
1070 1526 1208 1570 quum
1250 1507 1517 1553 deditionem

122 1587 275 1648 oppidi
301 1587 461 1631 factam
485 1604 576 1632 esse
599 1589 775 1645 scisset,
797 1598 936 1632 castra
964 1590 1103 1633 movit
1123 1590 1310 1633 Ucubim
1337 1607 1511 1647 versus,

121 1677 163 1711 et
189 1668 357 1712 circum
378 1685 426 1713 ea
453 1667 548 1713 loca
576 1667 750 1713 castella
767 1668 1012 1730 disposuit,
1048 1679 1091 1713 et
1123 1671 1444 1715 munitionibus
1473 1687 1518 1715 se

121 1748 347 1792 continere
375 1749 519 1810 coepit.
548 1750 692 1792 Caesar
717 1749 880 1803 movit,
907 1759 949 1792 et
977 1750 1160 1810 propius
1191 1760 1333 1794 castra
1362 1751 1516 1794 castris

121 1827 320 1872 contulit.
346 1828 510 1873 Eodem
535 1837 732 1889 tempore
758 1845 885 1873 mane
913 1827 1119 1873 loricatus
1136 1846 1248 1874 unus
1269 1847 1320 1875 ex
1342 1830 1515 1892 legione

121 1908 358 1953 vernacula
398 1909 451 1953 ad
492 1926 571 1954 nos
602 1909 861 1971 transfugit,
890 1919 935 1970 et
974 1911 1218 1968 nuntiavit,
1255 1913 1512 1973 Pompeium

121 1990 369 2051 oppidanos
412 1990 656 2035 ucubenses
697 2007 984 2047 convocasse,
1029 1992 1178 2053 eisque
1223 1993 1284 2037 ita
1325 1994 1512 2055 impera-

120 2071 254 2124 visse,
282 2082 352 2129 ut,
378 2069 605 2133 diligentia
638 2071 859 2130 adhibita,
895 2073 1225 2134 perquirerent,
1259 2075 1334 2135 qui
1369 2086 1513 2120 essent

120 2168 298 2196 suarum
320 2153 538 2213 partium,
562 2153 755 2213 itemque
777 2152 1131 2198 adversariorum
1159 2155 1350 2199 vietoriae
1375 2156 1512 2201 fauto-

118 2249 200 2276 res.
226 2235 321 2278 Hoc
353 2233 573 2295 praeterito
608 2243 829 2295 tempore,
869 2235 912 2278 in
942 2234 1133 2296 oppido,
1166 2236 1286 2296 quod
1321 2236 1402 2281 fuit
1438 2254 1508 2282 ca-

118 2323 266 2374 ptum,
292 2330 440 2358 servus
467 2323 531 2358 est
572 2314 814 2376 prehensus
856 2315 901 2360 in
934 2315 1167 2371 cuniculo,
1201 2334 1330 2378 quem
1378 2335 1510 2380 supra

118 2395 514 2440 demonstravimus
538 2396 763 2441 dominum
780 2397 1006 2460 jugulasse
1038 2416 1046 2442 :
1084 2400 1117 2443 is
1144 2399 1268 2444 vivus
1297 2410 1362 2444 est
1388 2417 1509 2445 com-

117 2476 284 2520 bustus.
312 2476 521 2538 Idemque
558 2478 768 2539 temporis
802 2480 1080 2524 centuriones
1122 2479 1294 2525 loricati
1328 2494 1428 2525 octo
1452 2482 1508 2526 ad

117 2559 334 2603 Caesarem
361 2558 690 2620 transfugerunt
711 2576 762 2603 ex
784 2558 954 2622 legione
981 2560 1232 2615 vernacula,
1254 2570 1297 2606 et
1340 2563 1506 2624 equites

120 2640 256 2684 nostri
284 2657 384 2685 cum
422 2639 772 2686 adversariorum
800 2643 1018 2703 equitibus
1055 2644 1276 2706 congressi
1309 2655 1438 2703 sunt,
1464 2655 1505 2690 et
