1972 3356
392 258 460 298 184
618 257 658 291 C.
686 256 816 291 JULII
845 253 1061 290 CAESARIS
1091 252 1350 288 COMMENT.
1379 252 1525 286 LIBER

387 340 634 393 decederet,
673 353 812 394 neve,
847 335 1134 396 occupatione
1169 331 1269 377 belli
1306 331 1472 388 civilis,
1509 330 1657 392 populi
1696 349 1764 376 ro-

387 420 504 464 mani
523 419 595 480 jus
621 417 979 478 majestatemque
1006 423 1207 459 tentaret.
1237 415 1361 457 Hanc
1386 411 1762 456 denuntiationem

387 514 522 559 quum
557 495 768 559 majorem
796 497 884 540 vim
920 495 1168 539 habituram
1194 493 1483 548 existimaret,
1522 492 1557 535 si
1587 492 1765 552 propius

389 595 459 622 eas
477 579 679 639 regiones
708 594 807 622 cum
836 577 1025 620 exercitu
1053 575 1323 630 accessisset,
1352 571 1406 616 ad
1443 571 1634 633 legiones
1664 587 1765 633 pro-

387 659 546 716 fectus,
564 675 698 702 unam
717 675 768 702 ex
792 657 931 702 tribus
959 656 1218 701 tricesimam
1243 664 1407 698 sextam
1443 668 1588 696 secum
1613 650 1764 705 ducit,

387 738 495 784 duas
521 740 562 783 in
592 740 827 800 AEgyptum
855 737 909 781 ad
935 738 1149 782 Caesarem
1183 735 1338 790 mittit,
1367 732 1521 777 litteris
1544 732 1637 793 ejus
1663 748 1765 776 evo-

387 828 502 864 catas
527 837 536 863 :
559 835 744 880 quarum
767 817 903 862 altera
931 819 975 861 in
999 815 1114 860 bello
1138 814 1419 860 alexandrino
1439 829 1528 857 non
1553 813 1764 867 occurrit,

388 898 507 959 quod
547 899 702 942 itinere
734 898 927 942 terrestri
954 913 1033 957 per
1062 896 1228 957 Syriam
1255 904 1348 938 erat
1379 893 1522 937 missa.
1553 891 1767 953 Adjungit

387 982 466 1024 Cn.
489 980 709 1023 Domitius
732 978 893 1039 legioni
917 993 1060 1022 xxxvi
1084 975 1191 1019 duas
1219 975 1272 1018 ab
1307 975 1536 1036 Dejotaro,
1563 990 1672 1034 quas
1693 972 1765 1017 ille

388 1058 616 1119 disciplina
641 1068 770 1118 atque
794 1066 1015 1101 armatura
1045 1065 1193 1099 nostra
1218 1053 1462 1115 complures
1500 1070 1636 1098 annos
1670 1069 1767 1097 con-

388 1139 560 1182 stitutas
594 1137 808 1193 habebat,
853 1137 1106 1197 equitesque
1149 1144 1324 1178 centum
1360 1150 1369 1176 :
1408 1133 1675 1194 totidemque
1712 1133 1767 1176 ab

386 1218 678 1262 Ariobarzane
702 1217 846 1260 sumit.
875 1217 1013 1260 Mittit
1038 1217 1082 1259 P.
1113 1215 1310 1258 Sextium
1335 1212 1390 1256 ad
1414 1215 1461 1258 C.
1487 1211 1737 1257 Plaetorium
1755 1247 1766 1269 ,

387 1307 647 1357 quaestorem
664 1333 674 1352 ,
702 1307 751 1341 ut
775 1296 993 1358 legionem
1019 1295 1280 1350 adduceret,
1307 1311 1403 1355 quae
1443 1310 1492 1337 ex
1529 1292 1764 1337 tumultua-

387 1378 462 1422 riis
491 1377 702 1421 militibus
730 1379 774 1421 in
800 1379 941 1421 Ponto
973 1376 1166 1420 confecta
1187 1383 1299 1429 erat,
1324 1375 1655 1434 Quinctumque
1685 1375 1767 1417 Pa-

388 1460 535 1502 tisium
574 1460 617 1502 in
657 1457 853 1503 Ciliciam
881 1457 935 1501 ad
982 1455 1143 1500 auxilia
1175 1454 1445 1500 arcessenda.
1479 1454 1590 1510 Quae
1630 1453 1766 1514 copiae

389 1538 586 1583 celeriter
606 1555 755 1582 omnes
770 1539 892 1598 jussu
917 1538 1099 1581 Domitii
1129 1539 1321 1580 Comana
1347 1543 1659 1579 convenerunt.

451 1619 637 1662 XXXV.
664 1618 844 1660 Interim
868 1616 996 1678 legati
1019 1632 1043 1659 a
1064 1616 1289 1659 Pharnace
1312 1630 1517 1675 responsa
1537 1612 1728 1657 referunt
1759 1630 1767 1656 :

389 1695 707 1758 «Cappadocia
735 1713 778 1739 se
812 1695 1064 1750 decessisse,
1106 1695 1355 1738 Armeniam
1397 1694 1610 1736 minorem
1650 1709 1770 1736 rece-

389 1778 521 1836 pisse,
548 1791 679 1835 quam
707 1785 888 1835 paterno
919 1775 1096 1817 nomine
1118 1773 1216 1832 jure
1243 1773 1441 1815 obtinere
1469 1771 1666 1826 deberet3
1702 1772 1772 1816 de-

393 1856 522 1915 nique
544 1855 634 1914 ejus
658 1855 780 1914 regni
805 1869 935 1897 eausa
961 1854 1130 1913 integra
1155 1852 1316 1896 Caesari
1344 1860 1590 1895 servaretur
1614 1868 1623 1895 z
1650 1867 1773 1912 para-

393 1945 482 1978 tum
507 1935 620 1978 enim
646 1950 689 1977 se
714 1933 872 1989 facere,
899 1931 1018 1993 quod
1045 1933 1078 1975 is
1103 1932 1335 1975 statuisset.
1363 1951 1383 1971 »
1420 1933 1500 1976 Cn.
1531 1931 1772 1986 Domitius,

391 2030 525 2074 quum
550 2012 935 2068 animadverteret,
968 2029 1066 2056 eum
1092 2011 1372 2072 Cappadocia
1398 2011 1653 2067 decessisse,
1683 2027 1771 2054 non

392 2093 616 2138 voluntate
639 2092 896 2148 adductum,
927 2092 1002 2136 sed
1027 2093 1301 2146 necessitate,
1339 2091 1456 2151 quod
1490 2089 1660 2135 facilius
1691 2093 1771 2134 Ar·

392 2175 580 2217 naeniam
604 2171 836 2217 defendere
860 2181 1026 2234 posset,
1055 2172 1296 2232 subjectam
1333 2188 1411 2215 suo
1452 2187 1607 2232 regno,
1641 2186 1772 2231 quam

393 2252 735 2314 Cappadociam,
762 2251 934 2313 longius
959 2261 1192 2307 remotam,
1219 2251 1423 2312 quodque
1443 2267 1590 2295 omnes
1611 2260 1695 2294 tres
1719 2249 1775 2294 le·

395 2334 541 2392 giones
559 2332 850 2376 adducturum
872 2333 1118 2376 Domitium
1146 2342 1337 2393 putasset
1361 2331 1440 2392 (ex
1460 2332 1618 2392 quibus
1635 2347 1772 2391 quum

396 2430 426 2457 il
451 2412 505 2456 ad
534 2415 745 2458 Caesarem
786 2413 934 2456 missas
972 2412 1183 2466 audisset,
1227 2412 1434 2456 audacius
1479 2413 1522 2455 in
1565 2411 1772 2456 Armenia

396 2492 696 2553 substitisset),
723 2508 1000 2554 perseverare
1030 2494 1179 2553 coepit,
1210 2513 1230 2533 «
1265 2502 1312 2535 ut
1346 2509 1398 2535 eo
1429 2506 1602 2552 quoque
1636 2506 1772 2551 regno

396 2571 623 2616 decederet
644 2589 652 2615 :
675 2589 816 2632 neque
838 2572 954 2615 enim
974 2570 1091 2615 aliud
1109 2573 1179 2632 jus
1199 2588 1291 2616 esse
1309 2570 1619 2632 Cappadociae,
1640 2579 1772 2629 atque

394 2653 607 2695 Armenia:
637 2669 645 2695 :
682 2669 760 2696 nec
788 2653 902 2712 juste
934 2667 1032 2695 eum
1061 2650 1298 2711 postulare,
1332 2661 1379 2695 ut
1409 2652 1453 2694 in
1486 2651 1664 2695 Caesaris
1693 2649 1770 2693 ad-
