1972 3356
351 270 423 307 188
561 273 600 308 C.
633 273 761 308 JULII
791 273 1010 311 CAESARIS
1041 274 1533 310 COMMENTARIORUM

348 355 576 399 iracundia
611 365 653 400 et
682 358 944 416 temeritas,
971 376 1068 420 quae
1103 358 1292 402 maxime
1324 356 1388 400 illi
1415 359 1648 402 hominum
1677 375 1752 418 ge-

347 435 440 478 neri
458 445 524 479 est
548 437 723 493 innata,
742 448 791 482 ut
815 437 956 483 levem
976 440 1251 484 auditionem
1271 439 1435 483 habeat
1458 456 1539 500 pro
1562 456 1609 483 re
1634 455 1753 483 eom-

346 524 484 577 perta.
527 518 651 561 Bona
692 518 856 564 civium
897 537 1185 565 romanorum
1225 520 1464 581 diripiunt,
1507 519 1643 563 caedes
1686 519 1751 563 fa-

345 597 493 654 ciunt,
520 597 566 641 in
596 600 856 644 servitutem
884 601 1163 646 abstrahunt.
1193 601 1386 662 Adjuvat
1413 618 1504 645 rem
1529 599 1750 662 proclina-

346 687 438 722 tam
459 679 849 736 Convictolitanis,
868 681 1133 743 plebemque
1152 682 1206 726 ad
1226 683 1425 726 furorem
1447 680 1660 743 impellit,
1679 690 1752 737 ut,

345 759 543 804 facinore
564 760 775 817 admisso,
799 762 854 806 ad
882 764 1115 808 sanitatem
1140 764 1303 825 pudeat
1330 764 1505 807 reverti.
1534 766 1596 808 M.
1628 764 1752 808 Aris-

344 842 477 897 tium,
515 841 746 887 tribunum
782 843 997 901 militum,
1034 846 1117 888 iter
1148 845 1203 889 ad
1235 844 1453 906 legionem
1490 844 1749 901 facientem,

345 921 446 966 data
471 921 576 977 fide,
596 939 649 967 ex
673 924 841 985 oppido
859 924 1094 969 Cabillono
1118 925 1316 970 educunt
1341 944 1350 969 :
1377 925 1492 969 idem
1517 925 1661 970 facere
1681 942 1752 969 co-

345 1013 459 1065 gunt
479 1020 551 1048 eos
575 1005 651 1065 qui
676 1005 932 1067 negotiandi
956 1023 1086 1050 causa
1110 1006 1170 1050 ibi
1202 1007 1509 1051 constiterant.
1533 1010 1624 1051 Hos
1647 1023 1752 1050 con-

346 1085 473 1128 tinuo
502 1085 546 1128 in
573 1086 731 1129 itinere
756 1086 929 1141 adorti,
959 1087 1166 1130 omnibus
1196 1087 1525 1148 impedimentis
1555 1098 1751 1141 exuunt3

344 1175 642 1227 repugnantes
663 1166 779 1210 diem
803 1177 1070 1228 noctemque
1099 1167 1326 1223 obside1113
1348 1167 1498 1211 multis
1527 1169 1751 1229 utrimque

346 1245 614 1302 interfectis,
641 1248 856 1308 majorem
886 1247 1221 1293 multitudinem
1248 1249 1302 1292 ad
1329 1266 1449 1293 arma
1475 1250 1714 1293 concitant.

408 1329 571 1372 XLIII.
601 1330 786 1373 Interim
822 1331 980 1374 nuntio
1017 1329 1176 1387 allato,
1210 1347 1364 1374 01111105
1397 1346 1551 1374 eorum
1589 1329 1751 1375 milites

346 1408 390 1452 in
427 1419 644 1469 potestate
679 1412 863 1455 Caesaris
907 1413 1067 1468 teneri,
1104 1421 1379 1456 concurrunt
1415 1411 1470 1455 ad
1510 1412 1751 1465 Aristiu1n3

346 1490 456 1534 nihil
485 1490 663 1552 publico
691 1493 856 1538 factum
886 1493 1070 1539 consilio
1101 1495 1434 1549 demonstrant3
1461 1495 1749 1555 quaestionem

347 1570 400 1615 de
431 1571 559 1617 bonis
588 1573 771 1635 direptis
808 1575 1075 1631 decernunt,
1106 1577 1293 1620 Litax'ici
1335 1575 1609 1636 fratrumque
1634 1576 1749 1620 bona

346 1652 594 1714 publicant;
623 1654 790 1718 legatos
816 1657 870 1701 ad
894 1659 1111 1701 Caesarem
1140 1658 1205 1701 sui
1235 1657 1454 1719 purgandi
1481 1658 1620 1719 gratia
1650 1658 1751 1701 mit-

347 1746 461 1780 tunt.
492 1739 595 1781 Haec
631 1738 797 1782 faciunt
832 1739 1240 1800 recuperandorum
1267 1756 1448 1783 suorum
1477 1756 1605 1783 causa
1638 1757 1646 1782 :
1676 1739 1751 1782 scd

345 1821 637 1864 contaminati
678 1820 900 1875 facinore,
938 1831 979 1865 et
1021 1823 1137 1882 capti
1174 1821 1441 1882 compendio
1479 1838 1530 1865 cx
1567 1822 1750 1883 direptis

345 1899 492 1957 bonis,
514 1901 633 1961 quod
651 1918 700 1945 ea
723 1919 792 1946 res
815 1902 868 1946 ad
893 1901 1056 1946 multos
1077 1903 1349 1963 pertinebat,
1374 1914 1415 1947 et
1439 1905 1595 1947 timore
1612 1921 1749 1964 poenae

346 1982 567 2039 exterriti,
597 1981 779 2027 consilia
809 1983 921 2027 clam
948 1983 1001 2028 de
1034 1982 1151 2027 bello
1184 1985 1295 2028 inire
1326 1985 1568 2046 incipiunt,
1602 1985 1750 2029 civita-

347 2071 498 2122 tesque
523 2063 712 2125 reliquas
735 2063 1028 2126 legationibus
1049 2064 1299 2109 sollicitant.
1321 2068 1434 2124 Qua‘,
1456 2066 1628 2111 tametsi
1653 2067 1748 2111 Cae-

343 2159 411 2186 sar
440 2143 734 2206 intelligebat,
765 2156 933 2202 tamen,
965 2163 1098 2207 quam
1125 2147 1355 2191 mitissime
1383 2158 1552 2208 potest,
1581 2146 1747 2209 legatos

345 2223 541 2285 appellat
567 2243 575 2269 :
601 2225 768 2270 «Nihil
804 2243 871 2284 se,
908 2238 1091 2289 propter
1121 2229 1399 2272 inscientiam
1432 2227 1745 2289 levitatemque

344 2305 486 2367 vulgi,
503 2308 680 2368 gravius
697 2307 750 2352 de
768 2308 943 2352 civitate
955 2308 1176 2370 judicare,
1192 2326 1334 2370 neque
1354 2309 1407 2353 de
1424 2326 1501 2353 sua
1522 2310 1566 2353 in
1583 2309 1747 2354 AEduos

344 2387 651 2433 benevolentia
678 2389 987 2434 deminuere.»
1011 2392 1129 2451 Ipse,
1155 2392 1368 2452 majorem
1392 2389 1548 2435 Galliae
1573 2399 1742 2434 motuni

343 2478 622 2529 exspectans,
648 2488 702 2514 ne
731 2471 784 2515 ab
808 2471 1014 2515 omnibus
1043 2473 1293 2516 civitatibus
1318 2473 1743 2522 circumsisteretur,

344 2549 525 2594 consilia
552 2551 719 2609 inibat,
749 2552 1125 2613 quemadmodum
1149 2553 1202 2596 ab
1230 2554 1455 2615 Gergovia
1479 2552 1744 2607 discederet,

343 2647 393 2674 ae
422 2648 574 2676 rursus
602 2649 780 2676 omnem
810 2634 1050 2677 exercitum
1079 2634 1388 2689 contraheret3
1420 2650 1474 2677 110
1508 2633 1742 2694 profectio,

345 2721 444 2754 nata
471 2711 524 2755 ab
552 2713 708 2757 timore
729 2713 1007 2771 desectionis,
1030 2714 1183 2759 similis
1207 2715 1318 2776 sugae
1341 2713 1576 2758 videretur.
