1972 3356
432 247 504 293 278
665 248 704 281 C.
732 246 860 280 JULII
889 245 1107 280 CAESARIS
1136 243 1396 279 COMMENT.
1428 245 1573 280 LIBER

430 329 662 389 Pompeius
679 363 691 379 ‚
710 326 812 371 Ulia
829 345 968 390 prope
984 337 1108 389 capta
1124 363 1135 384 ,
1158 326 1312 371 litteris
1334 327 1480 371 fratris
1495 328 1679 383 excitus,
1703 344 1801 371 cuin

429 410 563 470 copiis
589 409 645 453 ad
667 408 918 454 Cordubam
941 410 1025 453 iter
1048 409 1189 453 facere
1217 409 1359 469 coepit,

491 492 545 534 V.
572 492 737 547 Caesar,
759 506 896 551 quum
935 489 990 533 ad
1024 489 1187 533 flumen
1215 489 1368 533 Baetim
1402 488 1619 543 venisset,
1661 504 1803 548 neque

428 581 608 633 propter
634 570 910 615 altitudinem
943 569 1134 613 fluminis
1171 569 1357 612 transire
1393 576 1558 628 posset,
1587 566 1804 628 lapidibus

428 652 581 716 corbes
611 651 761 714 plenos
789 651 973 695 demisit.
997 652 1083 707 Ita,
1114 650 1293 709 insuper
1315 658 1449 709 ponte
1486 647 1624 702 facto,
1661 648 1807 708 copias

428 733 482 779 ad
506 728 891 793 castra'tripartito
915 730 1172 776 transduxit.
1198 729 1425 773 Tenebant
1452 727 1659 772 adversus
1684 729 1807 788 oppi-

427 815 769 875 dum-etregione
788 813 934 874 pontis
948 812 1094 856 trabes
1110 845 1121 869 ,
1137 820 1186 856 ut
1212 827 1344 872 supra
1369 809 1643 870 scripsimus,
1665 809 1807 870 bipar-

426 895 524 939 tito.
549 897 658 939 ,Huc
684 911 820 954 quum
850 893 1084 953 Pompeius
1113 908 1214 936 cum
1242 892 1329 935 suis
1356 891 1492 951 copiis
1518 890 1721 941 venisset,
1755 904 1807 932 ex

426 975 609 1019 adverso
634 975 727 1035 pari
750 975 919 1018 ratione
949 983 1090 1017 castra
1116 974 1253 1033 ponit.
1280 974 1449 1027 Caesar,
1471 980 1520 1014 ut
1544 987 1644 1015 eum
1663 970 1717 1014 ab
1731 986 1807 1030 op-

426 1055 530 1116 pido
546 1063 883 1114 commeatuque
897 1051 1169 1108 excluderet,
1186 1052 1411 1095 brachium
1440 1051 1492 1094 ad
1525 1060 1703 1111 pontem
1727 1050 1807 1094 du-

425 1152 522 1179 cere
547 1135 691 1196 coepit.
721 1135 821 1178 Pari
858 1134 960 1177 item
1003 1133 1253 1177 conditione
1290 1132 1535 1192 Pompeius.
1573 1131 1654 1175 Hic
1697 1131 1809 1175 inter

425 1215 555 1259 duces
581 1214 692 1258 duos
721 1214 770 1258 fit
792 1214 1044 1267 contentio,
1069 1222 1165 1256 uter
1193 1212 1314 1274 prius
1344 1221 1522 1272 pontem
1551 1220 1806 1272 occuparet:

424 1313 474 1339 ex
495 1312 579 1356 qua
602 1295 885 1340 contentione
899 1294 1156 1355 quotidiana
1180 1293 1350 1337 minuta
1372 1291 1522 1353 proelia
1544 1291 1708 1336 fiebant
1727 1326 1738 1348 ,
1761 1302 1809 1335 ut

425 1377 556 1421 modo
573 1377 619 1420 hi
633 1411 644 1433 ,
660 1376 793 1420 modo
808 1375 868 1420 illi
885 1376 1132 1437 superiores
1148 1373 1434 1418 discederent.
1459 1373 1571 1430 Quae
1583 1389 1652 1418 res
1673 1389 1809 1434 quum

425 1457 480 1502 ad
504 1458 717 1518 majorem
742 1457 1068 1501 contentionem
1094 1456 1299 1511 venisset,
1324 1454 1378 1498 ab
1393 1455 1589 1515 utrisque
1608 1454 1809 1498 cominus

425 1555 570 1600 pugna
595 1538 748 1594 fiebat,
788 1539 832 1581 in
864 1553 951 1598 qua
976 1535 1081 1580 dum
1115 1535 1319 1596 cupidius
1355 1533 1498 1579 locum
1528 1533 1705 1579 student
1742 1543 1807 1578 te-

425 1635 529 1662 nere
547 1653 558 1674 ‚
580 1628 760 1678 propter
779 1626 956 1678 pontem
974 1616 1380 1676 coangustabantur
1396 1648 1406 1666 ‚
1425 1624 1468 1658 et
1483 1614 1676 1658 fluminis
1702 1614 1809 1675 ripis

424 1698 835 1759 appropinquantes
856 1696 1133 1757 coangustati
1156 1695 1556 1756 praecipitabantur.
1577 1696 1658 1739 Hic
1683 1693 1808 1739 alteri

424 1776 570 1821 alteris
601 1793 690 1819 non
718 1776 861 1819 solum
891 1784 1075 1818 mortem
1104 1775 1233 1818 morti
1265 1774 1611 1836 exaggerabant,
1639 1773 1713 1818 sed
1742 1784 1809 1818 tu-

425 1856 566 1901 mulos
595 1855 775 1900 tumulis
801 1855 1099 1916 exaequabant.
1126 1857 1192 1898 lta
1221 1854 1376 1898 diebus
1405 1852 1706 1916 compluribus
1733 1872 1809 1899 cu-

424 1937 571 1999 piebat
590 1938 758 1993 Caesar,
787 1938 821 1980 si
851 1953 935 1997 qua
963 1935 1217 1980 conditione
1253 1944 1422 1996 posset,
1459 1935 1731 1980 adversarios
1763 1936 1806 1979 in

425 2034 598 2078 aequum
626 2016 770 2061 locum
796 2015 1038 2071 deducere,
1068 2025 1109 2060 et
1138 2016 1278 2077 primo
1306 2031 1482 2077 quoque
1520 2025 1720 2077 tempore
1755 2014 1809 2060 de

424 2097 541 2142 bello
566 2097 816 2142 decernere.

489 2179 565 2222 VI.
583 2177 633 2221 Id
647 2195 784 2239 quum
803 2177 1170 2221 animadverteret
1183 2177 1456 2221 adversarios
1480 2178 1662 2221 minime
1676 2175 1785 2221 velle
1797 2212 1808 2233 ,

426 2275 534 2318 quos
559 2257 654 2302 ideo
680 2275 704 2302 a
727 2259 794 2302 via
816 2267 1079 2313 retraxerat,
1110 2267 1156 2302 ut
1184 2259 1227 2301 in
1254 2274 1428 2319 aequum
1454 2257 1715 2315 deduceret,
1736 2274 1809 2302 co-

426 2339 508 2399 piis
530 2338 693 2382 flumen
726 2338 1011 2395 transductis,
1039 2348 1171 2382 noctu
1192 2339 1317 2398 jubet
1347 2340 1467 2400 ignes
1492 2338 1586 2383 fleri
1611 2354 1806 2400 magnos.

427 2421 514 2475 Ita,
537 2418 833 2463 firmissimum
852 2419 946 2480 ejus
972 2418 1221 2480 praesidium
1236 2455 1247 2473 ‚
1270 2422 1481 2481 Ateguam
1500 2419 1803 2480 proficiscitur.

424 2499 476 2543 Id
492 2516 627 2560 quum
645 2500 881 2561 Pompeius
907 2516 958 2558 ex
986 2499 1176 2562 perfugis
1202 2500 1426 2557 rescisset,
1446 2516 1495 2545 ea
1523 2500 1593 2544 die
1617 2516 1695 2561 per
1721 2499 1807 2544 via-

428 2597 524 2624 rum
568 2581 791 2643 angustias
828 2598 951 2625 carra
989 2580 1219 2641 complura
1252 2580 1501 2642 multasque
1532 2578 1706 2624 balistas
1739 2596 1805 2623 re-

429 2662 576 2717 traxit,
605 2672 646 2706 et
673 2661 725 2705 ad
755 2661 1007 2706 Cordubam
1040 2678 1082 2705 sc
1111 2663 1285 2723 recepit.
1316 2664 1458 2707 Ctesar
1487 2660 1804 2705 munitionibus
