1972 3356
504 247 573 282 DE
603 247 763 283 BELLO
792 247 1006 282 GALLICO
1037 248 1128 282 LIB.
1156 248 1239 284 VII.
1511 244 1582 294 189

240 333 402 377 XLIV.
434 333 538 376 Haec
568 332 783 393 cogitanti
813 330 1014 375 accidere
1041 332 1135 375 visa
1164 340 1230 376 est
1258 329 1445 375 facultas
1471 331 1584 374 bene

175 413 379 475 gerendae
406 414 483 457 rei.
514 414 632 458 Nam
655 430 796 474 quum
819 413 993 457 minora
1016 414 1061 456 in
1087 423 1232 458 castra
1248 414 1396 475 operis
1421 414 1586 474 perspi-

177 494 322 539 ciendi
343 511 473 539 causa
495 495 708 550 venisset,
734 492 1051 537 animadvertit
1076 493 1232 538 collem
1248 529 1259 551 ,
1280 495 1357 555 qui
1378 494 1432 538 ab
1454 493 1588 538 hosti-

176 576 259 621 bus
299 575 553 631 tenebatur,
595 574 814 619 nudatum
851 574 1130 630 hominibus,
1168 575 1245 635 qui
1283 576 1587 636 superioribus

177 656 332 701 diebus
347 657 422 700 vix
435 672 525 717 prae
541 654 831 699 multitudine
846 655 968 699 cerni
985 664 1173 716 poterat.
1192 655 1451 700 Admiratus
1470 674 1588 717 quae-

177 739 235 782 rit
264 755 317 782 ex
341 737 538 799 perfugis
566 753 764 792 causam,
794 752 988 797 quorum
1017 752 1206 798 magnus
1232 736 1287 780 ad
1310 753 1412 780 eum
1437 738 1586 798 quoti-

177 818 247 862 die
283 835 497 863 numerus
528 816 795 862 confluebat.
833 817 1081 862 Constabat
1112 819 1230 862 inter
1255 834 1431 874 omnes,
1467 819 1589 880 quod

172 901 264 962 jam
284 901 378 962 ipse
398 902 547 945 Caesar
562 916 642 961 per
665 898 968 961 exploratores
986 909 1280 962 cognoverat,
1296 899 1479 945 dorsum
1497 917 1589 945 esse

176 983 270 1044 ejus
294 983 391 1044 jugi
418 998 556 1044 prope
579 998 776 1042 aequum,
805 980 880 1025 sed
909 979 1109 1025 silvestre
1138 990 1180 1025 et
1208 992 1472 1043 angustum,
1501 999 1589 1044 qua

177 1073 290 1108 esset
317 1063 461 1108 aditus
492 1062 545 1107 ad
571 1062 757 1106 alteram
786 1061 941 1123 oppidi
969 1072 1142 1123 partem
1169 1079 1177 1106 :
1206 1062 1310 1107 huic
1334 1062 1430 1107 loco
1453 1063 1588 1108 vehe-

182 1154 356 1189 menter
383 1143 482 1188 illos
503 1144 681 1200 timere,
706 1159 789 1187 nec
808 1143 897 1204 jam
929 1142 1058 1187 aliter
1083 1144 1265 1199 sentire,
1284 1161 1376 1188 uno
1401 1143 1512 1189 colle
1535 1145 1590 1189 ab

178 1226 392 1270 Romanis
432 1235 670 1287 occupato,
708 1225 742 1267 si
780 1222 971 1268 alterum
1006 1225 1277 1281 amisissent,
1317 1226 1425 1287 quin
1466 1243 1591 1287 paene

179 1306 523 1362 circumvallati,
548 1316 681 1367 atque
696 1306 818 1349 omni
842 1306 962 1349 exitu
986 1315 1027 1350 et
1048 1305 1335 1367 pabulatione
1362 1306 1590 1352 interclusi

181 1388 440 1433 viderentur
459 1407 466 1432 :
493 1387 548 1431 ad
568 1387 686 1431 hunc
709 1386 1005 1430 muniendum
1027 1386 1173 1432 locum
1193 1405 1346 1433 omnes
1371 1405 1396 1432 a
1411 1390 1592 1433 Vercin-

180 1470 378 1532 getorige
400 1480 618 1514 evocatos,

243 1552 381 1595 XLV.
414 1553 507 1595 Hac
536 1568 583 1596 re
608 1553 813 1614 cognita,
844 1555 989 1597 Caesar
1015 1552 1151 1596 mittit
1186 1550 1439 1613 complures
1467 1552 1591 1614 equi-

180 1643 275 1676 tum
300 1642 469 1677 turmas
498 1650 550 1677 eo
573 1632 627 1677 de
652 1633 797 1678 media
822 1643 953 1678 nocte
976 1651 984 1678 :
1011 1634 1061 1678 iis
1086 1634 1275 1695 imperat
1299 1643 1347 1677 ut
1368 1633 1502 1695 paulo
1522 1644 1591 1679 tu-

178 1713 448 1759 multuosius
473 1706 681 1760 omnibus
706 1716 750 1759 in
775 1715 882 1760 locis
901 1726 1266 1778 pervagarentur.
1293 1716 1440 1761 Prima
1467 1715 1589 1774 luce,

178 1813 390 1859 magnum
406 1814 646 1842 numerum
663 1798 1089 1859 impedimentorum
1105 1815 1158 1842 ex
1176 1799 1330 1843 castris
1347 1797 1591 1843 mulorum-

178 1895 264 1940 que
295 1878 503 1940 produci,
543 1895 656 1939 eque
689 1879 741 1923 iis
772 1889 1015 1923 stramenta
1051 1879 1248 1935 detrahi,
1279 1878 1591 1941 mulionesque

179 1977 278 2004 cum
306 1960 567 2017 cassidibus,
598 1960 798 2021 equitum
824 1962 969 2022 specie
998 1978 1048 2004 ac
1073 1959 1377 2017 simulatione,
1403 1960 1591 2006 collibus

179 2042 451 2086 circumvehi
481 2042 620 2103 jubet.
652 2043 732 2086 His
763 2059 928 2103 paucos
964 2042 1087 2086 addit
1119 2043 1316 2103 equites,
1348 2044 1425 2105 qui
1460 2042 1592 2088 latius

179 2124 491 2167 ostentationis
525 2141 657 2169 causa
686 2134 972 2186 vagarentur.
1005 2126 1163 2186 Longo
1189 2125 1381 2169 circuitu
1412 2124 1588 2169 easdem

180 2222 332 2250 omnes
353 2206 481 2267 jubet
515 2216 665 2267 petere
702 2206 919 2268 regiones.
945 2209 1050 2250 Haec
1074 2204 1229 2268 procul
1255 2222 1305 2250 ex
1335 2206 1502 2267 oppido
1527 2207 1592 2250 vi-

180 2286 415 2343 debantur,
440 2297 487 2331 ut
513 2297 604 2331 erat
625 2304 649 2331 a
673 2288 898 2349 Gergovia
920 2286 1154 2349 despectus
1179 2288 1223 2330 in
1250 2297 1414 2343 castra,
1446 2305 1590 2350 neque

181 2378 307 2413 tanto
335 2369 500 2430 spatio,
533 2370 643 2413 certi
671 2369 779 2431 quid
807 2379 939 2425 esset,
971 2368 1193 2430 explorari
1218 2379 1406 2430 poterat.
1437 2370 1592 2432 Legio-

180 2469 282 2496 nem
313 2469 448 2496 unam
480 2451 637 2496 eodem
665 2453 776 2514 jugo
812 2452 971 2509 mittit,
1005 2461 1047 2496 et
1095 2450 1278 2513 paulum
1311 2469 1589 2515 progressam

180 2533 389 2578 inferiore
435 2533 672 2578 constituit
717 2532 836 2588 loco,
881 2532 1091 2595 silvisque
1134 2531 1344 2578 occultat.
1386 2536 1590 2596 Augetur

181 2614 324 2661 Gallis
357 2616 572 2678 suspicio,
601 2626 735 2677 atque
769 2633 924 2661 omnes
947 2615 1025 2660 illo
1047 2615 1100 2660 ad
1127 2614 1424 2660 munitionem
1455 2616 1592 2677 copiae

182 2697 547 2743 transducuntur.
570 2700 724 2743 Vacua
743 2708 883 2742 castra
902 2698 1099 2742 hostium
1123 2698 1270 2741 Caesar
1292 2697 1590 2758 conspicatus,
