1972 3356
511 269 578 305 DE
605 269 770 305 BELLO
799 269 1018 305 GALLICO
1049 269 1140 304 LIB.
1165 269 1247 304 VII.
1511 283 1582 319 179

178 356 344 416 impetu
378 351 635 416 petiverunt
666 373 675 399 z
710 371 900 417 parsque
931 354 1011 411 ibi,
1038 371 1177 415 quum
1209 364 1399 416 angusto
1434 364 1584 415 porta-

179 454 275 481 rum
323 440 443 480 exitu
478 453 523 480 se
558 437 641 497 ipsi
676 445 951 497 premerent,
995 451 1019 478 a
1059 434 1296 492 militibus,
1330 452 1454 497 pars,
1493 435 1585 497 jam

179 534 351 578 egressa
372 517 532 578 portis,
554 517 609 561 ab
634 516 858 578 equitibus
881 526 947 559 est
969 515 1201 560 interfecta
1230 533 1238 560 :
1265 533 1346 561 nec
1366 516 1451 561 fuit
1475 516 1587 578 quis-

180 615 333 659 quam,
356 599 431 658 qui
456 597 612 658 praedae
630 597 838 641 studeret.
864 597 936 640 Sic
957 606 999 640 et
1017 597 1275 641 Genabensi
1293 597 1435 653 caede,
1459 608 1504 642 et
1527 596 1588 641 la·

180 682 286 725 bore
315 681 460 741 operis
492 681 687 736 incitati,
718 696 807 723 non
838 689 964 723 aetate
999 678 1232 735 confectis,
1264 695 1355 722 non
1389 678 1589 723 mulieri-

180 764 281 819 bus,
312 778 401 805 non
433 761 675 805 infantibus
706 769 1016 821 pepercerunt.
1056 760 1263 820 Denique
1300 776 1354 803 ex
1383 760 1504 802 omni
1538 776 1590 803 eo

182 859 390 899 numero,
432 842 508 903 qui
544 841 627 886 fuit
666 842 842 886 circiter
882 858 938 885 xL
977 839 1187 897 millium,
1224 841 1297 884 vix
1336 857 1477 897 DCCC,
1515 841 1589 901 qui

181 925 326 985 primo
350 922 544 968 clamore
564 922 717 967 audito
742 939 786 967 se
810 939 862 966 ex
883 921 1048 983 oppido
1076 922 1321 983 ejecerant,
1349 920 1592 966 incolumes

181 1004 236 1049 ad
266 1004 678 1066 Vercingetorigem
706 1012 1021 1065 pervenerunt.
1054 1004 1182 1062 Quos
1208 1002 1301 1059 ille,
1331 1001 1472 1047 multa
1501 1003 1592 1064 jam

182 1095 330 1140 nocte,
359 1084 537 1130 silencio
566 1102 617 1129 ex
645 1085 750 1146 fuga
781 1085 953 1145 excepit
984 1083 1195 1145 (veritus,
1226 1100 1281 1128 ne
1308 1100 1395 1145 qua
1424 1084 1469 1127 in
1500 1100 1594 1127 cas-

185 1169 265 1212 tris
288 1184 341 1211 ex
366 1183 520 1210 eorum
543 1183 764 1210 concursu
786 1175 827 1209 et
852 1164 1156 1209 misericordia
1178 1164 1301 1227 vulgi
1325 1164 1482 1209 seditio
1506 1165 1594 1209 ori-

191 1247 361 1308 retur),
382 1257 450 1303 ut,
473 1246 628 1308 procul
653 1247 697 1291 in
718 1247 789 1290 via
809 1246 1033 1307 dispositis
1053 1244 1343 1290 familiaribus
1364 1246 1452 1290 suis
1473 1246 1597 1306 prin-

189 1329 450 1390 cipibusque
463 1329 712 1385 civitatum,
729 1327 1021 1388 disparandos
1037 1326 1409 1388 deducendosque
1423 1326 1479 1371 ad
1494 1344 1596 1371 suos

190 1420 384 1468 curaret,
407 1427 503 1471 quae
520 1410 680 1471 cuique
703 1409 871 1454 civitati
889 1425 990 1469 pars
1019 1418 1267 1452 castrorum
1293 1408 1347 1452 ab
1372 1409 1501 1452 initio
1525 1410 1599 1453 ob-

188 1501 383 1536 venerat.

252 1574 419 1616 XXIX.
450 1573 633 1616 Postero
657 1571 728 1615 die
751 1570 941 1616 concilio
967 1581 1235 1627 convocato,
1256 1569 1508 1616 consolatus
1533 1587 1599 1615 co-

189 1654 479 1714 hortatusque
509 1663 601 1708 est,
631 1673 651 1694 «
682 1670 735 1697 ne
762 1670 807 1697 se
833 1652 1074 1697 admodum
1105 1653 1255 1696 animo
1289 1652 1598 1708 demitterent,

190 1751 299 1779 neve
327 1735 700 1796 perturbarentur
728 1734 1014 1779 incommodo
1038 1752 1046 1777 :
1075 1751 1163 1778 non
1190 1735 1356 1778 virtute
1382 1750 1526 1795 neque
1551 1734 1596 1777 in

190 1817 284 1860 acie
314 1817 470 1860 vicisse
501 1819 749 1871 Romanos,
779 1815 855 1860 sed
886 1816 1076 1860 artificio
1107 1815 1303 1877 quodam
1337 1826 1380 1860 et
1417 1816 1600 1860 scientia

191 1897 557 1959 oppugnationis,
578 1898 704 1958 cujus
725 1898 789 1941 rei
812 1897 975 1941 fuerint
1004 1897 1087 1957 ipsi
1114 1897 1309 1958 imperiti
1337 1915 1345 1941 :
1371 1913 1537 1955 errare,
1563 1899 1597 1941 si

192 1979 269 2039 qui
300 1979 346 2022 in
379 1977 495 2022 bello
529 1994 681 2022 omnes
714 1977 932 2022 secundos
966 1994 1116 2022 rerum
1149 1987 1393 2039 proventus
1423 1995 1601 2040 exspec-

195 2070 289 2104 tent
317 2077 326 2103 :
357 2060 439 2103 sibi
475 2076 705 2121 nunquam
733 2059 951 2120 placuisse
987 2060 1226 2104 Avaricum
1255 2059 1452 2117 defendi,
1477 2061 1599 2121 cujus

195 2142 258 2185 rei
282 2151 415 2185 testes
439 2142 555 2202 ipsos
581 2141 786 2195 haberet3
809 2140 886 2185 sed
911 2141 1078 2185 factum
1108 2141 1409 2202 imprudentia
1434 2143 1600 2186 Bituri—

197 2239 326 2284 gum,
357 2232 400 2266 et
429 2223 566 2266 nimia
588 2222 879 2282 obsequentia
906 2221 1207 2283 reliquorum,
1231 2223 1296 2267 uti
1323 2223 1407 2268 hoc
1435 2224 1602 2268 incom-

197 2302 382 2347 modum
417 2304 694 2364 acciperetur
727 2320 737 2347 :
772 2303 816 2347 id
855 2313 1002 2348 tamen
1039 2321 1083 2347 se
1126 2303 1329 2349 celeriter
1360 2305 1602 2366 majoribus

198 2384 443 2429 commodis
474 2393 746 2429 sanaturum.
776 2386 892 2429 Nam
919 2402 1016 2446 quae
1043 2386 1097 2429 ab
1124 2384 1306 2446 reliquis
1329 2385 1469 2431 Gallis
1496 2388 1603 2431 civi-

199 2475 310 2510 tates
331 2465 637 2521 dissentirent,
658 2466 735 2510 has
757 2483 835 2510 sua
858 2465 1088 2529 diligentia
1113 2467 1451 2528 adjuncturum,
1471 2479 1603 2530 atque

199 2564 337 2592 unum
378 2545 613 2591 consilium
651 2548 786 2592 totius
823 2547 979 2593 Galliae
1014 2548 1299 2606 effecturum,
1333 2550 1459 2611 cujus
1500 2566 1604 2594 con-

199 2645 329 2673 sensu
353 2646 408 2672 ne
436 2629 555 2673 orbis
583 2629 761 2690 quidem
792 2639 1009 2674 terrarum
1035 2631 1174 2691 possit
1201 2631 1410 2675 obsistere
1433 2648 1442 2675 :
1471 2631 1603 2693 idque

203 2725 247 2753 se
280 2726 418 2771 prope
438 2710 530 2770 jam
562 2709 769 2754 effectum
798 2710 974 2755 habere.
1007 2713 1181 2755 lnterea
1207 2727 1381 2772 aequum
1407 2729 1521 2770 esse,
1550 2714 1604 2756 ab

1344 2812 1410 2840 12.
