2024 3366
367 269 387 315 ij
767 265 1032 300 PRAEFATIO
1061 266 1360 301 GENERALIS.

368 353 457 413 ipsa
487 368 618 412 quam
648 351 838 395 diximus
867 351 1152 395 materiarum
1185 353 1434 412 congerieS,
1466 355 1764 399 scrutantibus

366 453 408 487 et
447 443 776 487 secernentibus
805 460 897 487 non
931 443 1068 502 adsit,
1098 443 1173 488 sed
1211 444 1340 488 obsit.
1371 445 1552 489 Parcius
1576 445 1694 488 enim
1723 455 1765 489 et

366 533 629 594 prudentius
665 550 717 577 ex
749 543 838 578 tam
868 535 1153 596 promiscuis,
1186 545 1275 579 tam
1306 534 1514 592 turbatis,
1555 535 1766 580 divitibus

365 623 487 682 licet,
512 623 710 670 fontibus
734 626 1045 672 hauriendum.
1076 630 1203 673 Hanc
1230 644 1335 688 ergo
1364 629 1408 672 in
1433 629 1586 690 primis
1615 646 1766 673 curam

364 713 592 759 attulimus
623 726 667 760 et
698 717 1012 774 retinebimus,
1040 734 1096 762 ne
1127 718 1235 778 quid
1265 718 1534 775 obsoletum,
1566 737 1621 763 ne
1659 720 1767 780 quid

364 803 559 849 alienum
582 822 608 850 a
636 808 890 868 proposito,
920 824 976 851 ne
1003 807 1112 868 quid
1140 807 1297 853 inutile
1325 818 1368 852 et
1397 811 1583 853 nimium
1614 812 1660 854 in
1689 811 1766 855 has

364 906 536 941 nostras
562 896 739 942 notulas
765 899 929 960 irrepat
955 908 997 943 et
1018 899 1196 956 influat,
1222 916 1439 944 memores
1462 900 1628 946 scilicet
1651 901 1767 946 illius

365 987 586 1032 horatiani
612 1005 762 1033 versus
789 1007 797 1032 :

529 1126 654 1161 Omne
671 1138 947 1173 supervacuum
972 1127 1087 1174 pleno
1117 1127 1163 1162 de
1191 1135 1345 1174 pectore
1368 1137 1506 1167 manat.

363 1250 517 1307 Quum
551 1259 698 1294 autem
731 1251 854 1294 omni
883 1260 1080 1312 tempore
1105 1250 1150 1294 in
1176 1249 1460 1295 enucleandis
1485 1261 1684 1296 veterum
1714 1252 1767 1296 li-

361 1340 454 1385 bris
482 1340 677 1387 delectus
704 1352 748 1385 et
773 1341 932 1385 modus
966 1341 1056 1384 sint
1086 1340 1370 1401 requirendi,
1404 1351 1497 1386 tum
1528 1344 1770 1403 praesertim

364 1431 447 1475 hac
476 1441 630 1476 nostra
655 1441 782 1477 aetate
811 1449 820 1475 :
850 1431 1101 1476 breviorem
1126 1433 1244 1476 enim
1274 1432 1407 1477 hodie
1433 1442 1476 1477 et
1498 1432 1620 1478 velut
1647 1450 1768 1478 com-

363 1522 640 1585 pendiariam
663 1523 721 1568 ad
739 1522 966 1568 doctrinas
987 1525 1105 1569 viam
1130 1526 1390 1586 quaerimus,
1417 1534 1466 1570 ut
1491 1535 1595 1586 pote
1619 1524 1770 1570 multis

363 1614 459 1659 aliis
475 1615 677 1677 impediti
697 1614 947 1673 laboribus,
972 1616 1182 1677 gravibus
1209 1617 1326 1661 curis
1349 1617 1532 1673 intenti,
1556 1617 1768 1661 recentio-

365 1724 463 1751 rum
489 1705 736 1752 litterarum
761 1707 979 1753 illecebris
1002 1718 1045 1753 et
1070 1725 1218 1753 rerum
1245 1707 1442 1753 civilium
1473 1709 1773 1753 contentioni-

364 1798 446 1843 bus
471 1799 684 1844 distracti.
711 1802 928 1845 Praeterea
952 1801 1110 1844 veteris
1134 1810 1177 1844 et
1198 1799 1332 1844 medii
1353 1801 1434 1844 aevi
1460 1799 1624 1844 finibus
1645 1801 1771 1861 quasi

364 1891 643 1953 interpositi,
669 1889 810 1936 multa
834 1908 885 1936 ex
909 1892 1234 1953 praeteritarum
1256 1900 1435 1935 aetatum
1451 1889 1679 1934 laboribus
1701 1890 1771 1934 de-

363 1983 560 2041 trahere,
596 1999 848 2041 secernere,
889 1983 1091 2045 quaedam
1128 1982 1378 2044 relinquere
1414 1984 1637 2044 cogimur,
1675 1999 1772 2042 quae

364 2075 696 2120 renascentibus
722 2076 917 2138 primum
947 2076 1226 2136 antiquitatis
1253 2075 1400 2120 studio
1426 2084 1469 2119 et
1501 2073 1597 2119 luce
1622 2091 1771 2119 neces-

364 2167 497 2223 saria,
538 2168 702 2212 nostris
732 2178 880 2213 autem
915 2167 1082 2211 absona
1119 2168 1414 2228 temporibUS,
1446 2184 1528 2211 nos
1563 2166 1619 2211 ad
1651 2165 1771 2209 futu-

364 2275 463 2303 rum
496 2270 751 2321 pergentes,
784 2270 828 2305 et
858 2262 904 2304 in
936 2276 1073 2304 novas
1105 2270 1148 2305 et
1182 2261 1357 2320 ignotas
1388 2259 1534 2303 adhuc
1569 2259 1770 2319 regiones

365 2365 478 2394 caeco
515 2360 557 2394 et
599 2361 782 2412 potente
811 2350 965 2395 afflatu
1003 2350 1237 2412 impulsos,
1270 2359 1507 2394 onerarent
1548 2359 1591 2393 et
1625 2364 1770 2392 mora-

366 2450 531 2484 rentur.

431 2534 498 2576 En
523 2532 679 2591 habes,
707 2551 853 2580 AMicE
877 2551 1076 2591 LECTOR,
1097 2535 1393 2596 descriptum,
1418 2533 1588 2576 utinam
1612 2539 1655 2574 et
1678 2545 1772 2591 gra-

368 2630 482 2678 tum,
506 2638 682 2668 omnem
710 2627 850 2670 nostri
883 2637 1078 2672 tenorem
1103 2623 1268 2687 operis!
1288 2623 1423 2682 Quod
1442 2621 1598 2667 litteris
1623 2621 1770 2666 latinis

368 2728 560 2769 sacrum,
584 2714 814 2774 parisiensi
834 2718 1080 2762 Academiae
1101 2717 1362 2772 honestum,
1377 2713 1502 2758 almae
1519 2712 1768 2757 studiorum
