1972 3356
37 2008 40 2104 l

36 2118 41 2151 ἰ

579 217 646 251 DE
677 218 837 254 BELLO
870 219 1084 255 GALLICO
1115 220 1206 254 LIB.
1233 219 1296 254 IV.
1592 219 1639 255 83

238 308 330 355 tur,
349 300 635 359 sustinerent,
657 303 803 363 quoad
834 304 924 365 ipse
943 321 1043 348 cuni
1074 304 1269 349 exercitu
1295 305 1478 366 propius
1503 322 1642 350 acces-

237 381 373 425 sisset.

303 464 403 507 XII.
430 465 486 508 At
509 463 675 520 hostes,
701 466 773 508 ubi
795 466 989 525 primum
1016 476 1190 511 nostros
1213 469 1383 528 equites
1403 484 1641 530 conspexe-

239 553 362 599 runt,
384 560 575 604 quorum
594 554 688 588 erat
708 546 906 606 quinque
927 545 1116 591 millium
1143 564 1375 604 numerus,
1401 566 1541 610 quum
1561 551 1644 612 ipsi

233 622 327 668 non
347 623 538 686 amplius
556 641 674 670 DCCC
696 626 865 685 equites
885 625 1124 684 haberent,
1148 627 1268 688 quod
1288 629 1338 684 ii,
1358 630 1433 690 qui
1450 629 1645 676 frumen—

239 705 361 748 tandi
399 722 530 749 causa
564 706 707 750 ierant
745 716 868 750 trans
908 709 1105 764 Mosam,
1149 708 1350 753 nonduin
1391 710 1644 769 redierant,

239 785 347 830 nihil
380 786 637 832 timentibus
667 789 847 845 nostris,
881 789 1000 850 quod
1029 789 1162 853 legati
1191 807 1345 835 eorum
1378 791 1512 853 paulo
1544 803 1646 838 ante

239 884 262 910 a
288 869 461 912 Caesare
484 867 793 927 discesserant,
829 880 962 932 atque
996 871 1029 915 is
1061 871 1154 915 dies
1182 871 1369 917 induciis
1393 883 1486 918 erat
1506 874 1559 918 ab
1595 876 1646 918 iis

239 949 426 1010 petitus,
452 949 620 1010 impetu
648 950 786 1007 facto,
815 951 1016 996 celeriter
1047 962 1223 998 nostros
1255 955 1645 1015 perturbaverunt.

240 1033 410 1074 Rursus
439 1031 744 1076 resistentibus
769 1034 951 1089 nostris,
981 1034 1301 1079 consuetudine
1328 1053 1405 1080 sua
1430 1036 1485 1080 ad
1515 1035 1647 1097 pedes

240 1111 533 1169 desiluerunt,
561 1112 861 1174 subfossisque
889 1115 1034 1175 equis,
1067 1115 1459 1178 compluribusque
1486 1118 1648 1162 nostris

241 1192 442 1255 dejectis,
471 1193 665 1255 reliquos
696 1196 741 1238 in
770 1194 921 1257 fugam
952 1197 1265 1258 conjecerunt,
1296 1208 1428 1259 atque
1459 1199 1515 1243 ita
1547 1215 1647 1260 per-

243 1275 420 1318 territos
439 1285 647 1337 egerunt,
671 1286 721 1320 ut.
743 1293 831 1320 non
857 1277 978 1337 prius
1002 1277 1105 1339 fuga
1129 1277 1412 1336 desisterent,
1441 1297 1574 1342 quam
1604 1281 1648 1324 in

243 1366 531 1418 conspectum
564 1356 750 1418 agminis
782 1359 922 1401 nostri
959 1361 1196 1403 venissent.
1231 1364 1283 1404 In
1318 1377 1370 1404 eo
1406 1362 1562 1422 proelio
1597 1379 1649 1406 ex

244 1437 467 1498 equitibus
490 1439 654 1482 nostris
680 1437 1010 1483 interficiuntur
1039 1455 1085 1483 1v
1105 1450 1148 1483 et
1173 1457 1282 1497 Lxx,
1308 1442 1352 1484 in
1378 1441 1446 1486 his
1470 1443 1537 1486 vir
1562 1442 1651 1486 for·

245 1519 438 1563 tissimus
472 1519 573 1563 Piso
609 1519 866 1580 aquitanus,
898 1518 1173 1581 amplissimo
1206 1539 1367 1583 genere
1396 1533 1546 1581 natus,
1574 1541 1651 1568 cu-

238 1601 309 1662 jus
343 1617 450 1644 avus
473 1600 517 1644 in
553 1601 731 1645 civitate
762 1618 841 1645 sua
870 1619 1060 1664 regnum
1091 1603 1371 1661 obtinuerat,
1402 1606 1569 1650 amicus
1597 1606 1651 1650 ab

243 1690 399 1727 senatu
428 1691 581 1726 nostro
606 1681 867 1744 appellatus.
895 1684 980 1730 Hic
1006 1701 1145 1745 quum
1173 1684 1299 1729 fratri
1329 1685 1570 1731 intercluso
1598 1688 1652 1731 ab

241 1764 442 1808 hostibus
469 1762 683 1808 auxilium
708 1764 865 1821 ferret,
891 1764 1016 1810 illum
1042 1784 1098 1810 ex
1120 1766 1318 1828 periculo
1340 1769 1534 1830 eripuit:
1562 1770 1654 1830 ipse

243 1863 358 1907 equo
380 1845 615 1890 vulnerato
643 1846 863 1908 dejectus,
892 1847 1038 1907 quoad
1065 1849 1232 1910 potuit,
1264 1849 1502 1895 fortissime
1528 1853 1654 1896 resti-

245 1928 310 1972 tit.
344 1928 499 1984 Quum
523 1929 874 1984 circumventus,
897 1927 1050 1972 multis
1070 1927 1328 1975 vulneribus
1351 1933 1564 1993 acceptis,
1583 1950 1655 1977 ce-

245 2009 445 2066 cidisset,
470 2019 603 2070 atque
634 2007 678 2052 id
702 2008 839 2052 frater
853 2043 864 2064 ,
885 2009 961 2069 qui
978 2009 1070 2070 jain
1092 2008 1249 2070 proelio
1269 2024 1535 2071 excesserat,
1557 2031 1654 2075 pro-

247 2089 318 2135 cul
351 2089 754 2147 animadvertisset,
792 2090 976 2134 incitato
1012 2107 1127 2151 equo
1157 2107 1202 2135 se
1236 2092 1439 2138 hostibus
1471 2093 1655 2150 obtulit,

246 2181 380 2233 atque
404 2170 660 2215 interfectus
684 2181 762 2216 est.

311 2254 435 2297 XIII.
460 2255 555 2297 Hoc
579 2252 697 2296 facto
722 2251 898 2314 proelio,
927 2254 1074 2299 Caesar
1096 2271 1236 2316 neque
1259 2256 1352 2318 jam
1376 2257 1458 2302 sibi
1488 2256 1657 2321 legatos

248 2334 515 2389 audiendos⁷
555 2351 699 2396 neque
731 2334 1008 2381 conditiones
1042 2337 1320 2398 accipiendas
1353 2339 1658 2386 arbitrabatur

248 2417 301 2461 ab
325 2416 414 2473 liis,
444 2417 520 2477 qui
548 2433 627 2478 per
655 2415 807 2461 dolum
828 2426 962 2480 atque
981 2417 1184 2477 insidias,
1215 2420 1353 2481 petita
1377 2438 1510 2482 pace,
1536 2421 1657 2467 ultro

248 2497 415 2543 bellum
443 2497 720 2555 intulissent3
746 2508 1000 2560 exspectare
1020 2516 1146 2557 vero,
1170 2499 1276 2544 dum
1298 2501 1492 2547 hostium
1520 2504 1658 2564 copiae

249 2588 539 2641 augerentur,
575 2580 888 2641 equitatusque
916 2591 1237 2639 reverteretur,
1267 2599 1449 2628 summae
1478 2583 1658 2628 demen-

252 2661 320 2705 tiae
355 2677 448 2706 esse
487 2660 737 2722 judicabat,
780 2672 843 2719 et,
884 2664 1060 2725 cognita
1098 2662 1333 2708 Gallorum
1377 2664 1656 2723 infirmitate,

1419 2745 1460 2789 6.
