1972 3356
384 256 454 292 24²
620 249 658 282 C.
687 246 816 281 JULII
847 245 1062 281 CAESARIS
1093 244 1354 280 COMMENT.
1387 247 1532 281 LIBER

380 335 522 393 ipsum
549 328 733 373 militem
763 337 805 373 et
833 344 976 383 arma,
1003 344 1145 389 neque
1175 344 1248 371 vas
1269 362 1280 383 ,
1311 343 1451 387 neque
1469 329 1733 389 mancipium
1751 364 1761 384 ,

380 427 518 472 neque
542 408 676 454 ullam
702 425 819 467 rem,
846 425 943 470 quae
967 409 1063 453 usui
1091 407 1218 453 militi
1242 425 1332 452 esse
1353 408 1601 464 consuevit,
1626 408 1669 452 in
1698 426 1766 453 na-

379 509 450 536 ves
484 491 649 553 imponi
678 500 913 552 pateretur.
944 492 994 534 In
1033 489 1180 534 Africa
1211 499 1356 534 autem
1393 505 1479 533 non
1519 487 1651 533 modo
1684 489 1766 533 sibi

379 572 619 634 quidquam
654 588 744 615 non
776 571 1089 632 acquisierant,
1115 580 1191 614 aut
1219 579 1507 631 paraverant3
1533 569 1608 613 sed
1636 570 1767 614 etiam

377 663 557 714 propter
584 669 770 697 annonae
800 653 1052 707 caritatem,
1081 660 1182 695 ante
1208 660 1359 712 parata
1387 659 1765 712 consumpserant.

377 733 550 792 Quibus
574 733 704 777 rebus
720 733 933 778 attenuati
952 766 963 788 ,
979 731 1144 794 oppido
1159 748 1371 793 perquam
1394 731 1522 793 pauci
1537 731 1616 775 sub
1644 729 1767 792 pelli-

379 815 460 859 bus
486 814 845 875 acquiescebant:
861 812 1039 874 reliqui,
1058 829 1110 857 ex
1131 813 1396 857 vestimentis
1415 810 1656 856 tentoriolis
1682 810 1767 856 fac-

379 895 456 948 tis,
475 904 604 956 atque
625 893 913 939 arundinibus
934 894 1163 954 scopisque
1181 893 1417 949 contextis,
1434 891 1764 953 permanebant.

379 978 554 1037 Itaque,
600 975 744 1019 subito
788 974 925 1018 imbre
962 972 1262 1035 grandineque
1300 981 1560 1029 consecuta,
1599 972 1767 1034 gravati

381 1054 601 1115 pondere,
635 1054 827 1098 tenebris
861 1069 1061 1114 aquaque
1093 1069 1245 1096 omnes
1282 1052 1454 1096 subruti
1483 1051 1766 1113 disjectique,

380 1144 507 1179 nocte
522 1136 804 1196 intempesta,
830 1134 1008 1197 ignibus
1026 1133 1270 1189 exstinctis,
1286 1132 1504 1193 rebusque
1524 1132 1579 1176 ad
1603 1132 1766 1176 victum

381 1215 702 1275 pertinentibus
728 1215 932 1259 omnibus
962 1214 1202 1275 corruptiS,
1233 1229 1310 1274 per
1337 1222 1477 1256 castra
1506 1214 1664 1274 passim
1693 1229 1768 1257 va·

379 1295 623 1356 gabantur,
658 1296 880 1356 scutisque
914 1295 1056 1356 capita
1094 1295 1401 1355 contegebant.
1440 1293 1602 1338 Eadem
1640 1304 1768 1338 nocte

378 1376 542 1436 quintae
572 1375 757 1438 legionis
782 1374 975 1438 pilorum
1003 1377 1230 1420 cacumina
1257 1391 1333 1420 sua
1362 1385 1517 1437 sponte
1551 1384 1766 1420 arserunt.

441 1459 645 1502 XLVIII.
686 1459 777 1501 Rex
813 1458 988 1501 interim
1017 1457 1155 1510 Juba,
1188 1456 1241 1500 de
1275 1456 1463 1516 equestri
1490 1454 1645 1517 proelio
1670 1456 1763 1501 Sci-

377 1538 520 1599 pionis
541 1539 702 1582 certior
726 1537 886 1593 factus,
913 1548 1206 1598 evocatusque
1221 1537 1276 1581 ab
1291 1537 1444 1581 eodem
1467 1536 1640 1595 litteris,
1657 1555 1767 1599 prae-

378 1619 492 1663 fecto
520 1620 689 1663 Sabura
711 1635 810 1663 cum
840 1629 962 1679 parte
988 1619 1204 1663 exercitus
1222 1605 1382 1662 'contra
1408 1619 1567 1662 Sitium
1593 1618 1766 1672 relicto,

376 1709 424 1744 ut
448 1716 592 1745 secum
623 1701 713 1761 ipse
734 1697 902 1760 aliquid
930 1700 1203 1743 auctoritatis
1232 1698 1412 1743 adderet
1437 1700 1647 1743 exercitui
1673 1701 1765 1744 Sci-

374 1780 518 1839 pionis
536 1796 610 1834 ,ac
626 1789 836 1822 terrorem
855 1779 1061 1834 Coesaris,
1093 1794 1191 1822 cum
1220 1778 1358 1822 tribus
1381 1777 1627 1840 legionibus
1651 1781 1766 1840 equi-

376 1860 581 1920 tibusque
606 1859 782 1903 frenatis
803 1874 936 1915 DCCC,
962 1858 1166 1903 Numidis
1183 1859 1274 1902 sine
1295 1858 1445 1913 frenis,
1462 1859 1766 1921 peditibusque

375 1939 481 1984 levis
502 1950 735 1984 armaturae
757 1938 912 2001 grandi
930 1955 1136 1995 numero,
1150 1938 1483 2001 elephantisque
1509 1957 1602 1985 xxx
1621 1957 1764 2002 egres-

376 2038 446 2065 sus
479 2038 502 2065 e
531 2037 692 2083 regno,
724 2020 779 2065 ad
813 2021 1062 2081 Scipionem
1091 2029 1154 2065 est
1180 2020 1414 2082 profectus.
1442 2023 1677 2083 Postquam
1708 2023 1763 2067 ad

374 2118 474 2147 eum
499 2103 718 2163 pervenit,
745 2103 896 2147 castris
920 2103 1051 2163 regiis
1069 2119 1267 2146 seorsum
1294 2103 1467 2163 positis,
1495 2119 1595 2148 cum
1621 2104 1672 2148 iis
1689 2121 1763 2148 co-

375 2184 481 2244 piis,
503 2200 610 2244 quas
633 2183 998 2239 commemoravi,
1018 2182 1135 2227 haud
1153 2183 1212 2227 ita
1233 2182 1361 2245 longe
1379 2201 1403 2228 a
1426 2185 1632 2246 Scipione
1656 2201 1763 2230 con-

375 2263 498 2308 sedit.
520 2267 625 2309 Erat
650 2265 694 2308 in
722 2265 873 2309 castris
897 2265 1079 2309 Caesaris
1109 2266 1324 2325 superiori
1354 2275 1547 2326 tempore
1578 2282 1761 2328 magnus

375 2354 518 2389 terror
551 2355 595 2389 et
625 2346 891 2407 exspectatio
923 2346 1148 2406 copiarum
1182 2347 1404 2408 regiarum
1422 2381 1433 2402 ,
1460 2347 1762 2408 exercitusque

375 2425 468 2486 ejus
499 2426 782 2487 suspensione
811 2426 946 2470 animi
972 2435 1071 2470 ante
1097 2425 1335 2471 adventum
1357 2427 1481 2472 Jubae
1509 2443 1759 2471 commove-

376 2505 504 2550 batur
532 2524 540 2550 :
566 2517 798 2568 postquam
829 2523 933 2553 vero
960 2517 1097 2551 castra
1124 2508 1276 2552 castris
1305 2506 1515 2563 contulit,
1543 2507 1759 2568 despectis

376 2587 468 2645 ejus
492 2589 656 2648 copiis,
686 2605 860 2633 omnem
893 2598 1103 2633 terrorem
1136 2588 1328 2650 deponit.
1356 2590 1447 2645 Ita,
1471 2604 1602 2649 quam
1631 2598 1758 2632 antea

376 2667 528 2711 absens
551 2669 767 2714 habuerat
792 2669 1122 2726 auctoritatem,
1149 2687 1244 2714 eam
1274 2685 1446 2713 omnem
1474 2684 1663 2729 praesens
1691 2668 1757 2712 di-
