1972 3356
335 175 381 216 74
541 171 581 206 C.
610 172 630 206 J
635 170 742 205 ULII
773 168 993 204 CAESARIS
1023 168 1522 204 COMMENTARIORUM

333 256 458 298 nium
484 254 659 297 incessit
680 253 834 307 timor3
861 267 963 294 nani
988 251 1022 295 is
1041 251 1173 294 variis
1196 251 1428 295 hominum
1454 252 1732 296 sermonibus

332 333 532 378 celeriter
552 341 752 394 augetur.
774 332 1094 393 Unusquisque
1121 332 1238 377 enim
1267 332 1499 393 opiniones
1519 331 1732 393 fingebat,

331 425 374 458 et
400 413 455 457 ad
482 413 548 469 id,
576 413 697 475 quod
720 413 774 457 ab
807 412 893 457 alio
918 412 1142 471 audierat,
1174 413 1240 456 sui
1278 411 1447 473 aliquid
1467 413 1638 458 timoris
1663 414 1734 458 ad-

333 495 477 540 debat.
520 497 617 540 Hoc
647 495 724 540 ubi
757 511 847 539 uno
872 504 1053 539 auctore
1094 493 1150 538 ad
1189 492 1336 556 plures
1370 504 1733 556 permanaverat,

333 586 466 637 atque
493 575 605 621 alius
629 575 702 621 alii
744 575 1011 633 tradiderat,
1043 574 1192 638 plures
1221 585 1421 621 auctores
1456 576 1549 636 ejus
1575 576 1638 620 rei
1675 576 1736 620 vi-

333 657 567 702 debantur.
583 657 755 703 «Civile
769 657 960 712 bellum3
982 674 1120 719 genus
1143 657 1396 715 hominum,
1418 657 1538 718 quod
1559 655 1734 715 liceret,

332 738 468 783 libere
497 738 663 797 facere3
688 749 731 783 et
756 739 902 800 sequi,
927 738 1047 800 quod
1071 737 1214 783 vellet.
1243 759 1264 780 »
1287 739 1505 800 Legiones
1531 755 1609 795 eae,
1638 755 1736 800 quae

331 819 465 882 paulo
503 831 606 866 ante
642 820 759 883 apud
793 820 1069 865 adversarios
1107 819 1285 865 fuerant
1310 820 1327 883 (
1356 837 1459 864 nam
1487 820 1619 864 etiam
1645 822 1736 865 Cae·

332 902 439 946 saris
464 902 731 947 beneficium
759 911 1009 946 mutaverat
1033 900 1335 957 consuetudo,
1357 918 1443 962 qua
1464 900 1735 945 offerrentur

332 984 629 1044 municipia),
650 984 782 1027 etiam
810 982 993 1026 diversis
1022 982 1222 1043 partibus
1246 983 1493 1042 conjunctae
1521 982 1736 1043 (namque

331 1065 448 1107 enim
475 1081 527 1108 ex
552 1064 713 1108 Marsis
739 1061 1019 1125 Pelignisque
1048 1063 1309 1117 veniebant,
1336 1072 1383 1106 ut
1409 1064 1483 1123 qui
1509 1065 1736 1124 superiore

332 1155 460 1188 nocte
489 1146 532 1188 in
567 1144 916 1205 contuberniis),
952 1143 1365 1204 commilitonesque
1405 1143 1609 1188 nonnulli
1640 1161 1738 1206 gra-

333 1227 472 1270 viores
497 1243 719 1271 sermones
745 1225 938 1271 militum
965 1224 1097 1287 vulgo
1125 1225 1277 1269 durius
1300 1226 1577 1287 accipiebant
1598 1243 1607 1269 ι
1631 1243 1738 1270 non-

330 1307 450 1351 nulla
473 1308 604 1352 etiam
630 1308 684 1352 ab
713 1308 787 1365 iis,
811 1308 886 1369 qui
914 1306 1216 1369 diligentiores
1242 1306 1382 1351 videri
1403 1306 1633 1365 volebant,
1655 1307 1736 1352 fin-

330 1389 561 1450 gebantur.

391 1472 535 1514 XXX.
561 1471 738 1529 Quibus
758 1470 811 1515 de
836 1471 978 1515 causis
997 1469 1182 1515 consilio
1205 1480 1471 1526 convocato,
1491 1469 1544 1515 de
1565 1488 1736 1516 summa

328 1568 478 1595 rerum
506 1550 750 1596 deliberare
778 1552 947 1612 incipit.
976 1553 1114 1595 Erant
1148 1552 1402 1605 sententiae,
1443 1568 1540 1612 quae
1572 1569 1737 1596 conan-

328 1632 434 1676 dum
455 1633 662 1678 omnibus
691 1632 858 1689 modis,
882 1643 1113 1693 castraque
1137 1633 1241 1677 Vari
1264 1632 1566 1694 oppugnanda
1588 1650 1737 1678 cense-

327 1724 448 1770 rent3
480 1714 601 1774 quod
636 1713 891 1774 hujusmodi
927 1712 1119 1757 militum
1146 1712 1341 1757 consiliis
1375 1714 1516 1758 otium
1549 1716 1736 1759 maxime

328 1796 603 1839 contrarium
631 1811 725 1838 esse
750 1795 1074 1838 arbitrarentur
1096 1811 1104 1837 :
1137 1804 1357 1855 postremo
1382 1805 1591 1856 praestare
1617 1795 1735 1840 dice-

328 1877 458 1933 bant,
489 1892 602 1937 «per
630 1876 844 1920 virtutem
875 1876 918 1919 in
953 1892 1102 1936 pugna
1129 1874 1230 1919 belli
1259 1875 1483 1919 fortunam
1518 1877 1735 1937 experiri,

327 1973 478 2018 quam,
522 1957 718 2001 desertos
742 1966 784 2001 et
827 1958 1152 2001 circumventos
1187 1956 1241 2000 ab
1280 1957 1388 2012 suis,
1426 1957 1735 2019 gravissimum

328 2039 594 2100 supplicium
616 2039 722 2100 pati.
750 2059 770 2080 »
800 2040 940 2082 Porro
969 2047 1117 2093 erant,
1147 2038 1223 2098 qui
1252 2047 1503 2093 censerent,
1525 2038 1578 2083 de
1609 2040 1736 2084 tertia

327 2119 477 2181 vigilia
517 2121 562 2164 in
622 2129 766 2164 castra
821 2117 1027 2164 Cornelia
1084 2118 1402 2174 recedendum,
1445 2129 1517 2170 ut,
1567 2120 1736 2182 majore

328 2203 471 2263 spatio
501 2202 713 2263 temporis
742 2201 998 2261 interjecto,
1028 2198 1219 2243 militum
1253 2210 1419 2244 mentes
1444 2211 1735 2256 sanarentur;

328 2282 485 2340 simul,
527 2284 561 2327 si
597 2282 704 2344 quid
735 2282 914 2344 gravius
948 2281 1203 2336 accidisset,
1242 2298 1404 2344 magna
1447 2281 1735 2327 multitudine

329 2365 508 2408 navium
528 2375 570 2408 ct
594 2365 732 2409 tutius
757 2374 800 2408 et
821 2361 991 2407 facilius
1018 2364 1061 2407 in
1088 2362 1283 2408 Siciliam
1309 2374 1514 2425 receptus
1538 2363 1732 2408 daretur.

393 2447 562 2490 XXXI.
583 2445 741 2502 Curio,
770 2454 1007 2505 utrumque
1032 2445 1288 2506 improbans
1312 2444 1566 2499 consilium,
1590 2460 1733 2504 quan-

328 2536 422 2570 tum
446 2526 574 2571 alteri
601 2527 829 2571 sententiae
855 2525 1023 2570 deesset.
1050 2527 1210 2582 animi,
1239 2536 1411 2570 tantum
1435 2523 1559 2569 alteri
1587 2541 1736 2586 super-

330 2624 422 2652 csse
464 2608 639 2653 dicebat
675 2626 683 2652 :
716 2609 794 2652 lios
825 2608 1087 2668 turpissimae
1135 2607 1247 2668 fugce
1281 2608 1498 2651 rationem
1547 2606 1731 2663 habere,
