1972 3356
317 287 390 322 232
530 290 568 323 C.
603 288 730 323 JULII
762 287 981 322 CAESARIS
1010 286 1501 324 COMMENTARIORUM

381 373 477 415 XX.
515 370 610 414 Tali
647 370 778 414 modo
814 387 860 414 re
897 380 1037 431 gesta,
1072 370 1322 414 recentibus
1352 370 1495 431 proelii
1524 372 1716 432 vestigiis

317 452 541 512 ingressus
560 453 719 508 Caesar,
736 468 896 512 quum,
911 452 1050 495 victos
1070 460 1192 494 tanta
1211 450 1480 507 calamitate,
1498 452 1718 497 existima-

319 542 385 575 ret
413 532 579 588 hostes,
604 532 763 576 nuntio
791 541 992 593 accepto,
1022 530 1168 576 locum
1193 542 1440 576 castrorum
1462 531 1716 588 relicturos,

314 629 412 672 quae
434 630 522 657 non
548 611 722 675 longius
745 613 800 657 ab
826 630 876 658 ea
900 613 1017 657 caede
1045 613 1193 657 abesse
1210 611 1310 674 plus
1339 613 1484 659 minus
1507 621 1607 656 octo
1625 611 1720 656 mil-

315 691 429 737 libus
463 711 673 755 passuum
713 694 993 751 dicebantur,
1025 695 1200 739 tametsi
1234 693 1416 737 ssumine
1456 692 1717 754 impeditum

316 776 554 820 transitum
584 775 781 833 videbat,
809 786 976 833 tamen,
1007 776 1201 820 exercitu
1231 775 1457 832 traducto,
1489 774 1718 837 progredi-

317 867 402 902 tur.
437 859 495 902 At
528 855 750 902 Bellovaci
778 856 1046 918 reliquaeque
1076 857 1295 912 civitates,
1326 866 1506 917 repente
1536 873 1587 899 ex
1616 855 1718 916 fuga

316 939 485 999 paucis,
516 948 649 999 atque
676 939 743 982 his
772 937 1042 993 vulneratis,
1069 938 1280 998 receptis,
1305 939 1381 997 qui
1407 936 1615 981 silvarum
1643 937 1719 980 be-

316 1019 476 1063 neficio
517 1036 668 1063 casum
705 1019 1002 1074 evitaverant,
1041 1018 1248 1062 omnibus
1291 1018 1503 1075 adversis,
1545 1018 1721 1079 cognita

316 1099 586 1155 calamitate,
616 1098 848 1143 interfecto
878 1100 1065 1155 Correo,
1095 1098 1255 1141 amisso
1282 1098 1482 1158 equitatu
1506 1107 1547 1141 ct
1573 1098 1720 1143 fortis-

317 1181 437 1224 simis
461 1179 703 1241 peditibus,
725 1197 864 1240 quum
889 1179 1128 1223 adventare
1149 1181 1375 1222 Romanos
1398 1179 1720 1235 existimarent,

317 1260 507 1306 concilio
539 1271 724 1322 repente
751 1271 887 1305 cantu
911 1261 1119 1305 tubarum
1153 1270 1418 1314 convocate,
1443 1259 1722 1304 conclamant

319 1341 451 1404 legati
475 1341 738 1402 obsidesque
760 1341 816 1386 ad
835 1343 1053 1387 Caesarein
1076 1342 1324 1385 mittantur.

384 1425 508 1468 XXI.
534 1426 629 1467 Hoc
655 1423 862 1467 omnibus
892 1422 1081 1484 probato
1108 1421 1313 1479 consilio,
1341 1424 1571 1467 Commius
1596 1425 1723 1467 Atre-

321 1504 399 1547 bas
431 1503 486 1547 ad
521 1520 595 1548 eos
630 1504 830 1565 profugit
860 1507 1109 1549 Germanos
1146 1522 1169 1547 a
1203 1505 1362 1564 quibus
1394 1503 1448 1547 ad
1481 1503 1524 1546 id
1556 1503 1722 1548 bellum

321 1583 484 1628 auxilia
512 1594 742 1629 mutuatus
769 1594 874 1629 erat.
906 1586 1053 1631 Ceteri
1078 1602 1101 1628 e
1128 1586 1314 1647 vestigio
1342 1585 1525 1627 mittunt
1551 1583 1605 1627 ad
1629 1586 1723 1628 Cae-

322 1682 466 1710 sarem
501 1664 692 1727 legatos,
728 1675 977 1726 petuntque
1017 1685 1036 1705 a
1066 1675 1113 1709 ut
1149 1682 1198 1709 ea
1233 1682 1361 1726 poena
1398 1666 1451 1709 sit
1491 1674 1723 1708 contentus

322 1745 518 1791 hostium
540 1763 698 1807 quain,
723 1747 758 1790 si
785 1747 878 1791 sine
906 1745 1189 1790 dimicatione
1219 1745 1379 1790 inferre
1411 1746 1593 1807 integris
1624 1763 1724 1806 pos-

324 1836 406 1884 set,
434 1843 516 1888 pro
545 1843 622 1871 sua
654 1826 889 1871 clementia
919 1836 1051 1887 atque
1076 1827 1352 1871 humanitate
1379 1844 1607 1887 nunquam
1628 1845 1724 1888 pro-

326 1908 442 1952 fecto
468 1917 579 1952 esset
598 1906 814 1951 illaturus.
837 1907 1035 1952 Afflictas
1059 1925 1164 1969 opes
1188 1908 1383 1968 equestri
1405 1907 1560 1968 proelio
1585 1907 1726 1952 Bello-

326 2006 537 2036 vacorum
565 2006 680 2045 esse,
711 1988 984 2033 delectorum
1014 1989 1214 2050 peditum
1244 1988 1387 2033 multa
1418 1988 1556 2033 millia
1593 1990 1725 2033 inter-

329 2073 432 2127 isse,
456 2073 531 2115 vix
551 2071 760 2132 refugisse
785 2073 965 2115 nuntios
990 2071 1132 2116 caedis.
1159 2074 1325 2115 Tamen
1353 2088 1585 2132 inagnum,
1610 2081 1657 2115 ut
1680 2073 1725 2115 in

329 2163 453 2198 tanta
479 2153 753 2209 calamitate,
777 2151 1032 2197 Bellovacos
1061 2169 1111 2196 co
1141 2151 1295 2214 proelio
1328 2152 1610 2196 commodum
1636 2170 1726 2197 csse

329 2245 608 2291 consecutos,
633 2234 754 2295 quod
774 2235 990 2290 Correus,
1015 2244 1170 2278 auctor
1193 2232 1320 2287 belli,
1344 2235 1590 2277 concitator
1615 2233 1726 2277 mul-

331 2315 555 2367 titudinis,
574 2325 688 2359 esset
710 2315 966 2358 interfectus
990 2332 998 2358 z
1019 2332 1248 2375 nunquam
1270 2316 1387 2359 enini
1407 2326 1608 2359 senatum
1634 2325 1728 2358 tan-

334 2406 426 2440 tum
456 2397 500 2439 in
530 2397 727 2451 civitate,
757 2394 831 2438 illo
860 2397 978 2452 vivo,
1005 2406 1221 2456 quantuni
1250 2396 1499 2455 imperitam
1526 2395 1724 2456 plebem,

333 2479 540 2537 potuisse.
568 2498 588 2518 »

398 2560 544 2603 XXII.
584 2562 684 2602 Haec
727 2559 955 2601 orantibus
997 2558 1148 2619 legatis
1166 2593 1175 2611 ,
1221 2542 1539 2602 commemorat
1583 2557 1728 2599 Caesar

336 2659 354 2679 «
379 2639 531 2683 eodem
565 2649 761 2700 tempore
791 2641 1017 2699 superiore
1048 2656 1164 2682 anuo
1195 2638 1445 2682 Bellovacos
1471 2646 1727 2695 ceterasque

337 2719 490 2762 Gallia:
515 2720 710 2763 civitates
733 2721 970 2780 suscepisse
995 2718 1181 2767 bellunm
1209 2717 1552 2778 pertinacissime
1578 2717 1654 2759 lios
1676 2734 1727 2760 ex
