1972 3356
356 268 426 318 196
592 269 630 303 C.
658 267 789 302 JUL11
820 265 1037 302 CAESARIS
1068 264 1331 301 COMMENT.
1363 267 1508 302 LIBER

349 354 403 398 ad
433 352 595 396 caedem
633 349 879 395 faciendam
916 349 1319 410 subsequebantur3
1348 365 1437 409 quo
1475 349 1518 391 in
1557 365 1743 394 numero

348 433 431 477 fuit
455 431 724 494 Calpurnius
751 431 984 476 Salvianus
1000 465 1011 487 ,
1038 439 1080 474 et
1103 428 1315 474 Manilius
1340 428 1571 473 Tusculus.
1599 430 1745 474 Minu-

346 514 439 558 cius
467 513 583 557 inter
610 530 736 569 saxa,
767 530 863 574 quae
884 512 1090 573 jacebant
1120 511 1164 554 in
1191 511 1370 566 itinere,
1395 510 1569 572 fugiens
1594 513 1744 572 oppri-

344 595 508 650 mitur,
534 605 578 639 et
599 594 737 639 relato
763 594 944 639 domum
971 594 1149 648 Cassio,
1178 592 1233 636 ad
1257 608 1354 636 eum
1384 591 1633 636 deducitur.
1653 595 1741 637 Ra-

343 675 470 721 cilius
490 677 534 721 in
552 677 801 739 proximam
823 692 868 720 se
890 675 1073 720 domum
1088 673 1310 719 familiaris
1329 674 1395 717 sui
1417 673 1611 730 confert,
1637 673 1742 718 dum

343 766 514 801 certum
534 767 822 820 cognosceret
839 792 850 813 ,
876 756 1162 801 confectusne
1186 755 1363 800 Cassius
1386 764 1511 799 esset.
1539 756 1588 799 L.
1611 757 1742 799 Late-

343 839 502 896 rensis,
524 856 661 900 quum
689 839 731 884 id
757 856 845 883 non
869 838 1112 893 dubitaret,
1140 838 1330 881 accurrit
1354 836 1477 881 laetus
1505 838 1547 880 in
1573 846 1740 893 castra,

342 920 554 966 militibus
590 920 840 966 vernaculis
876 931 920 965 et
957 920 1160 965 secundae
1190 918 1398 982 legionis,
1436 919 1598 980 quibus
1639 919 1741 963 odio

342 1003 506 1047 sciebat
535 1002 759 1064 praecipue
800 1003 1003 1046 Cassium
1043 1018 1159 1055 esse,
1194 1000 1441 1062 gratulatur
1473 1018 1483 1044 :
1517 999 1690 1044 tollitur
1716 1017 1739 1045 a

341 1083 628 1128 multitudine
654 1085 699 1127 in
723 1081 945 1139 tribunal,
973 1092 1136 1144 praetor
1161 1081 1434 1143 appellatur:
1461 1098 1592 1126 nemo
1622 1083 1739 1125 enim

341 1175 416 1209 aut
440 1167 484 1208 in
508 1166 735 1226 provincia
757 1173 908 1221 natus,
938 1173 1013 1207 aut
1031 1161 1278 1207 vernaculae
1295 1162 1481 1225 legionis
1504 1162 1648 1220 miles,
1665 1173 1742 1208 aut

340 1245 633 1291 diuturnitate
653 1247 743 1308 jam
766 1246 905 1290 factus
924 1243 1208 1307 provincialis
1224 1281 1234 1298 ‚
1261 1261 1350 1305 quo
1370 1245 1413 1288 in
1436 1261 1621 1289 numero
1647 1257 1742 1289 erat

339 1326 531 1371 secunda
552 1326 686 1389 legio,
716 1344 804 1371 non
830 1344 930 1371 cum
965 1327 1085 1370 omni
1120 1326 1350 1387 provincia
1390 1337 1670 1371 consenserat
1696 1329 1741 1371 in

339 1408 442 1452 odio
463 1410 602 1454 Cassii
632 1426 641 1453 :
671 1407 986 1471 namlegiones
1011 1425 1105 1452 xxx
1133 1417 1175 1452 et
1200 1424 1304 1465 xxi,
1339 1408 1490 1469 paucis
1517 1408 1741 1453 mensibus

340 1491 384 1533 in
426 1490 552 1534 Italia
591 1491 801 1552 scriptas,
841 1492 987 1535 Caesar
1022 1489 1285 1534 attribuerat
1325 1490 1554 1551 Longino3
1588 1490 1741 1551 quinta

339 1570 453 1633 legio
481 1571 539 1614 ibi
566 1588 708 1633 nuper
732 1571 945 1616 confecta.

402 1654 519 1696 LIV.
565 1652 748 1695 Interim
787 1653 1018 1696 nuntiatur
1057 1653 1305 1708 Laterensi,
1341 1655 1486 1696 vivere
1523 1653 1738 1697 Cassium.

338 1734 438 1791 Quo
471 1734 628 1777 nuntio
668 1732 821 1777 dolore
858 1734 995 1794 magis
1023 1744 1270 1794 permotus,
1300 1750 1430 1794 quam
1461 1734 1609 1777 animo
1637 1749 1739 1794 per-

338 1813 565 1869 turbatus,
583 1813 724 1857 reficit
745 1830 787 1857 se
800 1812 1019 1869 celeriter,
1034 1823 1077 1857 et
1099 1813 1154 1857 ad
1177 1814 1379 1859 Cassium
1394 1814 1623 1858 visendum
1642 1831 1742 1875 pro-

339 1894 562 1938 ficiscitur.
591 1896 656 1938 Re
679 1895 878 1956 cognita,
894 1911 991 1938 xxx
1016 1893 1129 1956 legio
1154 1896 1277 1956 signa
1299 1894 1554 1940 Cordubam
1579 1895 1740 1947 infert,

337 1974 391 2019 ad
407 1974 619 2018 auxilium
640 1975 869 2019 ferendum
886 1976 1138 2036 imperatori
1153 1993 1249 2020 suo.
1266 1978 1387 2021 Facit
1404 1976 1490 2021 hoc
1508 1977 1623 2021 idem
1638 1993 1711 2021 xxl
1730 1995 1738 2020 :

337 2056 621 2116 subsequitur
644 2056 720 2100 has
745 2073 786 2100 V.
820 2057 974 2114 Quum
989 2056 1086 2100 duae
1114 2056 1307 2119 legiones
1324 2058 1502 2119 reliquae
1527 2068 1668 2103 essent
1696 2059 1737 2101 in

338 2138 515 2194 castris,
541 2137 781 2181 secundani
816 2138 973 2193 veriti,
1004 2154 1058 2181 ne
1095 2137 1175 2182 soli
1201 2138 1576 2200 relinquerentur,
1609 2150 1740 2200 atque

339 2236 391 2262 ex
417 2236 496 2275 eo,
526 2218 633 2280 quid
658 2219 914 2275 sensissent,
940 2218 1236 2279 judicaretur,
1273 2221 1410 2264 secuti
1440 2230 1544 2265 sunt
1576 2220 1739 2265 factum

339 2301 642 2361 superiorum:
661 2300 901 2361 permansit
927 2301 970 2343 in
996 2301 1209 2345 sententia
1240 2300 1352 2363 legio
1376 2300 1634 2358 vernacula,
1660 2318 1740 2346 nec

339 2381 429 2426 ullo
458 2384 615 2425 timore
645 2381 697 2425 de
725 2380 866 2442 gradu
893 2380 1058 2442 dejecta
1085 2393 1162 2427 est.

404 2465 497 2508 LV.
528 2464 703 2507 Cassius
724 2478 818 2517 eos,
852 2463 928 2523 qui
962 2464 1179 2508 nominati
1220 2474 1343 2509 crant
1381 2466 1545 2509 conscii
1587 2464 1738 2518 caedis,

337 2545 462 2605 jubet
486 2543 825 2605 comprehendi:
849 2543 1065 2605 legionem
1079 2547 1280 2606 quintam
1306 2548 1348 2590 in
1370 2555 1509 2590 castra
1535 2547 1740 2603 remittit,

342 2626 597 2670 cohortibus
635 2628 813 2689 triginta
849 2628 1041 2672 retentis.
1071 2627 1241 2673 Indicio
1270 2629 1455 2673 Minucii
1486 2629 1738 2691 cognoscit,

342 2709 393 2749 L.
418 2706 664 2764 Racilium,
693 2718 736 2751 et
763 2710 810 2753 L.
839 2710 1143 2767 Laterensem,
1170 2719 1212 2754 et
1250 2711 1442 2754 Annium
1484 2710 1739 2771 Scapulam,
