1972 3356
400 296 474 330 270
637 282 677 316 C.
705 280 835 315 JULlI
865 278 1086 314 CAESARIS
1116 277 1379 315 COMMENT.
1412 282 1561 318 LIBER

398 367 515 410 beris
545 381 596 408 ex
630 380 709 408 sua
746 361 1064 408 consuetudine
1104 363 1280 419 tribuit,
1319 364 1583 425 circiterque
1621 375 1793 410 noctem

399 445 642 491 luminibus
668 445 862 490 accensis
893 445 1067 489 Uticam
1097 445 1325 506 pervenit,
1352 454 1486 506 atque
1513 454 1638 490 extra
1664 447 1793 509 oppi-

397 528 505 573 dum
532 544 582 572 ea
608 536 738 572 nocte
761 526 937 571 mansit.

462 610 557 654 XC.
584 611 767 654 Postero
790 608 862 653 die
886 624 1014 653 mane
1040 607 1257 670 oppidum
1283 609 1462 653 introit:
1493 610 1797 672 concioneque

398 689 641 748 advocata,
673 691 889 735 uticenses
919 689 1084 735 incolas
1117 691 1396 747 cohortatus,
1425 690 1585 753 gratias
1614 707 1693 752 pro
1720 707 1795 735 eo-

396 760 494 817 rum
522 789 628 835 erga
655 789 699 817 se
727 771 874 817 studio
902 772 1023 835 agit:
1049 772 1163 816 cives
1193 781 1343 816 autem
1373 788 1579 817 romanos
1606 772 1798 833 negotia-

399 864 540 912 tores,
574 864 618 899 et
642 871 739 910 eos,
770 855 845 915 qui
875 855 988 898 inter
1015 869 1098 899 ccc
1125 854 1336 916 pecunias
1365 851 1647 899 contulerant
1674 854 1796 898 Varo

400 946 442 980 et
470 937 687 998 Scipioni,
712 935 862 980 multis
892 935 1034 980 verbis
1061 946 1308 993 accusatos,
1339 945 1382 980 et
1411 935 1465 980 de
1489 952 1643 980 eorum
1665 933 1797 979 scele-

398 1017 518 1061 ribus
562 1016 760 1078 longiore
801 1016 951 1060 habita
991 1017 1192 1074 ratione,
1230 1016 1285 1061 ad
1321 1026 1589 1074 extremum,
1622 1028 1670 1061 ut
1704 1016 1797 1060 sine

398 1107 517 1142 metu
550 1097 798 1159 prodirent,
835 1097 968 1142 edicit
1001 1114 1011 1141 ε
1048 1117 1069 1137 α
1095 1098 1150 1141 Se
1187 1097 1248 1141 eis
1277 1096 1491 1141 duntaxat
1524 1099 1658 1141 vitam
1693 1113 1798 1141 con-

396 1195 643 1236 cessurum,
676 1179 793 1223 bona
825 1178 1005 1240 quidem
1041 1195 1196 1223 eorum
1230 1195 1275 1222 se
1310 1178 1617 1234 venditurum,
1651 1179 1713 1222 ita
1740 1187 1800 1222 ta-

398 1276 518 1313 men,
546 1260 621 1321 qui
649 1276 802 1304 eorum
830 1260 949 1304 bona
976 1276 1055 1304 sua
1080 1259 1363 1314 redemisset,
1384 1276 1428 1303 se
1452 1259 1672 1303 bonorum
1691 1275 1798 1303 ven-

397 1340 610 1385 ditionem
634 1340 922 1386 inducturum
940 1376 952 1398 ,
979 1351 1022 1385 et
1047 1341 1282 1403 pecuniam
1309 1340 1457 1386 multae
1481 1341 1662 1385 nomine
1687 1339 1800 1384 rela-

397 1434 570 1481 turum,
587 1433 636 1468 ut
663 1423 1015 1469 incolumitatem
1037 1424 1228 1468 retinere
1249 1433 1410 1486 posset.
1442 1443 1462 1465 2>
1484 1423 1660 1482 Quibus
1679 1432 1799 1467 metu

397 1505 716 1567 exsanguibus,
736 1504 790 1549 de
809 1506 987 1566 vitaque
1009 1522 1061 1550 ex
1081 1522 1161 1550 suo
1175 1505 1421 1566 promerito
1437 1503 1774 1567 desperantibus
1788 1538 1799 1558 ,

400 1585 546 1630 subito
570 1585 717 1630 oblata
742 1584 910 1642 salute,
931 1585 1118 1630 libentes
1141 1585 1379 1647 cupidique
1402 1585 1704 1630 conditionem
1730 1601 1801 1629 ac-

397 1676 612 1728 ceperunt
642 1683 650 1710 :
680 1667 992 1728 petieruntque
1013 1682 1037 1709 a
1062 1667 1261 1722 Caesare,
1289 1676 1338 1710 ut
1364 1666 1578 1710 universis
1602 1681 1682 1712 ccc
1709 1681 1799 1709 uno

398 1748 578 1791 nomine
614 1748 847 1807 pecuniam
885 1748 1135 1807 imperaret.
1171 1749 1324 1807 Itaque
1359 1747 1426 1790 bis
1454 1745 1610 1790 millies
1645 1761 1701 1789 Hs
1731 1745 1798 1789 his

398 1829 630 1890 impositO,
659 1837 707 1871 ut
737 1843 813 1888 per
844 1827 1087 1871 triennium
1119 1844 1195 1871 sex
1221 1827 1509 1889 pensionibus
1534 1825 1702 1888 populo
1729 1843 1798 1870 ro·

398 1926 530 1954 mano
569 1907 818 1964 solverent,
857 1906 983 1952 nullo
1019 1924 1176 1953 eorum
1211 1918 1466 1964 recusante,
1495 1924 1546 1952 ac
1581 1924 1626 1952 se
1640 1906 1796 1951 eodem

396 1991 467 2035 die
488 1990 666 2035 demum
694 1999 819 2034 natos
848 1988 1160 2051 praedicantes,
1185 1988 1271 2033 laeti
1298 1990 1440 2051 gratia
1459 1999 1600 2051 agunt
1623 1990 1799 2034 Caesari.

460 2074 578 2118 XCI.
615 2074 711 2116 Rex
746 2071 924 2116 interim
957 2071 1096 2127 Juba‚
1132 2081 1181 2116 ut
1209 2088 1261 2116 ex
1297 2070 1454 2133 proelio
1485 2070 1685 2133 fugerat,
1714 2086 1803 2114 una

396 2171 498 2199 cum
532 2154 706 2199 Petreio
743 2152 937 2198 interdiu
973 2153 1016 2197 in
1053 2151 1166 2197 villis
1199 2152 1442 2208 latitando,
1481 2153 1688 2210 tandem,
1722 2169 1801 2197 no-

397 2236 569 2281 cturnis
599 2235 834 2280 itineribus
863 2235 1096 2290 confectis,
1127 2235 1170 2280 in
1190 2252 1378 2297 regnum
1410 2235 1644 2297 pervenit;
1672 2243 1804 2295 atque

397 2317 452 2362 ad
476 2316 692 2378 oppidum
717 2319 896 2361 Zamam
917 2351 929 2373 ,
952 2316 1026 2361 ubi
1050 2318 1141 2379 ipse
1167 2315 1465 2372 domicilium,
1491 2316 1701 2377 conjuges
1717 2350 1728 2369 ‚
1754 2313 1804 2358 li-

398 2398 615 2460 berosque
645 2398 867 2455 habebat,
901 2415 990 2459 quo
1018 2415 1071 2443 ex
1104 2408 1264 2443 cuncto
1299 2415 1437 2460 regno
1467 2414 1645 2442 omnem
1674 2412 1804 2458 pecu·

400 2480 518 2524 niam
547 2480 886 2541 carissimasque
916 2496 984 2524 res
1023 2489 1381 2542 comportaverat
1401 2514 1413 2536 ,
1442 2478 1652 2540 quodque
1692 2477 1801 2520 inito

401 2559 518 2605 bello
546 2561 755 2623 operibus
782 2561 983 2607 maximis
1012 2563 1253 2616 munierat,
1282 2560 1464 2605 accedit.
1499 2561 1646 2618 Quem
1673 2558 1801 2618 oppi-

405 2640 531 2696 dani,
556 2651 684 2686 autea
708 2659 886 2687 rumore
908 2652 1115 2703 exoptato
1132 2642 1185 2687 de
1207 2643 1392 2688 Caesaris
1414 2641 1599 2685 victoria
1623 2638 1801 2694 audito,

402 2721 459 2765 ob
485 2722 562 2766 has
588 2740 740 2769 causas
765 2723 932 2785 oppido
958 2723 1304 2784 prohibuerunt,
1330 2721 1446 2783 quod
1465 2756 1476 2778 ,
1506 2719 1619 2764 bello
1644 2729 1800 2764 contra
