1972 3356
654 206 720 242 DE
752 207 914 243 BELLO
944 208 1099 243 CIVILI
1128 208 1221 242 LIB.
1248 207 1315 242 111.
1612 210 1680 245 103

294 304 472 350 remque
497 288 701 335 fiduciam
726 291 988 352 prohibendi
1013 291 1260 349 habebant,
1286 300 1329 335 et
1356 290 1518 335 crebris
1546 294 1679 336 Pom·

295 370 378 430 peii
417 369 573 415 litteris
613 373 958 434 castigabantur,
997 373 1208 434 quoniam
1249 373 1393 433 primo
1435 374 1680 418 venientem

291 452 510 495 Caesarem
541 469 629 496 non
662 453 1017 514 prohibuissent,
1048 464 1095 498 ut
1127 452 1320 515 reliquos
1346 455 1440 515 ejus
1465 455 1679 499 exereitus

291 533 555 594 impedirent
580 550 588 576 ε
615 533 857 595 duriusque
877 534 1075 594 quotidie
1101 544 1276 596 tempus
1296 535 1349 578 ad
1376 545 1681 598 transportan-

291 613 394 656 dum
412 649 423 670 ,
448 612 689 658 lenioribus
711 615 874 670 ventis,
902 615 1224 676 exspectabant.
1246 615 1422 672 Quibus
1440 616 1570 661 rebus
1589 634 1681 678 per-

289 705 434 738 motus
475 696 640 746 Caesar,
684 694 968 739 Brundisium
1007 695 1063 740 ad
1106 712 1209 739 suos
1248 697 1439 740 severius
1478 698 1680 758 scripsit,

289 776 406 819 nacti
433 774 638 819 idoneum
671 785 849 821 ventum
874 793 928 821 ne
957 777 1231 821 occasionem
1261 776 1498 838 navigandi
1534 778 1680 823 dimit-

290 867 458 911 terent,
481 858 515 901 si
545 857 610 902 vel
638 857 692 902 ad
723 857 853 903 litora
881 857 1233 920 Apolloniatium
1263 875 1444 903 cursum
1465 858 1679 921 dirigere,

285 947 419 998 atque
442 954 493 982 eo
512 955 642 983 naves
665 940 821 1001 ejicere
847 951 1038 1002 possent.
1066 943 1167 985 Haec
1191 957 1214 984 a
1240 940 1449 985 custodiis
1476 940 1680 986 classium

286 1018 380 1063 loca
406 1020 593 1065 maxime
620 1022 854 1079 vacabant,
885 1022 1004 1084 quod
1026 1039 1070 1067 se
1096 1021 1271 1084 longius
1295 1039 1319 1066 a
1342 1022 1544 1084 portibus
1562 1040 1681 1067 com-

286 1101 457 1145 mittere
484 1119 573 1146 non
603 1102 828 1147 auderent.

349 1185 519 1228 XXVI.
548 1183 639 1240 llli,
668 1184 867 1229 adbibita
885 1185 1070 1230 audacia
1096 1196 1139 1230 et
1166 1187 1351 1242 virtute,
1373 1187 1682 1232 administran-

284 1264 399 1308 tibus
428 1266 489 1309 M.
517 1266 710 1310 Antonio
736 1276 777 1310 et
802 1266 926 1310 Fufio
957 1267 1148 1323 Caleno,
1173 1266 1359 1312 multum
1395 1269 1498 1329 ipsis
1527 1268 1679 1313 militi-

282 1346 363 1389 bus
394 1345 673 1391 hortantibus
690 1384 700 1401 ,
724 1365 866 1409 neque
892 1347 1030 1392 ullum
1060 1348 1303 1410 periculum
1329 1365 1410 1411 pro
1428 1348 1568 1394 salute
1593 1352 1682 1394 Cae·

283 1428 391 1471 saris
422 1430 742 1485 recusantibus,
770 1432 887 1473 nacti
915 1440 1137 1487 austrum,
1165 1447 1296 1474 naves
1321 1429 1525 1486 solvunt,
1550 1441 1681 1492 atque

280 1506 416 1552 altera
446 1508 515 1552 die
544 1508 824 1570 Apolloniam
856 1511 1245 1572 Dyrrachiumque
1278 1512 1677 1573 praetervehuntur.

280 1589 368 1646 Qui
399 1606 536 1650 quum
571 1601 715 1635 essent
745 1608 796 1635 cx
830 1592 1078 1636 continenti
1107 1592 1216 1648 visi,
1241 1594 1292 1637 C.
1320 1594 1571 1654 Coponius,
1602 1595 1679 1654 qui

277 1671 514 1732 Dyrrachii
547 1671 673 1716 classi
704 1672 870 1717 rhodiae
905 1683 1114 1734 praeerat,
1145 1690 1278 1718 naves
1317 1691 1368 1718 ex
1402 1684 1534 1736 portu
1572 1674 1678 1719 edu-

277 1754 360 1807 cit3
385 1763 428 1797 et
449 1770 588 1813 quum
607 1754 698 1813 jam
722 1755 882 1797 nostris
907 1755 1157 1799 remissiore
1183 1767 1314 1800 vento
1330 1758 1680 1818 appropinquas-

278 1843 396 1888 sent,
429 1832 544 1878 idem
579 1844 726 1879 auster
764 1835 1008 1890 increbuit,
1047 1838 1298 1896 nostrisque
1335 1837 1540 1898 praesidio
1582 1837 1678 1882 fuit.

277 1915 433 1975 Neque
463 1931 566 1959 vero
598 1914 670 1959 ille
698 1916 754 1959 ob
784 1932 879 1960 eam
910 1932 1085 1960 causam
1119 1926 1281 1961 conatu
1317 1915 1580 1972 desistebat,
1605 1919 1679 1963 sed

278 1993 429 2040 labore
452 2007 494 2040 et
519 1997 842 2058 perseverantia
864 2007 1101 2042 nautarum
1129 2015 1173 2042 se
1201 1999 1288 2042 vim
1318 2001 1587 2060 tempestatis
1613 2017 1679 2044 su-

276 2092 429 2136 perare
478 2094 605 2139 posse
649 2078 883 2139 sperabat,
933 2088 1330 2141 praetervectosque
1380 2080 1680 2141 Dyrrachium

278 2173 435 2219 magna
473 2160 514 2202 vi
553 2160 669 2203 venti
706 2159 845 2204 nihilo
883 2161 1024 2205 secius
1071 2161 1350 2221 sequebatur.
1392 2162 1569 2217 Nostri,
1616 2165 1678 2206 usi

276 2238 464 2284 fortunae
499 2240 737 2296 beneficio,
765 2251 912 2286 tamen
950 2243 1164 2303 impetum
1194 2241 1344 2287 classis
1378 2243 1616 2300 timebant,
1645 2246 1678 2288 si

277 2319 390 2365 forte
427 2330 584 2366 ventus
619 2324 868 2368 remisisset.
909 2324 1036 2368 Nacti
1074 2334 1279 2385 portum,
1320 2325 1396 2386 qui
1429 2323 1680 2387 appellatur

276 2402 591 2463 Nymphaeum,
619 2402 735 2448 ultra
766 2405 942 2449 Lissum
969 2403 1108 2450 millia
1140 2422 1350 2467 passuum
1381 2406 1492 2461 tria,
1521 2423 1573 2451 eo
1601 2422 1679 2450 na-

275 2499 347 2526 ves
387 2483 734 2530 introduxerunt
765 2485 861 2548 (qui
893 2496 1048 2548 portus
1078 2487 1134 2531 ab
1170 2486 1308 2531 africo
1343 2487 1592 2549 tegebatur,
1625 2488 1679 2532 ab

274 2573 426 2609 austro
459 2583 549 2609 non
588 2576 683 2611 erat
724 2568 897 2628 tutus),
936 2568 1164 2631 leviusque
1209 2569 1506 2630 tempestatis,
1544 2586 1678 2630 quam

273 2644 445 2704 classis,
475 2646 721 2708 periculum
747 2650 1091 2695 aestimaverunt.
1117 2652 1222 2709 Quo
1242 2649 1370 2695 simul
1397 2660 1530 2712 atque
1558 2651 1677 2695 intus
