1972 3356
653 241 720 276 DE
750 240 916 275 BELLO
948 240 1105 275 CIVILI
1134 240 1226 274 LIB.
1259 240 1309 274 ΙΙ.
1635 240 1686 289 69

275 328 506 390 pecunias,
537 344 646 389 quas
667 335 792 370 erant
816 327 861 369 in
891 323 1121 387 publicum
1144 325 1339 369 Varroni
1370 325 1487 368 cives
1513 328 1685 370 romani

275 408 487 471 polliciti,
515 408 720 464 remittit3
749 407 866 451 bona
896 406 1088 450 restituit
1114 406 1192 462 iis,
1222 423 1334 467 quos
1361 405 1545 451 liberius
1567 406 1687 452 locu-

276 503 342 536 tos
372 492 486 536 hanc
515 507 689 552 poenam
715 488 866 533 tulisse
890 497 1191 549 cognoverat:
1211 487 1390 532 tributis
1417 488 1685 549 quibusdam

274 572 463 635 publicis
487 572 762 634 privatisque
786 569 1001 630 praemiis,
1028 567 1220 628 reliquos
1245 569 1290 611 in
1317 578 1546 628 posterum
1566 568 1685 616 bona

274 672 350 717 spe
374 651 591 716 complet,
620 651 897 711 biduumque
929 648 1151 694 Cordubae
1179 659 1501 708 commoratus,
1539 653 1687 697 Gades

272 735 570 798 proficiscitur
606 751 615 777 τ
655 733 868 794 pecunias
905 740 1317 791 monumentaque,
1351 747 1450 792 quae
1489 748 1541 776 cx
1582 734 1684 778 sano

272 817 474 863 Herculis
508 814 669 862 collata
712 824 838 859 erant
868 815 912 858 in
946 814 1165 875 privatam
1197 811 1401 869 domum,
1444 814 1601 859 referri
1642 818 1685 860 in

272 898 485 960 templum
502 898 654 960 jubet:
675 897 918 942 Provinciae
935 896 992 953 Q.
1011 896 1213 940 Cassium
1229 895 1433 957 praeficit3
1449 896 1553 942 huic
1572 916 1681 959 qua-

271 992 372 1025 tuor
399 980 593 1043 legiones
609 979 816 1024 attribuit
839 996 846 1022 :
871 980 961 1040 ipse
990 979 1040 1021 iis
1069 978 1278 1035 navibus,
1310 995 1418 1040 quas
1432 981 1683 1038 M.Varro‚

270 1080 469 1125 quasque
499 1061 710 1108 Gaditani
734 1063 856 1122 jussu
886 1061 1103 1104 Varronis
1136 1060 1355 1115 fecerant,
1382 1063 1682 1108 Tarraconem

271 1148 422 1207 paucis
447 1145 602 1190 diebus
628 1145 843 1205 pervenit.
873 1144 938 1197 Ibi
965 1144 1102 1187 totius
1129 1143 1218 1187 fere
1248 1144 1477 1188 Citerioris
1499 1147 1684 1190 Provin-

270 1230 346 1272 ciae
383 1227 625 1290 legationes
651 1227 837 1272 Caesaris
870 1225 1112 1270 adventum
1151 1227 1481 1288 exspectabant.
1514 1227 1680 1273 Eadem

272 1311 440 1354 ratione
467 1310 671 1371 privatim
709 1326 758 1353 ac
787 1306 959 1369 publice
984 1307 1252 1368 quibusdam
1278 1309 1532 1354 civitatibus
1560 1310 1684 1355 habi-

270 1392 324 1434 tis
362 1391 635 1445 honoribus,
668 1392 923 1434 Tarracone
961 1388 1169 1444 discedit,
1203 1389 1478 1451 pedibusque
1506 1394 1682 1437 Narbo-

272 1488 368 1515 ncin
387 1506 398 1527 ,
428 1480 561 1531 atquc
592 1470 692 1514 inde
724 1469 965 1514 Massiliam
992 1471 1193 1531 pervenit
1222 1489 1229 1513 :
1257 1471 1338 1526 ibi,
1364 1470 1505 1534 legem
1535 1473 1589 1517 de
1616 1475 1682 1518 di-

269 1562 440 1595 ctatore
469 1550 625 1607 latam,
656 1568 837 1612 seseque
866 1550 1130 1594 dictatorcm
1167 1550 1333 1595 dictum
1362 1570 1384 1595 a
1416 1555 1478 1598 M.
1507 1555 1678 1617 Lepido

269 1644 454 1695 praetore
468 1670 479 1690 ,
502 1636 741 1695 cognoscit.

334 1718 478 1761 XXII.
512 1715 831 1773 Massilienses,
873 1718 1079 1761 omnibus
1112 1717 1266 1762 defessi
1302 1719 1449 1775 malis,
1480 1721 1541 1764 rei
1589 1720 1682 1766 fru-

269 1798 496 1841 mentariae
527 1796 582 1840 ad
604 1813 824 1841 sumniam
858 1798 1054 1858 inopiam
1087 1797 1293 1855 adducti,
1323 1800 1388 1843 bis
1419 1800 1575 1861 proelio
1604 1819 1681 1847 na-

272 1878 354 1923 vali
403 1878 622 1940 superati,
675 1878 841 1922 crebris
883 1879 1192 1940 eruptionibus
1230 1880 1335 1935 fusi,
1389 1883 1510 1943 gravi
1546 1884 1678 1928 etiam

270 1959 520 2021 pestilentia
555 1959 796 2004 conflictati
836 1977 887 2004 ex
927 1961 1099 2004 diutina
1135 1961 1419 2008 conclusione
1453 1974 1495 2008 et
1541 1975 1680 2010 muta-

269 2044 390 2087 tione
415 2042 558 2086 victus
580 2041 768 2103 (panico
796 2043 913 2085 enim
943 2051 1089 2086 vetere
1114 2053 1246 2104 atquc
1272 2043 1440 2089 hordeo
1466 2057 1678 2108 corrupto

269 2142 424 2169 omnes
448 2124 700 2179 alebantur,
732 2124 874 2185 quod,
903 2123 959 2168 ad
994 2124 1249 2186 hujusmodi
1284 2143 1408 2171 casus
1432 2129 1678 2190 antiquitus

269 2216 473 2268 paratum
491 2241 501 2260 ,
526 2207 569 2250 in
591 2204 817 2267 publicum
843 2204 1176 2268 contulerant),
1201 2206 1368 2267 dejecta
1395 2209 1531 2265 turri,
1561 2208 1679 2256 labe-

270 2287 386 2333 facta
414 2304 574 2349 magua
600 2297 726 2349 parte
756 2288 896 2342 muri,
926 2286 1100 2332 auxiliis
1127 2289 1462 2350 provinciarum
1487 2301 1530 2335 et
1556 2308 1677 2337 exer-

268 2369 436 2413 cituum
480 2368 744 2431 desperatis,
773 2385 884 2430 quos
919 2370 963 2413 in
990 2371 1175 2415 Caesaris
1211 2380 1473 2432 potestatem
1508 2374 1680 2419 venisse

268 2461 599 2513 cognoverant,
632 2467 723 2495 sese
750 2449 913 2495 dedere
948 2452 1043 2496 sine
1069 2451 1224 2496 fraude
1257 2453 1551 2498 constituunt.
1590 2454 1676 2499 Sed

267 2532 420 2593 paucis
447 2542 549 2576 ante
576 2532 731 2577 diebus
760 2535 810 2578 L.
847 2534 1097 2589 Domitius,
1127 2534 1303 2596 cognita
1330 2533 1675 2580 Massiliensium

269 2610 520 2669 voluntate,
556 2614 745 2658 navibus
774 2614 915 2658 tribus
945 2615 1239 2677 comparatis,
1270 2631 1322 2659 ex
1364 2616 1526 2676 quibus
1564 2615 1674 2661 duas

268 2693 559 2740 familiaribus
601 2697 691 2741 suis
722 2695 1010 2755 attribuerat,
1041 2713 1173 2741 unam
1208 2698 1299 2758 ipse
1337 2697 1674 2756 conscenderat,
