1972 3356
289 233 334 268 39.
501 233 539 268 C.
574 233 702 268 JULII
731 232 945 267 CAESARIS
977 232 1466 268 COMMENTARIORUM

287 316 390 360 tiam
417 315 568 376 populi
595 316 766 358 romani
790 315 873 358 sibi
897 324 1160 358 ornamento
1183 325 1225 359 et
1248 315 1471 375 praesidio,
1500 331 1590 358 non
1617 316 1685 359 de-

286 397 495 439 trimento
531 412 621 438 esse
660 404 886 455 oportere3
914 395 1045 456 idque
1070 412 1114 438 se
1145 412 1193 438 ea
1225 412 1301 455 spe
1331 396 1505 455 petisse.
1534 395 1577 438 Si
1606 412 1684 455 per

286 475 501 535 populum
537 491 772 519 romanum
802 476 1072 536 stipendium
1107 476 1379 531 remittatur,
1415 484 1458 518 et
1495 474 1682 518 dedititii

285 555 624 612 subtrahantur,
655 573 744 599 non
773 557 920 601 minus
948 554 1135 600 libenter
1161 572 1251 600 sese
1276 565 1584 599 recusaturum
1606 571 1684 616 po-

284 634 377 695 puli
402 637 575 679 romani
601 638 859 693 amicitiam,
889 654 1021 697 quam
1052 637 1299 698 appetierit.
1320 636 1454 693 Quod
1483 635 1685 679 multitu-

286 714 435 759 dinem
473 719 802 761 Germanorum
839 719 884 760 in
919 716 1111 761 Galliam
1151 716 1424 772 transducat,
1462 716 1505 760 id
1539 734 1582 760 se
1617 717 1682 760 sui

284 796 534 852 muniendi,
565 813 653 840 non
682 795 837 841 Galliae
878 797 1189 859 impugnandae
1214 814 1343 841 causa
1379 797 1519 841 facere
1551 814 1560 840 ε
1591 798 1683 857 ejus

285 878 346 919 rei
374 878 677 921 testimonium
708 895 824 934 esse,
852 878 990 939 quod,
1018 879 1100 922 nisi
1133 888 1337 939 rogatus,
1367 895 1457 922 non
1490 879 1683 933 venerit,

286 966 328 1000 et
348 956 468 1017 quod
491 957 658 1002 bellum
683 975 769 1002 non
792 959 1012 1013 intulerit,
1034 959 1109 1002 sed
1127 958 1387 1002 defenderit.
1413 960 1465 1002 Se
1490 959 1613 1019 prius
1639 959 1683 1001 in

283 1036 474 1081 Galliam
512 1040 704 1096 venisse,
743 1038 1121 1101 quam'populum
1161 1056 1409 1083 romanum.
1442 1039 1682 1099 Nunquam

283 1128 384 1162 ante
411 1120 494 1164 hoc
532 1131 702 1181 tempus
729 1120 974 1164 exercitum
1010 1119 1163 1181 populi
1193 1120 1365 1163 romani
1394 1117 1551 1163 Galliae
1581 1135 1683 1180 pro-

283 1200 437 1244 vinciae
456 1200 563 1244 fines
580 1201 850 1262 adgressum.
870 1200 994 1259 Quid
1018 1201 1099 1244 sibi
1120 1199 1278 1243 vellet?
1297 1217 1375 1243 cur
1395 1201 1439 1242 in
1464 1216 1562 1243 suas
1583 1216 1685 1259 pos-

284 1281 495 1324 sessiones
528 1281 722 1325 veniret?
749 1282 1025 1342 provinciam
1055 1297 1176 1325 suam
1207 1298 1298 1324 esse
1325 1281 1441 1324 hanc
1470 1278 1683 1337 Galliam,

282 1360 393 1404 sicut
421 1360 540 1405 illam
578 1373 787 1405 nostram.
814 1365 875 1406 Ut
909 1363 991 1423 ipsi
1022 1362 1205 1406 concedi
1242 1379 1329 1405 non
1366 1371 1613 1422 oporteret,
1648 1361 1682 1404 si

283 1441 326 1483 in
354 1451 528 1485 nostros
554 1442 662 1486 fines
692 1443 907 1503 impetum
935 1442 1115 1498 faceret,
1149 1444 1210 1486 sic
1247 1444 1349 1486 item
1379 1459 1457 1486 nos
1484 1459 1575 1486 esse
1600 1442 1683 1484 ini-

282 1537 414 1581 quos,
445 1522 519 1582 qui
551 1523 595 1565 in
625 1539 703 1566 suo
726 1523 826 1583 jure
854 1540 898 1566 se
930 1522 1327 1584 interpellaremus.
1364 1523 1499 1580 Quod
1527 1523 1683 1566 fratres

282 1618 305 1644 a
333 1611 488 1645 senatu
520 1602 682 1646 AEduos
715 1602 958 1664 appellatos
993 1603 1179 1659 diceret,
1217 1620 1306 1647 non
1335 1621 1378 1647 se
1409 1614 1498 1647 tam
1527 1603 1684 1647 barba-

281 1698 405 1737 rum,
432 1699 574 1743 neque
603 1693 690 1726 tam
720 1684 974 1745 imperitum
1009 1701 1099 1728 esse
1126 1701 1295 1740 rerum,
1330 1694 1379 1728 ut
1412 1701 1498 1728 non
1528 1685 1681 1740 sciret,

283 1779 425 1823 neque
449 1762 565 1806 bello
592 1762 881 1826 Allobrogum
906 1766 1109 1825 proximo
1136 1765 1297 1809 AEduos
1323 1766 1535 1809 Romanis
1560 1768 1683 1810 auxi-

283 1840 391 1886 lium
429 1842 599 1900 tulisse,
641 1862 782 1905 neque
820 1847 935 1905 ipsos
973 1846 1015 1888 in
1053 1846 1120 1888 his
1158 1846 1538 1902 contentionibus,
1574 1863 1682 1907 quas

282 1923 410 1967 AEdui
432 1941 583 1969 secum
607 1935 650 1968 et
677 1942 777 1969 cum
804 1927 1018 1986 Sequanis
1042 1926 1316 1980 habuissent,
1342 1925 1505 1970 auxilio
1528 1925 1682 1987 populi

282 2006 452 2048 romani
486 2022 585 2049 usos
617 2023 720 2049 esse.
756 2006 930 2065 Debere
955 2024 999 2050 se
1032 2008 1265 2068 suspicari,
1303 2006 1508 2051 simulata
1537 2009 1681 2051 Caesa-

281 2103 374 2129 rem
403 2087 615 2144 amicitia,
641 2087 761 2148 quod
786 2089 1026 2132 exercitum
1058 2089 1102 2131 in
1129 2086 1277 2132 Gallia
1300 2088 1479 2145 habeat,
1510 2089 1577 2131 sui
1605 2105 1684 2151 op-

282 2167 501 2227 primendi
530 2185 661 2211 causa
690 2169 865 2213 habere.
889 2169 981 2226 Qui
1010 2169 1092 2212 nisi
1123 2168 1328 2225 decedat,
1355 2179 1489 2230 atque
1518 2172 1683 2215 exerci-

283 2260 377 2290 tum
415 2246 605 2292 deducat
641 2266 693 2292 ex
737 2249 804 2292 his
845 2249 1126 2310 regionibus,
1168 2266 1259 2293 sese
1302 2248 1427 2293 illurn
1470 2268 1560 2294 non
1602 2267 1681 2312 pro

282 2329 444 2384 amico,
473 2328 547 2372 sed
582 2346 662 2390 pro
689 2329 814 2373 hoste
843 2329 1100 2373 habiturum
1127 2347 1135 2373 :
1163 2330 1282 2390 quod
1309 2331 1343 2374 si
1373 2348 1472 2374 eum
1504 2332 1682 2376 interfe-

282 2410 409 2464 verit,
447 2409 598 2453 multis
635 2427 727 2454 sese
759 2410 980 2455 nobilibus
1024 2411 1388 2472 principibusque
1422 2412 1573 2472 populi
1608 2430 1680 2456 ro-

283 2506 400 2533 mam
433 2501 608 2551 gratum
640 2508 731 2536 esse
761 2492 982 2536 facturum
1018 2509 1025 2534 :
1059 2492 1101 2535 id
1133 2508 1177 2535 sc
1208 2492 1262 2535 ab
1295 2493 1397 2554 ipsis
1421 2509 1499 2553 per
1526 2510 1681 2537 corum

1495 2576 1681 2618 oratiam

1493 2610 1518 2635 t>

284 2658 413 2709 atque
435 2653 674 2696 amicitiam
695 2654 787 2714 ejus
810 2663 951 2698 morte
974 2654 1192 2699 redimere
1214 2665 1369 2717 posset.
1398 2655 1534 2712 Quod
1551 2657 1585 2699 si
1610 2655 1682 2699 dc-

284 2585 467 2615 nunmos
505 2582 780 2633 compertum
816 2573 996 2628 habere,
1035 2591 1225 2634 quorum
1265 2576 1464 2619 omnium
