<?xml version="1.0" encoding="UTF-8"?>
<!DOCTYPE html PUBLIC "-//W3C//DTD XHTML 1.0 Transitional//EN"
    "http://www.w3.org/TR/xhtml1/DTD/xhtml1-transitional.dtd">
<html xmlns="http://www.w3.org/1999/xhtml" xml:lang="en" lang="en">
 <head>
  <title>
</title>
<meta http-equiv="Content-Type" content="text/html;charset=utf-8" />
  <meta name='ocr-system' content='tesseract 3.04.00' />
  <meta name='ocr-capabilities' content='ocr_page ocr_carea ocr_par ocr_line ocrx_word'/>
</head>
<body>
  <div class='ocr_page' id='page_1' title='image "./operajoh0102caesuoft_0113.png"; bbox 0 0 1972 3356; ppageno 0'>
   <div class='ocr_carea' id='block_1_1' title="bbox 8 179 19 1503">
    <p class='ocr_par' dir='ltr' id='par_1_1' title="bbox 8 179 19 1503">
     <span class='ocr_line' id='line_1_1' title="bbox 8 179 19 1503; textangle 90"><span class='ocrx_word' id='word_1_1' title='bbox 12 1447 15 1503; x_wconf 75' lang='grc'>...--</span> <span class='ocrx_word' id='word_1_2' title='bbox 12 1435 13 1438; x_wconf 62' lang='lat'><em>„</em></span> <span class='ocrx_word' id='word_1_3' title='bbox 8 603 19 1427; x_wconf 36' lang='lat' dir='ltr'>Qm-,.p—u——-„s‚—-————9-—-—-.-.</span> <span class='ocrx_word' id='word_1_4' title='bbox 12 586 15 590; x_wconf 87' lang='lat'>.</span> <span class='ocrx_word' id='word_1_5' title='bbox 11 541 15 565; x_wconf 48' lang='grc' dir='ltr'>-ο-</span> <span class='ocrx_word' id='word_1_6' title='bbox 10 179 19 533; x_wconf 47' lang='grc' dir='ltr'>,Μ</span> 
     </span>
    </p>
   </div>
   <div class='ocr_carea' id='block_1_2' title="bbox 543 227 1602 281">
    <p class='ocr_par' dir='ltr' id='par_1_2' title="bbox 543 227 1602 281">
     <span class='ocr_line' id='line_1_2' title="bbox 543 227 1602 281; baseline 0.006 -19"><span class='ocrx_word' id='word_1_7' title='bbox 543 228 611 263; x_wconf 90' lang='lat' dir='ltr'>DE</span> <span class='ocrx_word' id='word_1_8' title='bbox 642 227 804 264; x_wconf 84' lang='lat' dir='ltr'>BELLO</span> <span class='ocrx_word' id='word_1_9' title='bbox 835 229 1059 266; x_wconf 84' lang='lat' dir='ltr'><strong>GALLICO</strong></span> <span class='ocrx_word' id='word_1_10' title='bbox 1090 232 1182 272; x_wconf 77' lang='lat' dir='ltr'>Lm,</span> <span class='ocrx_word' id='word_1_11' title='bbox 1207 233 1276 268; x_wconf 89' lang='lat' dir='ltr'>IV.</span> <span class='ocrx_word' id='word_1_12' title='bbox 1557 246 1602 281; x_wconf 82' lang='lat'>9¹</span> 
     </span>
    </p>
   </div>
   <div class='ocr_carea' id='block_1_3' title="bbox 194 301 1613 2659">
    <p class='ocr_par' dir='ltr' id='par_1_3' title="bbox 200 301 1610 1272">
     <span class='ocr_line' id='line_1_3' title="bbox 205 301 1607 379; baseline 0.003 -20"><span class='ocrx_word' id='word_1_13' title='bbox 205 301 296 360; x_wconf 76' lang='lat' dir='ltr'>lum</span> <span class='ocrx_word' id='word_1_14' title='bbox 322 316 454 377; x_wconf 85' lang='lat' dir='ltr'>adjici</span> <span class='ocrx_word' id='word_1_15' title='bbox 473 325 632 376; x_wconf 88' lang='lat' dir='ltr'>posset.</span> <span class='ocrx_word' id='word_1_16' title='bbox 651 319 782 360; x_wconf 91' lang='lat' dir='ltr'>Hunc</span> <span class='ocrx_word' id='word_1_17' title='bbox 802 313 856 360; x_wconf 89' lang='lat' dir='ltr'>ad</span> <span class='ocrx_word' id='word_1_18' title='bbox 880 316 1198 378; x_wconf 86' lang='lat' dir='ltr'>egrediendum</span> <span class='ocrx_word' id='word_1_19' title='bbox 1217 333 1498 379; x_wconf 82' lang='lat' dir='ltr'>nequaquam</span> <span class='ocrx_word' id='word_1_20' title='bbox 1516 318 1607 363; x_wconf 84' lang='lat' dir='ltr'>ido-</span> 
     </span>
     <span class='ocr_line' id='line_1_4' title="bbox 207 396 1609 459; baseline 0.001 -16"><span class='ocrx_word' id='word_1_21' title='bbox 207 415 339 443; x_wconf 86' lang='lat' dir='ltr'>neum</span> <span class='ocrx_word' id='word_1_22' title='bbox 366 398 604 443; x_wconf 83' lang='lat' dir='ltr'>arbitratus</span> <span class='ocrx_word' id='word_1_23' title='bbox 637 396 802 454; x_wconf 89' lang='lat' dir='ltr'>locum,</span> <span class='ocrx_word' id='word_1_24' title='bbox 828 397 935 442; x_wconf 88' lang='lat' dir='ltr'>dum</span> <span class='ocrx_word' id='word_1_25' title='bbox 960 396 1139 459; x_wconf 76' lang='lat' dir='ltr'>reliquae</span> <span class='ocrx_word' id='word_1_26' title='bbox 1168 416 1301 444; x_wconf 86' lang='lat' dir='ltr'>naves</span> <span class='ocrx_word' id='word_1_27' title='bbox 1324 417 1376 445; x_wconf 94' lang='lat' dir='ltr'>eo</span> <span class='ocrx_word' id='word_1_28' title='bbox 1400 402 1609 445; x_wconf 87' lang='lat' dir='ltr'>conveni-</span> 
     </span>
     <span class='ocr_line' id='line_1_5' title="bbox 205 479 1609 542; baseline 0.002 -18"><span class='ocrx_word' id='word_1_29' title='bbox 205 490 324 537; x_wconf 83' lang='lat' dir='ltr'><strong>rent,</strong></span> <span class='ocrx_word' id='word_1_30' title='bbox 355 479 410 524; x_wconf 91' lang='lat' dir='ltr'>ad</span> <span class='ocrx_word' id='word_1_31' title='bbox 441 480 599 525; x_wconf 87' lang='lat' dir='ltr'>horam</span> <span class='ocrx_word' id='word_1_32' title='bbox 629 495 793 523; x_wconf 85' lang='lat' dir='ltr'>nonam</span> <span class='ocrx_word' id='word_1_33' title='bbox 823 479 868 521; x_wconf 89' lang='lat' dir='ltr'>in</span> <span class='ocrx_word' id='word_1_34' title='bbox 902 479 1079 524; x_wconf 87' lang='lat' dir='ltr'>ancoris</span> <span class='ocrx_word' id='word_1_35' title='bbox 1109 482 1390 542; x_wconf 84' lang='lat' dir='ltr'>exspectavit.</span> <span class='ocrx_word' id='word_1_36' title='bbox 1420 483 1609 527; x_wconf 84' lang='lat' dir='ltr'>Interim</span> 
     </span>
     <span class='ocr_line' id='line_1_6' title="bbox 206 558 1609 625; baseline 0.001 -18"><span class='ocrx_word' id='word_1_37' title='bbox 206 562 360 625; x_wconf 87' lang='lat' dir='ltr'>legatis</span> <span class='ocrx_word' id='word_1_38' title='bbox 384 561 664 620; x_wconf 82' lang='lat' dir='ltr'>tribunisque</span> <span class='ocrx_word' id='word_1_39' title='bbox 687 558 881 603; x_wconf 87' lang='lat' dir='ltr'>militurn</span> <span class='ocrx_word' id='word_1_40' title='bbox 904 562 1177 618; x_wconf 86' lang='lat' dir='ltr'>convocatis,</span> <span class='ocrx_word' id='word_1_41' title='bbox 1201 572 1245 606; x_wconf 89' lang='lat' dir='ltr'>et</span> <span class='ocrx_word' id='word_1_42' title='bbox 1273 579 1370 623; x_wconf 85' lang='lat' dir='ltr'>quae</span> <span class='ocrx_word' id='word_1_43' title='bbox 1395 580 1449 607; x_wconf 86' lang='lat' dir='ltr'>ex</span> <span class='ocrx_word' id='word_1_44' title='bbox 1470 563 1609 609; x_wconf 90' lang='lat' dir='ltr'>Volu-</span> 
     </span>
     <span class='ocr_line' id='line_1_7' title="bbox 204 640 1606 704; baseline 0 -16"><span class='ocrx_word' id='word_1_45' title='bbox 204 661 309 688; x_wconf 87' lang='lat' dir='ltr'>seno</span> <span class='ocrx_word' id='word_1_46' title='bbox 340 642 646 704; x_wconf 84' lang='lat' dir='ltr'>cognovisset,</span> <span class='ocrx_word' id='word_1_47' title='bbox 674 650 718 685; x_wconf 91' lang='lat' dir='ltr'>et</span> <span class='ocrx_word' id='word_1_48' title='bbox 741 657 838 701; x_wconf 81' lang='lat' dir='ltr'>quae</span> <span class='ocrx_word' id='word_1_49' title='bbox 866 640 963 684; x_wconf 88' lang='lat' dir='ltr'>fieri</span> <span class='ocrx_word' id='word_1_50' title='bbox 992 640 1146 698; x_wconf 90' lang='lat' dir='ltr'>vellet,</span> <span class='ocrx_word' id='word_1_51' title='bbox 1171 641 1388 698; x_wconf 88' lang='lat' dir='ltr'>ostendit;</span> <span class='ocrx_word' id='word_1_52' title='bbox 1411 643 1606 688; x_wconf 87' lang='lat' dir='ltr'>monuit-</span> 
     </span>
     <span class='ocr_line' id='line_1_8' title="bbox 204 721 1610 786; baseline 0 -17"><span class='ocrx_word' id='word_1_53' title='bbox 204 740 309 785; x_wconf 89' lang='lat' dir='ltr'>que,</span> <span class='ocrx_word' id='word_1_54' title='bbox 334 733 384 768; x_wconf 91' lang='lat' dir='ltr'>ut</span> <span class='ocrx_word' id='word_1_55' title='bbox 404 723 468 767; x_wconf 89' lang='lat' dir='ltr'>rei</span> <span class='ocrx_word' id='word_1_56' title='bbox 491 721 694 767; x_wconf 88' lang='lat' dir='ltr'>militaris</span> <span class='ocrx_word' id='word_1_57' title='bbox 715 723 829 766; x_wconf 88' lang='lat' dir='ltr'>ratio</span> <span class='ocrx_word' id='word_1_58' title='bbox 845 757 856 779; x_wconf 94' lang='lat'>,</span> <span class='ocrx_word' id='word_1_59' title='bbox 881 723 1074 767; x_wconf 81' lang='lat' dir='ltr'>maxime</span> <span class='ocrx_word' id='word_1_60' title='bbox 1096 733 1146 767; x_wconf 93' lang='lat' dir='ltr'>ut</span> <span class='ocrx_word' id='word_1_61' title='bbox 1170 724 1403 768; x_wconf 87' lang='lat' dir='ltr'>maritimae</span> <span class='ocrx_word' id='word_1_62' title='bbox 1422 741 1491 769; x_wconf 90' lang='lat' dir='ltr'>res</span> <span class='ocrx_word' id='word_1_63' title='bbox 1516 741 1610 786; x_wconf 89' lang='lat' dir='ltr'>pos-</span> 
     </span>
     <span class='ocr_line' id='line_1_9' title="bbox 205 792 1608 866; baseline 0.001 -17"><span class='ocrx_word' id='word_1_64' title='bbox 205 803 417 861; x_wconf 89' lang='lat' dir='ltr'>tularent,</span> <span class='ocrx_word' id='word_1_65' title='bbox 442 813 491 850; x_wconf 90' lang='lat' dir='ltr'>ut</span> <span class='ocrx_word' id='word_1_66' title='bbox 515 821 612 865; x_wconf 86' lang='lat' dir='ltr'>quae</span> <span class='ocrx_word' id='word_1_67' title='bbox 636 802 823 848; x_wconf 89' lang='lat' dir='ltr'>celerem</span> <span class='ocrx_word' id='word_1_68' title='bbox 847 813 980 866; x_wconf 89' lang='lat' dir='ltr'>atque</span> <span class='ocrx_word' id='word_1_69' title='bbox 994 792 1250 849; x_wconf 76' lang='lat' dir='ltr'>vinstabilem</span> <span class='ocrx_word' id='word_1_70' title='bbox 1275 815 1448 850; x_wconf 90' lang='lat' dir='ltr'>motum</span> <span class='ocrx_word' id='word_1_71' title='bbox 1472 806 1608 851; x_wconf 86' lang='lat' dir='ltr'>habe-</span> 
     </span>
     <span class='ocr_line' id='line_1_10' title="bbox 202 885 1607 947; baseline 0.001 -17"><span class='ocrx_word' id='word_1_72' title='bbox 202 895 322 944; x_wconf 85' lang='lat' dir='ltr'>rent,</span> <span class='ocrx_word' id='word_1_73' title='bbox 346 885 402 930; x_wconf 93' lang='lat' dir='ltr'>ad</span> <span class='ocrx_word' id='word_1_74' title='bbox 424 895 585 930; x_wconf 88' lang='lat' dir='ltr'>nutum</span> <span class='ocrx_word' id='word_1_75' title='bbox 613 894 656 929; x_wconf 87' lang='lat' dir='ltr'>et</span> <span class='ocrx_word' id='word_1_76' title='bbox 678 885 733 929; x_wconf 90' lang='lat' dir='ltr'>ad</span> <span class='ocrx_word' id='word_1_77' title='bbox 758 895 932 947; x_wconf 85' lang='lat' dir='ltr'>tempus</span> <span class='ocrx_word' id='word_1_78' title='bbox 955 902 1110 930; x_wconf 89' lang='lat' dir='ltr'>omnes</span> <span class='ocrx_word' id='word_1_79' title='bbox 1139 903 1208 931; x_wconf 87' lang='lat' dir='ltr'>res</span> <span class='ocrx_word' id='word_1_80' title='bbox 1236 886 1290 931; x_wconf 86' lang='lat' dir='ltr'>ab</span> <span class='ocrx_word' id='word_1_81' title='bbox 1315 886 1367 931; x_wconf 84' lang='lat' dir='ltr'>iis</span> <span class='ocrx_word' id='word_1_82' title='bbox 1396 885 1607 932; x_wconf 85' lang='lat' dir='ltr'>adminis-</span> 
     </span>
     <span class='ocr_line' id='line_1_11' title="bbox 203 965 1609 1024; baseline 0.002 -14"><span class='ocrx_word' id='word_1_83' title='bbox 203 976 440 1012; x_wconf 87' lang='lat' dir='ltr'>trarentur.</span> <span class='ocrx_word' id='word_1_84' title='bbox 475 968 556 1012; x_wconf 91' lang='lat' dir='ltr'>His</span> <span class='ocrx_word' id='word_1_85' title='bbox 589 965 803 1024; x_wconf 76' lang='lat' dir='ltr'>dimissis,</span> <span class='ocrx_word' id='word_1_86' title='bbox 833 977 877 1012; x_wconf 88' lang='lat' dir='ltr'>et</span> <span class='ocrx_word' id='word_1_87' title='bbox 910 977 1095 1012; x_wconf 89' lang='lat' dir='ltr'>ventum</span> <span class='ocrx_word' id='word_1_88' title='bbox 1124 977 1168 1012; x_wconf 88' lang='lat' dir='ltr'>et</span> <span class='ocrx_word' id='word_1_89' title='bbox 1192 977 1346 1013; x_wconf 86' lang='lat' dir='ltr'>aestum</span> <span class='ocrx_word' id='word_1_90' title='bbox 1376 985 1467 1013; x_wconf 91' lang='lat' dir='ltr'>uno</span> <span class='ocrx_word' id='word_1_91' title='bbox 1496 979 1609 1013; x_wconf 90' lang='lat' dir='ltr'>tem-</span> 
     </span>
     <span class='ocr_line' id='line_1_12' title="bbox 202 1048 1608 1111; baseline 0 -18"><span class='ocrx_word' id='word_1_92' title='bbox 202 1065 308 1109; x_wconf 83' lang='lat' dir='ltr'>pore</span> <span class='ocrx_word' id='word_1_93' title='bbox 340 1059 496 1093; x_wconf 87' lang='lat' dir='ltr'>nactus</span> <span class='ocrx_word' id='word_1_94' title='bbox 521 1048 792 1106; x_wconf 89' lang='lat' dir='ltr'>secundum,</span> <span class='ocrx_word' id='word_1_95' title='bbox 824 1048 928 1093; x_wconf 83' lang='lat' dir='ltr'>dato</span> <span class='ocrx_word' id='word_1_96' title='bbox 956 1049 1102 1111; x_wconf 85' lang='lat' dir='ltr'>signo,</span> <span class='ocrx_word' id='word_1_97' title='bbox 1134 1059 1178 1093; x_wconf 90' lang='lat' dir='ltr'>et</span> <span class='ocrx_word' id='word_1_98' title='bbox 1204 1049 1387 1094; x_wconf 89' lang='lat' dir='ltr'>sublatis</span> <span class='ocrx_word' id='word_1_99' title='bbox 1414 1049 1608 1107; x_wconf 90' lang='lat' dir='ltr'>ancoris,</span> 
     </span>
     <span class='ocr_line' id='line_1_13' title="bbox 201 1128 1610 1194; baseline 0.001 -20"><span class='ocrx_word' id='word_1_100' title='bbox 201 1130 378 1174; x_wconf 85' lang='lat' dir='ltr'>circiter</span> <span class='ocrx_word' id='word_1_101' title='bbox 400 1129 538 1174; x_wconf 85' lang='lat' dir='ltr'>millia</span> <span class='ocrx_word' id='word_1_102' title='bbox 561 1146 771 1192; x_wconf 85' lang='lat' dir='ltr'>passuum</span> <span class='ocrx_word' id='word_1_103' title='bbox 788 1146 853 1175; x_wconf 87' lang='lat' dir='ltr'>v11</span> <span class='ocrx_word' id='word_1_104' title='bbox 880 1130 932 1174; x_wconf 83' lang='lat' dir='ltr'>ab</span> <span class='ocrx_word' id='word_1_105' title='bbox 956 1147 1008 1175; x_wconf 91' lang='lat' dir='ltr'>eo</span> <span class='ocrx_word' id='word_1_106' title='bbox 1028 1128 1127 1175; x_wconf 94' lang='lat' dir='ltr'>loco</span> <span class='ocrx_word' id='word_1_107' title='bbox 1151 1148 1432 1194; x_wconf 79' lang='lat' dir='ltr'>progressu8,</span> <span class='ocrx_word' id='word_1_108' title='bbox 1453 1141 1610 1193; x_wconf 83' lang='lat' dir='ltr'>aperto</span> 
     </span>
     <span class='ocr_line' id='line_1_14' title="bbox 200 1209 999 1272; baseline 0 -17"><span class='ocrx_word' id='word_1_109' title='bbox 200 1227 249 1255; x_wconf 85' lang='lat' dir='ltr'>ac</span> <span class='ocrx_word' id='word_1_110' title='bbox 275 1209 411 1272; x_wconf 91' lang='lat' dir='ltr'>plano</span> <span class='ocrx_word' id='word_1_111' title='bbox 437 1210 567 1256; x_wconf 85' lang='lat' dir='ltr'>litore</span> <span class='ocrx_word' id='word_1_112' title='bbox 592 1229 726 1256; x_wconf 90' lang='lat' dir='ltr'>naves</span> <span class='ocrx_word' id='word_1_113' title='bbox 754 1212 999 1256; x_wconf 88' lang='lat' dir='ltr'>constituit.</span> 
     </span>
    </p>

    <p class='ocr_par' dir='ltr' id='par_1_4' title="bbox 194 1292 1613 2558">
     <span class='ocr_line' id='line_1_15' title="bbox 267 1292 1610 1356; baseline 0.002 -20"><span class='ocrx_word' id='word_1_114' title='bbox 267 1293 434 1338; x_wconf 86' lang='lat' dir='ltr'>XXIV.</span> <span class='ocrx_word' id='word_1_115' title='bbox 474 1295 532 1338; x_wconf 93' lang='lat' dir='ltr'>At</span> <span class='ocrx_word' id='word_1_116' title='bbox 575 1293 773 1347; x_wconf 88' lang='lat' dir='ltr'>barbari,</span> <span class='ocrx_word' id='word_1_117' title='bbox 818 1292 1005 1338; x_wconf 91' lang='lat' dir='ltr'>consilio</span> <span class='ocrx_word' id='word_1_118' title='bbox 1048 1296 1358 1338; x_wconf 86' lang='lat' dir='ltr'>Romanorum</span> <span class='ocrx_word' id='word_1_119' title='bbox 1406 1296 1610 1356; x_wconf 87' lang='lat' dir='ltr'>cognito,</span> 
     </span>
     <span class='ocr_line' id='line_1_16' title="bbox 201 1373 1613 1436; baseline 0.001 -18"><span class='ocrx_word' id='word_1_120' title='bbox 201 1374 426 1435; x_wconf 79' lang='lat' dir='ltr'>praemisso</span> <span class='ocrx_word' id='word_1_121' title='bbox 461 1375 662 1434; x_wconf 86' lang='lat' dir='ltr'>equitatu</span> <span class='ocrx_word' id='word_1_122' title='bbox 680 1383 723 1418; x_wconf 86' lang='lat' dir='ltr'>et</span> <span class='ocrx_word' id='word_1_123' title='bbox 753 1373 1006 1432; x_wconf 86' lang='lat' dir='ltr'>essedariis,</span> <span class='ocrx_word' id='word_1_124' title='bbox 1036 1391 1125 1434; x_wconf 89' lang='lat' dir='ltr'>quo</span> <span class='ocrx_word' id='word_1_125' title='bbox 1154 1374 1418 1435; x_wconf 87' lang='lat' dir='ltr'>plerumque</span> <span class='ocrx_word' id='word_1_126' title='bbox 1448 1392 1613 1436; x_wconf 85' lang='lat' dir='ltr'>genere</span> 
     </span>
     <span class='ocr_line' id='line_1_17' title="bbox 201 1453 1613 1516; baseline 0.002 -18"><span class='ocrx_word' id='word_1_127' title='bbox 201 1455 243 1498; x_wconf 89' lang='lat' dir='ltr'>in</span> <span class='ocrx_word' id='word_1_128' title='bbox 270 1453 437 1515; x_wconf 86' lang='lat' dir='ltr'>proeliis</span> <span class='ocrx_word' id='word_1_129' title='bbox 461 1456 528 1499; x_wconf 88' lang='lat' dir='ltr'>uti</span> <span class='ocrx_word' id='word_1_130' title='bbox 549 1465 845 1511; x_wconf 88' lang='lat' dir='ltr'>consuerunt,</span> <span class='ocrx_word' id='word_1_131' title='bbox 873 1453 1054 1516; x_wconf 85' lang='lat' dir='ltr'>reliquis</span> <span class='ocrx_word' id='word_1_132' title='bbox 1080 1456 1218 1516; x_wconf 92' lang='lat' dir='ltr'>copiis</span> <span class='ocrx_word' id='word_1_133' title='bbox 1241 1456 1486 1512; x_wconf 89' lang='lat' dir='ltr'>subsecuti,</span> <span class='ocrx_word' id='word_1_134' title='bbox 1514 1472 1613 1501; x_wconf 89' lang='lat' dir='ltr'>nos-</span> 
     </span>
     <span class='ocr_line' id='line_1_18' title="bbox 201 1536 1612 1598; baseline 0.001 -18"><span class='ocrx_word' id='word_1_135' title='bbox 201 1546 291 1580; x_wconf 87' lang='lat' dir='ltr'>tros</span> <span class='ocrx_word' id='word_1_136' title='bbox 326 1537 513 1581; x_wconf 87' lang='lat' dir='ltr'>navibus</span> <span class='ocrx_word' id='word_1_137' title='bbox 558 1536 709 1598; x_wconf 83' lang='lat' dir='ltr'>egredi</span> <span class='ocrx_word' id='word_1_138' title='bbox 755 1537 1066 1598; x_wconf 83' lang='lat' dir='ltr'>prohibebant.</span> <span class='ocrx_word' id='word_1_139' title='bbox 1110 1540 1217 1582; x_wconf 86' lang='lat' dir='ltr'>Erat</span> <span class='ocrx_word' id='word_1_140' title='bbox 1250 1537 1307 1581; x_wconf 93' lang='lat' dir='ltr'>ob</span> <span class='ocrx_word' id='word_1_141' title='bbox 1346 1537 1424 1582; x_wconf 90' lang='lat' dir='ltr'>has</span> <span class='ocrx_word' id='word_1_142' title='bbox 1459 1554 1612 1582; x_wconf 84' lang='lat' dir='ltr'>causas</span> 
     </span>
     <span class='ocr_line' id='line_1_19' title="bbox 199 1617 1610 1681; baseline 0.002 -20"><span class='ocrx_word' id='word_1_143' title='bbox 199 1634 371 1662; x_wconf 89' lang='lat' dir='ltr'>summa</span> <span class='ocrx_word' id='word_1_144' title='bbox 404 1617 659 1673; x_wconf 84' lang='lat' dir='ltr'>difficultas,</span> <span class='ocrx_word' id='word_1_145' title='bbox 692 1617 813 1679; x_wconf 90' lang='lat' dir='ltr'>quod</span> <span class='ocrx_word' id='word_1_146' title='bbox 844 1634 977 1662; x_wconf 88' lang='lat' dir='ltr'>naves</span> <span class='ocrx_word' id='word_1_147' title='bbox 1008 1628 1194 1679; x_wconf 89' lang='lat' dir='ltr'>propter</span> <span class='ocrx_word' id='word_1_148' title='bbox 1230 1618 1610 1681; x_wconf 81' lang='lat' dir='ltr'>magnitudinem,</span> 
     </span>
     <span class='ocr_line' id='line_1_20' title="bbox 200 1697 1612 1760; baseline 0.001 -18"><span class='ocrx_word' id='word_1_149' title='bbox 200 1698 283 1743; x_wconf 90' lang='lat' dir='ltr'>nisi</span> <span class='ocrx_word' id='word_1_150' title='bbox 321 1700 366 1743; x_wconf 90' lang='lat' dir='ltr'>in</span> <span class='ocrx_word' id='word_1_151' title='bbox 403 1698 515 1756; x_wconf 88' lang='lat' dir='ltr'>alto,</span> <span class='ocrx_word' id='word_1_152' title='bbox 555 1699 767 1744; x_wconf 89' lang='lat' dir='ltr'>constitui</span> <span class='ocrx_word' id='word_1_153' title='bbox 809 1716 900 1743; x_wconf 91' lang='lat' dir='ltr'>non</span> <span class='ocrx_word' id='word_1_154' title='bbox 937 1709 1170 1760; x_wconf 72' lang='lat' dir='ltr'>poterant,</span> <span class='ocrx_word' id='word_1_155' title='bbox 1210 1697 1428 1745; x_wconf 84' lang='lat' dir='ltr'>militibus</span> <span class='ocrx_word' id='word_1_156' title='bbox 1461 1710 1612 1745; x_wconf 89' lang='lat' dir='ltr'>autem</span> 
     </span>
     <span class='ocr_line' id='line_1_21' title="bbox 199 1779 1612 1843; baseline 0.001 -19"><span class='ocrx_word' id='word_1_157' title='bbox 199 1781 360 1842; x_wconf 84' lang='lat' dir='ltr'>ignotis</span> <span class='ocrx_word' id='word_1_158' title='bbox 388 1779 519 1837; x_wconf 91' lang='lat' dir='ltr'>locis,</span> <span class='ocrx_word' id='word_1_159' title='bbox 543 1780 769 1842; x_wconf 89' lang='lat' dir='ltr'>impeditis</span> <span class='ocrx_word' id='word_1_160' title='bbox 792 1781 1019 1837; x_wconf 87' lang='lat' dir='ltr'>manibus,</span> <span class='ocrx_word' id='word_1_161' title='bbox 1049 1798 1213 1843; x_wconf 83' lang='lat' dir='ltr'>magno</span> <span class='ocrx_word' id='word_1_162' title='bbox 1243 1791 1287 1825; x_wconf 91' lang='lat' dir='ltr'>et</span> <span class='ocrx_word' id='word_1_163' title='bbox 1313 1782 1438 1843; x_wconf 83' lang='lat' dir='ltr'>gravi</span> <span class='ocrx_word' id='word_1_164' title='bbox 1462 1794 1612 1826; x_wconf 87' lang='lat' dir='ltr'>armo-</span> 
     </span>
     <span class='ocr_line' id='line_1_22' title="bbox 199 1861 1611 1924; baseline 0.001 -17"><span class='ocrx_word' id='word_1_165' title='bbox 199 1879 296 1907; x_wconf 83' lang='lat' dir='ltr'>rum</span> <span class='ocrx_word' id='word_1_166' title='bbox 322 1879 457 1907; x_wconf 87' lang='lat' dir='ltr'>onere</span> <span class='ocrx_word' id='word_1_167' title='bbox 480 1862 727 1924; x_wconf 87' lang='lat' dir='ltr'>oppressis,</span> <span class='ocrx_word' id='word_1_168' title='bbox 757 1861 889 1906; x_wconf 90' lang='lat' dir='ltr'>simul</span> <span class='ocrx_word' id='word_1_169' title='bbox 919 1871 962 1905; x_wconf 93' lang='lat' dir='ltr'>et</span> <span class='ocrx_word' id='word_1_170' title='bbox 991 1861 1045 1905; x_wconf 85' lang='lat' dir='ltr'>de</span> <span class='ocrx_word' id='word_1_171' title='bbox 1076 1862 1263 1906; x_wconf 84' lang='lat' dir='ltr'>navibus</span> <span class='ocrx_word' id='word_1_172' title='bbox 1293 1861 1611 1921; x_wconf 89' lang='lat' dir='ltr'>desiliendum,</span> 
     </span>
     <span class='ocr_line' id='line_1_23' title="bbox 199 1942 1611 2006; baseline 0.002 -19"><span class='ocrx_word' id='word_1_173' title='bbox 199 1954 242 1987; x_wconf 85' lang='lat' dir='ltr'>et</span> <span class='ocrx_word' id='word_1_174' title='bbox 268 1945 313 1987; x_wconf 90' lang='lat' dir='ltr'>in</span> <span class='ocrx_word' id='word_1_175' title='bbox 343 1943 552 1988; x_wconf 87' lang='lat' dir='ltr'>fluctibus</span> <span class='ocrx_word' id='word_1_176' title='bbox 583 1942 941 1999; x_wconf 88' lang='lat' dir='ltr'>consistendum,</span> <span class='ocrx_word' id='word_1_177' title='bbox 969 1952 1012 1986; x_wconf 88' lang='lat' dir='ltr'>et</span> <span class='ocrx_word' id='word_1_178' title='bbox 1038 1959 1140 1987; x_wconf 89' lang='lat' dir='ltr'>cum</span> <span class='ocrx_word' id='word_1_179' title='bbox 1172 1942 1376 1988; x_wconf 90' lang='lat' dir='ltr'>hostibus</span> <span class='ocrx_word' id='word_1_180' title='bbox 1403 1954 1500 1989; x_wconf 86' lang='lat' dir='ltr'>erat</span> <span class='ocrx_word' id='word_1_181' title='bbox 1527 1962 1611 2006; x_wconf 90' lang='lat' dir='ltr'>pu-</span> 
     </span>
     <span class='ocr_line' id='line_1_24' title="bbox 198 2022 1611 2087; baseline 0.002 -20"><span class='ocrx_word' id='word_1_182' title='bbox 198 2023 427 2086; x_wconf 86' lang='lat' dir='ltr'>gnandum</span> <span class='ocrx_word' id='word_1_183' title='bbox 442 2042 450 2068; x_wconf 79' lang='lat' dir='ltr'>z</span> <span class='ocrx_word' id='word_1_184' title='bbox 466 2040 605 2085; x_wconf 88' lang='lat' dir='ltr'>quum</span> <span class='ocrx_word' id='word_1_185' title='bbox 624 2022 711 2080; x_wconf 92' lang='lat' dir='ltr'>illi,</span> <span class='ocrx_word' id='word_1_186' title='bbox 727 2033 803 2067; x_wconf 86' lang='lat' dir='ltr'>aut</span> <span class='ocrx_word' id='word_1_187' title='bbox 818 2040 872 2067; x_wconf 80' lang='lat' dir='ltr'>ex</span> <span class='ocrx_word' id='word_1_188' title='bbox 888 2023 1034 2079; x_wconf 88' lang='lat' dir='ltr'>arido,</span> <span class='ocrx_word' id='word_1_189' title='bbox 1050 2033 1128 2068; x_wconf 86' lang='lat' dir='ltr'>aut</span> <span class='ocrx_word' id='word_1_190' title='bbox 1139 2022 1373 2085; x_wconf 87' lang='lat' dir='ltr'>paululum</span> <span class='ocrx_word' id='word_1_191' title='bbox 1387 2026 1432 2069; x_wconf 91' lang='lat' dir='ltr'>in</span> <span class='ocrx_word' id='word_1_192' title='bbox 1449 2042 1611 2087; x_wconf 84' lang='lat' dir='ltr'>aquam</span> 
     </span>
     <span class='ocr_line' id='line_1_25' title="bbox 200 2104 1612 2167; baseline 0.002 -18"><span class='ocrx_word' id='word_1_193' title='bbox 200 2106 439 2167; x_wconf 86' lang='lat' dir='ltr'>progressi,</span> <span class='ocrx_word' id='word_1_194' title='bbox 477 2105 685 2149; x_wconf 89' lang='lat' dir='ltr'>omnibus</span> <span class='ocrx_word' id='word_1_195' title='bbox 717 2105 929 2149; x_wconf 89' lang='lat' dir='ltr'>membris</span> <span class='ocrx_word' id='word_1_196' title='bbox 964 2104 1180 2166; x_wconf 82' lang='lat' dir='ltr'>expediti,</span> <span class='ocrx_word' id='word_1_197' title='bbox 1220 2106 1463 2151; x_wconf 85' lang='lat' dir='ltr'>notissimis</span> <span class='ocrx_word' id='word_1_198' title='bbox 1502 2106 1612 2152; x_wconf 87' lang='lat' dir='ltr'>locis</span> 
     </span>
     <span class='ocr_line' id='line_1_26' title="bbox 198 2186 1608 2248; baseline 0.002 -18"><span class='ocrx_word' id='word_1_199' title='bbox 198 2186 408 2231; x_wconf 85' lang='lat' dir='ltr'>audacter</span> <span class='ocrx_word' id='word_1_200' title='bbox 423 2186 510 2231; x_wconf 84' lang='lat' dir='ltr'>tela</span> <span class='ocrx_word' id='word_1_201' title='bbox 533 2186 828 2248; x_wconf 86' lang='lat' dir='ltr'>conjicerent,</span> <span class='ocrx_word' id='word_1_202' title='bbox 845 2196 888 2231; x_wconf 88' lang='lat' dir='ltr'>et</span> <span class='ocrx_word' id='word_1_203' title='bbox 917 2203 1054 2248; x_wconf 90' lang='lat' dir='ltr'>equos</span> <span class='ocrx_word' id='word_1_204' title='bbox 1069 2186 1337 2232; x_wconf 82' lang='lat' dir='ltr'>insuefactos</span> <span class='ocrx_word' id='word_1_205' title='bbox 1351 2188 1608 2233; x_wconf 89' lang='lat' dir='ltr'>incitarent.</span> 
     </span>
     <span class='ocr_line' id='line_1_27' title="bbox 200 2268 1611 2331; baseline 0.001 -19"><span class='ocrx_word' id='word_1_206' title='bbox 200 2268 376 2326; x_wconf 85' lang='lat' dir='ltr'>Quibus</span> <span class='ocrx_word' id='word_1_207' title='bbox 417 2269 549 2313; x_wconf 90' lang='lat' dir='ltr'>rebus</span> <span class='ocrx_word' id='word_1_208' title='bbox 588 2269 730 2313; x_wconf 89' lang='lat' dir='ltr'>nostri</span> <span class='ocrx_word' id='word_1_209' title='bbox 774 2269 1023 2330; x_wconf 87' lang='lat' dir='ltr'>perterriti,</span> <span class='ocrx_word' id='word_1_210' title='bbox 1068 2279 1201 2330; x_wconf 88' lang='lat' dir='ltr'>atque</span> <span class='ocrx_word' id='word_1_211' title='bbox 1243 2269 1377 2331; x_wconf 86' lang='lat' dir='ltr'>hujus</span> <span class='ocrx_word' id='word_1_212' title='bbox 1424 2271 1611 2314; x_wconf 90' lang='lat' dir='ltr'>omnino</span> 
     </span>
     <span class='ocr_line' id='line_1_28' title="bbox 197 2349 1612 2412; baseline 0.002 -19"><span class='ocrx_word' id='word_1_213' title='bbox 197 2350 370 2412; x_wconf 85' lang='lat' dir='ltr'>generis</span> <span class='ocrx_word' id='word_1_214' title='bbox 407 2367 567 2412; x_wconf 83' lang='lat' dir='ltr'>pugnae</span> <span class='ocrx_word' id='word_1_215' title='bbox 600 2351 822 2412; x_wconf 88' lang='lat' dir='ltr'>imperiti,</span> <span class='ocrx_word' id='word_1_216' title='bbox 855 2367 946 2394; x_wconf 89' lang='lat' dir='ltr'>non</span> <span class='ocrx_word' id='word_1_217' title='bbox 984 2350 1138 2395; x_wconf 87' lang='lat' dir='ltr'>eadem</span> <span class='ocrx_word' id='word_1_218' title='bbox 1175 2349 1403 2395; x_wconf 85' lang='lat' dir='ltr'>alacritate</span> <span class='ocrx_word' id='word_1_219' title='bbox 1435 2368 1486 2396; x_wconf 90' lang='lat' dir='ltr'>ac</span> <span class='ocrx_word' id='word_1_220' title='bbox 1520 2362 1612 2396; x_wconf 90' lang='lat' dir='ltr'>stu-</span> 
     </span>
     <span class='ocr_line' id='line_1_29' title="bbox 198 2432 1609 2495; baseline 0.001 -19"><span class='ocrx_word' id='word_1_221' title='bbox 198 2433 290 2488; x_wconf 51' lang='lat' dir='ltr'>iiio,</span> <span class='ocrx_word' id='word_1_222' title='bbox 318 2449 407 2493; x_wconf 91' lang='lat' dir='ltr'>quo</span> <span class='ocrx_word' id='word_1_223' title='bbox 435 2433 478 2476; x_wconf 89' lang='lat' dir='ltr'>in</span> <span class='ocrx_word' id='word_1_224' title='bbox 508 2432 784 2494; x_wconf 85' lang='lat' dir='ltr'>pedestribus</span> <span class='ocrx_word' id='word_1_225' title='bbox 817 2434 881 2477; x_wconf 92' lang='lat' dir='ltr'>uti</span> <span class='ocrx_word' id='word_1_226' title='bbox 915 2432 1080 2495; x_wconf 83' lang='lat' dir='ltr'>proeliis</span> <span class='ocrx_word' id='word_1_227' title='bbox 1113 2443 1464 2490; x_wconf 88' lang='lat' dir='ltr'>consueverant,</span> <span class='ocrx_word' id='word_1_228' title='bbox 1495 2435 1609 2478; x_wconf 85' lang='lat' dir='ltr'>nite-</span> 
     </span>
     <span class='ocr_line' id='line_1_30' title="bbox 194 2513 371 2558; baseline 0.011 -4"><span class='ocrx_word' id='word_1_229' title='bbox 194 2513 371 2558; x_wconf 79' lang='lat' dir='ltr'>bantur.</span> 
     </span>
    </p>

    <p class='ocr_par' dir='ltr' id='par_1_5' title="bbox 259 2596 1608 2659">
     <span class='ocr_line' id='line_1_31' title="bbox 259 2596 1608 2659; baseline 0.001 -19"><span class='ocrx_word' id='word_1_230' title='bbox 259 2597 399 2640; x_wconf 86' lang='lat' dir='ltr'><strong>XXV.</strong></span> <span class='ocrx_word' id='word_1_231' title='bbox 441 2596 577 2655; x_wconf 86' lang='lat' dir='ltr'>Quod</span> <span class='ocrx_word' id='word_1_232' title='bbox 612 2596 685 2641; x_wconf 88' lang='lat' dir='ltr'>ubi</span> <span class='ocrx_word' id='word_1_233' title='bbox 715 2599 863 2642; x_wconf 81' lang='lat' dir='ltr'>Caesar</span> <span class='ocrx_word' id='word_1_234' title='bbox 896 2598 1232 2655; x_wconf 77' lang='lat' dir='ltr'>animadvertit,</span> <span class='ocrx_word' id='word_1_235' title='bbox 1269 2615 1402 2642; x_wconf 87' lang='lat' dir='ltr'>naves</span> <span class='ocrx_word' id='word_1_236' title='bbox 1433 2597 1608 2659; x_wconf 81' lang='lat' dir='ltr'>longas,</span> 
     </span>
    </p>
   </div>
   <div class='ocr_carea' id='block_1_4' title="bbox 195 2680 1608 2740">
    <p class='ocr_par' dir='ltr' id='par_1_6' title="bbox 195 2680 1608 2740">
     <span class='ocr_line' id='line_1_32' title="bbox 195 2680 1608 2740; baseline 0.003 -20"><span class='ocrx_word' id='word_1_237' title='bbox 195 2694 383 2737; x_wconf 74' lang='lat' dir='ltr'>quarum</span> <span class='ocrx_word' id='word_1_238' title='bbox 431 2688 471 2722; x_wconf 88' lang='lat' dir='ltr'>et</span> <span class='ocrx_word' id='word_1_239' title='bbox 519 2680 683 2740; x_wconf 83' lang='lat' dir='ltr'>species</span> <span class='ocrx_word' id='word_1_240' title='bbox 726 2690 817 2724; x_wconf 85' lang='lat' dir='ltr'>erat</span> <span class='ocrx_word' id='word_1_241' title='bbox 861 2680 1061 2725; x_wconf 84' lang='lat' dir='ltr'>barbaris</span> <span class='ocrx_word' id='word_1_242' title='bbox 1102 2681 1376 2736; x_wconf 82' lang='lat' dir='ltr'>inusitatior,</span> <span class='ocrx_word' id='word_1_243' title='bbox 1428 2690 1469 2724; x_wconf 89' lang='lat' dir='ltr'>et</span> <span class='ocrx_word' id='word_1_244' title='bbox 1516 2697 1608 2724; x_wconf 88' lang='lat' dir='ltr'>mo-</span> 
     </span>
    </p>
   </div>
  </div>
 </body>
</html>
