1972 3356
441 258 508 293 162
665 254 703 289 C.
731 253 859 288 JULH
887 252 1107 288 CAESARIS
1138 252 1398 288 COMMENT.
1429 254 1575 290 LIBER

433 347 542 383 essct
562 339 604 382 in
619 337 727 380 duas
746 346 890 396 partes
919 335 1023 380 urbs
1049 336 1182 380 divisa
1197 370 1208 392 ,
1233 337 1344 379 acies
1373 352 1462 379 uno
1485 337 1668 382 consilio
1687 349 1816 400 atque

435 418 618 478 imperio
649 415 1057 473 administraretur;
1087 414 1266 472 deinde,
1301 425 1350 459 ut
1388 415 1687 466 laborantibus
1719 434 1815 464 suc-

431 498 571 554 curri,
590 507 719 558 atque
732 513 786 541 ex
809 495 943 541 altera
972 496 1121 558 oppidi
1150 506 1272 557 parte
1286 495 1494 541 auxilium
1520 496 1622 541 ferri
1648 509 1814 559 posset3

433 579 476 622 in
504 578 654 639 primis
684 594 808 632 vero,
833 587 880 621 ut
907 594 1020 638 aqua
1048 577 1294 638 pabuloque
1330 576 1590 634 abundaret;
1628 595 1829 641 quarum?

433 658 610 703 alterius
648 659 708 703 rei
742 658 912 720 copiam
955 658 1183 719 exiguam,
1220 655 1398 702 alterius
1435 656 1600 702 nullam
1635 645 1817 703 omnino

434 737 685 784 facultatem
698 738 910 795 habebat3
934 736 1052 799 quod
1076 748 1313 798 utrumque
1338 736 1459 799 palus
1479 737 1600 800 large
1626 739 1818 800 praebere

435 829 618 880 poterat.

500 902 553 945 II.
611 902 766 961 Neque
802 917 905 944 vero
948 899 1256 944 Alexandrinis
1302 901 1346 943 iu
1381 899 1582 961 gerendis
1632 901 1818 960 negotiis

435 982 656 1026 cunctatio
707 979 792 1024 ulla
838 990 914 1024 aut
946 996 1067 1023 mora
1106 979 1388 1024 inferebatur.
1428 981 1543 1024 Nam
1582 980 1624 1024 in
1667 997 1819 1025 omnes

437 1073 600 1122 partes,
631 1078 707 1122 per
726 1077 833 1121 quas
851 1059 960 1104 fines
984 1060 1156 1121 aegyptii
1178 1076 1450 1121 regnumque
1471 1061 1682 1121 pertinet,
1701 1059 1819 1123 lega-

436 1152 501 1185 tos
530 1142 958 1202 conquisitoresque,
983 1139 1168 1185 dilectus
1188 1138 1379 1183 habendi
1407 1155 1560 1195 causa,
1586 1141 1818 1196 miserant,

436 1237 730 1283 magnumque
759 1237 991 1265 numerum
1028 1221 1070 1263 in
1100 1218 1312 1281 oppidum
1348 1218 1536 1264 telorum
1575 1229 1706 1281 atque
1730 1229 1820 1264 tor-

436 1312 686 1346 mentorum
704 1310 1023 1357 convexerant,
1051 1309 1092 1344 et
1117 1298 1478 1344 innumerabilem
1492 1298 1821 1345 multitudinem

437 1382 723 1427 adduxerant.
755 1383 848 1427 Nec
871 1381 1014 1425 minus
1032 1381 1075 1424 in
1102 1381 1209 1425 urbe
1230 1381 1426 1425 maximae
1445 1397 1671 1425 armorum
1696 1391 1822 1429 erant

438 1465 645 1507 institutae
671 1461 869 1507 officinae.
898 1464 1056 1506 Servos
1084 1471 1291 1522 praeterea
1309 1461 1497 1523 puberes
1520 1471 1822 1518 armaverant,

438 1543 596 1604 quibus
638 1543 804 1586 domini
850 1540 1153 1603 locupletiores
1201 1542 1365 1585 victum
1401 1541 1707 1602 quotidianum
1744 1543 1820 1585 sti-

439 1624 735 1684 pendiumque
760 1622 1023 1684 praebebant.
1052 1624 1142 1666 Hac
1168 1620 1448 1666 multitudine
1470 1621 1702 1683 disposita,
1724 1639 1821 1666 mu-

439 1705 626 1748 nitiones
664 1714 928 1748 semotarum
960 1703 1151 1764 partium
1194 1702 1453 1758 tuebantur;
1495 1712 1719 1747 veteranas
1748 1719 1822 1747 co-

439 1786 585 1829 hortes
612 1800 771 1829 vacuas
799 1785 843 1827 in
881 1782 1173 1828 celeberrimis
1201 1783 1321 1827 urbis
1348 1782 1453 1827 locis
1481 1783 1726 1840 habebant,
1750 1794 1824 1838 ut,

440 1881 700 1926 quacunque
719 1865 897 1926 regione
921 1873 1214 1925 pugnaretur,
1238 1864 1417 1926 integris
1440 1864 1606 1908 viribus
1621 1863 1676 1908 ad
1698 1865 1823 1909 auxi-

440 1945 547 1990 lium
584 1945 808 1990 ferendum
839 1954 1100 2005 opportunae
1132 1954 1286 1989 essent.
1330 1944 1548 1989 Omnibus
1586 1945 1664 1989 viis
1692 1954 1826 2006 atque

440 2026 684 2088 angiportis
697 2024 912 2086 triplicem
932 2024 1096 2069 vallum
1113 2024 1412 2081 obduxerant3
1435 2035 1527 2070 erat
1551 2035 1696 2070 autem
1720 2042 1826 2086 qua-

440 2107 567 2150 drato
590 2115 836 2150 exstructus
863 2121 986 2160 saxo,
1012 2121 1153 2166 neque
1178 2105 1322 2149 minus
1339 2122 1397 2150 Χῖ,
1424 2105 1555 2166 pedes
1582 2104 1825 2150 altitudinis

439 2187 652 2231 habebat:
673 2202 857 2247 quaeque
871 2195 1016 2247 partes
1046 2187 1166 2230 urbis
1191 2184 1418 2230 inferiores
1437 2196 1589 2239 erant,
1614 2186 1691 2230 has
1708 2184 1825 2231 altis-

440 2267 558 2311 simis
576 2267 769 2311 turribus
781 2266 993 2311 denorum
1008 2265 1305 2311 tabulatorum
1330 2267 1590 2311 munierant.
1610 2269 1826 2310 Praeterea

440 2346 545 2391 alias
563 2346 875 2391 ambulatorias
892 2345 1072 2390 totidem
1092 2345 1390 2390 tabulatorum
1405 2345 1702 2402 confixerant3
1726 2347 1825 2391 sub-

437 2428 649 2489 jectisque
673 2444 743 2472 eas
770 2428 878 2471 rotis
896 2461 907 2482 ,
933 2426 1110 2471 funibus
1131 2428 1430 2488 jumentisque
1454 2427 1656 2488 objectis,
1681 2427 1823 2471 direc-

441 2509 494 2552 tis
513 2508 666 2570 plateis
693 2509 736 2553 in
761 2524 1068 2569 quamcunque
1098 2518 1190 2552 erat
1218 2508 1358 2552 visum
1376 2518 1542 2570 partem
1573 2507 1821 2552 movebant.

508 2592 583 2632 ΙΙΙ.
620 2590 734 2634 Urbs
762 2588 1022 2633 fertilissima
1053 2599 1094 2633 et
1119 2590 1414 2651 copiosissima
1451 2589 1650 2633 omnium
1677 2605 1824 2632 rerum

442 2679 677 2729 apparatus
693 2669 964 2731 suggerebat.
985 2670 1072 2730 Ipsi
1090 2669 1314 2726 homines,
1342 2669 1675 2731 ingeniosissimi
1696 2678 1827 2730 atque
