1972 3356
291 308 341 344 90
515 291 553 327 C.
586 291 714 327 JULII
743 288 957 325 CAESARIS
987 289 1465 325 COMMENTARIORUM

293 387 520 433 eusarent‚
540 375 658 436 quod
673 375 873 418 homines
893 373 1091 429 barbari,
1107 382 1149 416 et
1170 382 1329 417 nostrae
1349 372 1679 418 consuetudinis

291 458 504 519 imperiti,
524 455 688 500 bellum
710 453 876 515 populo
896 470 1083 498 romano
1102 453 1323 510 fecissent,
1342 470 1473 514 seque
1496 469 1566 509 ea,
1585 470 1680 514 quae

291 541 562 599 imperasset,
603 537 794 581 facturos
835 534 1162 596 pollicerentur.
1202 536 1298 578 Hoc
1335 534 1417 577 sibi
1462 534 1563 577 satis
1606 550 1680 594 op-

290 628 480 679 portune
519 619 665 662 Caesar
702 615 912 660 accidisse
945 616 1202 668 arbitratus,
1244 614 1364 676 quod
1400 630 1542 675 neque
1580 624 1681 675 post

290 709 462 761 tergum
497 699 667 743 hostem
696 696 945 758 relinquere
974 696 1168 753 volebat,
1199 713 1341 758 neque
1367 694 1471 740 belli
1499 695 1680 757 gerendi

289 790 470 842 propter
493 780 596 824 anni
620 789 793 840 tempus
811 777 1067 823 facultatem
1091 778 1305 834 habebat,
1324 794 1467 838 neque
1489 777 1567 821 has
1585 787 1681 821 tan—

290 860 485 906 tularum
513 877 661 905 rerum
690 860 1003 921 occupationes
1031 859 1112 903 sibi
1140 858 1380 902 Britanniae
1408 867 1679 918 anteponen-

289 941 366 986 das
386 941 634 1003 judicabat,
660 957 871 1002 magnum
896 940 963 984 his
987 938 1190 983 obsidum
1214 955 1447 982 numerum
1475 939 1677 999 imperat.

287 1023 462 1081 Quibus
488 1022 715 1076 adductis,
737 1037 810 1065 eos
841 1022 886 1064 in
913 1019 1043 1064 fidem
1071 1020 1246 1080 recepit.
1278 1019 1476 1063 Navibus
1505 1019 1679 1062 circiter

289 1122 407 1149 Lxxx
442 1103 655 1148 onerariis
683 1103 846 1147 coactis
870 1102 1213 1161 contractisque,
1240 1110 1349 1161 quot
1372 1101 1476 1145 satis
1505 1117 1597 1145 esse
1625 1099 1680 1144 ad

290 1185 396 1229 duas
415 1183 778 1246 transportandas
801 1181 994 1244 legiones
1016 1181 1317 1237 existimabat,
1340 1180 1556 1241 quidquid
1574 1198 1681 1242 prae-

288 1276 405 1312 terea
429 1265 609 1309 navium
626 1263 862 1325 longarum
885 1263 1096 1318 habebat,
1121 1262 1348 1322 quaestori,
1378 1260 1552 1323 legatis,
1574 1279 1682 1323 prae-

290 1347 502 1407 sectisque
526 1345 765 1390 distribuit.
798 1347 898 1388 Huc
927 1343 1196 1388 accedebant
1220 1359 1334 1388 xvnl
1363 1343 1575 1387 onerariae
1603 1360 1681 1387 na-

289 1444 383 1484 ves,
419 1443 516 1487 quae
549 1444 601 1470 ex
634 1443 686 1469 eo
723 1425 818 1469 loco
855 1426 910 1469 ab
946 1423 1141 1468 millibus
1182 1440 1387 1484 passuum
1428 1440 1512 1469 vul
1548 1434 1682 1469 vento

290 1508 575 1563 tenebantur,
612 1523 701 1567 quo
734 1506 880 1550 minus
915 1507 959 1549 in
994 1504 1198 1549 eumdem
1235 1514 1414 1566 portum
1450 1507 1681 1566 pervenire

291 1598 480 1650 possent.
517 1590 606 1632 Has
639 1587 861 1648 equitibus
896 1586 1153 1631 distribuit:
1188 1585 1407 1647 reliquum
1440 1587 1679 1630 exercitum

288 1672 343 1728 Q.
372 1671 545 1715 Titurio
572 1670 735 1715 Sabino
764 1679 807 1713 et
833 1670 882 1712 L.
916 1667 1217 1713 Aurunculeio
1241 1670 1401 1724 Cottae,
1432 1667 1604 1730 legatis,
1637 1669 1681 1711 in

288 1752 519 1812 Menapios
542 1760 674 1811 atque
703 1751 748 1793 in
778 1766 850 1793 eos
878 1765 1013 1810 pagos
1037 1749 1338 1804 Morinorum,
1366 1750 1419 1792 ab
1444 1750 1604 1810 quibus
1627 1749 1682 1792 ad

288 1849 389 1876 eum
416 1830 548 1892 legati
577 1847 667 1874 non
696 1837 929 1885 venerant,
958 1827 1263 1872 deducendum
1292 1829 1425 1873 dedit.
1456 1832 1504 1873 P.
1534 1829 1682 1890 Sulpi-

290 1914 398 1956 tium
422 1912 609 1968 Rufum,
640 1910 855 1971 legatum,
881 1926 981 1953 cum
1007 1926 1057 1952 co
1077 1909 1304 1969 praesidio,
1326 1909 1445 1970 quod
1463 1911 1565 1954 satis
1590 1927 1682 1954 esse

287 1992 610 2047 arbitrabatur,
635 2000 814 2051 portum
839 2000 988 2034 tenere
1008 1990 1153 2051 jussit.

350 2074 518 2119 XXIII.
545 2072 623 2116 His
652 2071 903 2116 constitutis
933 2071 1084 2128 rebus,
1112 2080 1266 2115 nactus
1294 2070 1497 2116 idoneam
1523 2072 1578 2116 ad
1605 2089 1680 2116 na-

289 2153 527 2216 vigandum
559 2161 888 2214 tempestatem,
917 2152 1045 2195 tertia
1078 2152 1167 2196 fere
1195 2151 1344 2213 vigilia
1373 2152 1530 2209 solvit,
1557 2154 1680 2215 equi-

288 2245 439 2295 tesque
463 2235 508 2278 in
528 2233 783 2278 ulteriorem
804 2242 983 2293 portum
1005 2232 1235 2294 progredi,
1260 2243 1303 2277 et
1323 2250 1454 2277 naves
1475 2251 1680 2278 conscen-

288 2316 412 2373 dere,
457 2324 501 2358 et
535 2331 579 2358 se
622 2314 745 2375 sequi
778 2313 908 2374 jussit
951 2330 959 2356 :
998 2330 1021 2356 a
1054 2312 1212 2373 quibus
1248 2330 1384 2373 quum
1420 2313 1551 2375 paulo
1594 2324 1679 2358 tar-

288 2396 386 2440 dius
410 2401 524 2439 esset
555 2394 935 2450 administratum,
962 2394 1053 2454 ipse
1078 2393 1186 2437 hora
1209 2393 1294 2437 diei
1325 2395 1499 2439 circiter
1521 2405 1678 2454 quarta

286 2496 387 2523 cum
411 2477 565 2537 primis
588 2474 772 2520 navibus
794 2475 1066 2519 Britanniam
1095 2476 1260 2535 attigit,
1283 2485 1415 2536 atquc
1439 2475 1498 2518 ibi
1522 2477 1566 2518 in
1590 2493 1677 2521 om«

291 2557 416 2601 nibus
429 2555 612 2601 collibus
626 2557 843 2617 expositas
857 2556 1049 2599 hostium
1066 2556 1214 2616 copias
1229 2565 1418 2600 armatas
1434 2558 1674 2617 conspexit.

289 2638 426 2697 Cujus
460 2636 544 2681 loci
579 2637 668 2681 hacc
703 2646 793 2680 erat
835 2646 991 2680 natura
1024 2657 1031 2679 ι
1076 2636 1185 2680 adeo
1219 2636 1444 2680 montibus
1482 2639 1677 2699 angustis

289 2733 406 2760 marc
432 2718 767 2774 continebatur,
800 2719 860 2761 uti
886 2735 934 2761 cx
961 2716 1068 2761 locis
1094 2716 1393 2777 superioribus
1419 2718 1460 2761 in
1488 2716 1589 2763 litus
1618 2729 1677 2762 tc—
