1972 3356
363 241 1376 259 mmmmm
1380 239 1746 259 mmmmm

650 445 724 513 C.
760 446 1010 514 JULII
1048 446 1460 515 CAESARIS

451 667 1660 758 COMMENTARIORUM

688 907 785 961 DE
823 907 1064 962 BELLo
1103 907 1428 963 GALLICo

766 1128 963 1171 LIBER
1000 1128 1339 1172 SEPTIMUS.

947 1358 1138 1367 ———-—

357 1543 389 1585 Ι.
408 1509 647 1612 QUIETA
675 1540 840 1596 Gallia,
870 1544 1036 1599 Caesar,
1067 1553 1115 1586 ut
1146 1543 1460 1598 constituerat,
1492 1543 1535 1585 in
1573 1540 1747 1585 Italiam

356 1622 411 1666 ad
453 1633 694 1668 conventus
739 1621 929 1684 agendos
978 1622 1284 1684 proficiscitur.
1328 1623 1393 1666 Ibi
1435 1623 1658 1684 cognoscit
1695 1622 1747 1665 de

356 1704 402 1745 P.
438 1702 584 1748 Clodii
616 1703 755 1759 caede;
789 1712 1054 1764 senatusque
1082 1702 1284 1747 consulto
1311 1704 1471 1747 certior
1505 1702 1671 1758 factus,
1699 1713 1748 1746 ut

357 1800 509 1827 omnes
525 1784 721 1844 juniores
744 1782 882 1827 Italiae
902 1784 1207 1844 conjurarent,
1231 1782 1440 1827 dilectum
1466 1792 1558 1827 tota
1574 1783 1749 1843 provin-

357 1865 420 1907 cia
447 1864 607 1908 habere
632 1864 835 1907 instituit.
860 1865 932 1908 Eae
960 1880 1027 1907 res
1050 1864 1094 1906 in
1119 1861 1311 1907 Galliam
1336 1861 1654 1924 transalpinam
1677 1880 1747 1907 cc-

355 1944 503 1988 leriter
533 1943 831 2004 perferuntur.
858 1943 1041 1988 Addunt
1068 1944 1150 2004 ipsi
1183 1953 1225 1987 et
1249 1942 1470 2005 affingunt
1494 1943 1745 1987 rumoribus

354 2023 495 2081 Galli,
515 2024 634 2085 quod
657 2041 726 2068 res
749 2041 925 2085 poscere
955 2024 1203 2080 videbatur,
1228 2024 1409 2068 retineri
1430 2024 1601 2068 urbano
1623 2034 1746 2068 motu

354 2106 591 2159 Coesarem,
627 2121 767 2166 neque
802 2106 846 2148 in
882 2106 1014 2148 tantis
1049 2104 1394 2149 dissensionibus
1424 2104 1479 2148 ad
1504 2104 1744 2148 exercitum

351 2186 502 2229 venire
539 2202 678 2246 posse.
712 2188 805 2229 Hac
835 2184 1013 2247 impulsi
1045 2187 1293 2239 occasione,
1332 2186 1408 2245 qui
1436 2186 1527 2246 jam
1565 2194 1667 2228 ante
1701 2201 1745 2227 se

351 2264 504 2326 populi
528 2267 698 2310 romani
720 2266 906 2327 imperio
925 2266 1143 2327 subjectos
1167 2265 1388 2321 dolerent,
1412 2264 1592 2310 liberius
1613 2275 1744 2325 atque

350 2345 558 2390 audacius
584 2346 637 2390 de
666 2345 782 2389 bello
815 2345 997 2390 consilia
1022 2347 1133 2390 inire
1156 2347 1389 2407 incipiunt.
1421 2345 1603 2390 Indictis
1627 2345 1742 2388 inter

350 2441 393 2468 se
410 2426 631 2487 principes
655 2425 809 2470 Galliae
829 2425 1025 2471 conciliis
1050 2426 1323 2482 silvestribus
1343 2444 1392 2471 ac
1414 2426 1593 2470 remotis
1616 2424 1740 2481 locis,

349 2515 596 2564 queruntur
628 2506 680 2550 de
701 2507 890 2550 Acconis
921 2516 1063 2551 morte
1089 2524 1097 2550 :
1128 2507 1247 2551 hunc
1271 2523 1418 2551 casum
1452 2505 1505 2549 ad
1535 2506 1649 2566 ipsos
1680 2522 1742 2550 re-

349 2584 492 2628 cidere
517 2602 642 2646 posse
671 2586 975 2630 demonstrant
1001 2604 1009 2630 :
1035 2588 1301 2631 miserentur
1327 2601 1607 2630 communem
1632 2584 1740 2629 Gal-

351 2663 415 2708 liae
443 2665 665 2710 fortunam
693 2684 700 2709 :
727 2667 934 2710 omnibus
957 2666 1347 2727 pollicitationibus
1373 2682 1424 2709 ac
1451 2665 1640 2725 praemiis
1666 2664 1738 2707 de-

1950 430 1961 543 -Vj„;’tkz
1951 411 1953 415 “
