1972 3356
407 229 452 267 24
607 223 646 257 C.
675 222 802 257 JULII
833 219 1046 254 CAESARIS
1076 216 1558 252 COMMENTARIORUM

407 309 490 351 rias
514 321 667 358 naves,
694 318 798 362 quas
827 301 986 360 ubique
1023 307 1225 358 possunt,
1251 297 1606 357 deprehendunt,
1631 307 1759 358 atque

406 387 451 428 in
485 393 661 444 portum
695 380 914 423 deducunt
942 396 950 422 :
981 394 1134 438 parum
1161 376 1290 420 clavis
1317 386 1392 419 aut
1431 377 1609 419 materia
1633 386 1760 437 atque

405 461 682 507 armamentis
707 459 926 503 instructis
951 457 1004 501 ad
1028 455 1215 516 reliquas
1241 455 1468 499 armandas
1491 455 1761 500 reficiendas-

405 557 488 601 que
511 549 721 584 utuntur:
744 538 950 582 frumenti
974 535 1090 597 quod
1113 537 1336 579 inventum
1359 545 1441 592 est,
1468 537 1512 578 in
1538 533 1761 596 publicum

404 620 636 665 conferunt
670 636 678 662 :
714 617 901 678 reliquas
937 632 1097 660 merces
1126 625 1476 675 commeatusque
1502 614 1555 657 ad
1580 613 1764 658 obsidio-

403 717 502 744 nem
522 700 663 754 urbis,
685 699 718 742 si
736 697 923 753 accidat,
951 704 1181 739 reservant.
1204 694 1376 750 Quibus
1399 694 1568 753 injuriis
1590 709 1762 754 permo-

404 790 494 836 tus,
521 781 664 824 Caesar
702 777 890 837 legiones
926 785 1016 818 tres
1046 773 1283 818 Massiliam
1310 772 1508 829 adducit;
1536 782 1676 817 turres
1702 774 1764 817 vi-

405 874 592 917 neasque
630 856 684 901 ad
718 856 1089 916 oppugnationem
1125 853 1244 895 urbis
1273 868 1422 912 agere,
1458 868 1586 895 naves
1612 851 1763 913 longas

404 936 573 981 Arelate
607 952 789 979 numero
813 950 878 978 xn
909 933 1049 977 facere
1076 932 1273 975 instituit.
1306 931 1476 987 Quibus
1506 931 1667 975 effectis
1698 948 1763 975 ar-

406 1017 617 1075 matisque
651 1014 801 1058 diebus
834 1013 1037 1073 triginta,
1067 1028 1090 1054 a
1119 1027 1203 1070 qua
1232 1010 1301 1053 die
1341 1011 1520 1053 materia
1546 1026 1651 1054 caesa
1676 1020 1762 1067 est,

404 1095 686 1153 adductisque
698 1091 958 1146 Massiliam,
974 1091 1041 1133 his
1061 1092 1116 1134 D.
1146 1092 1328 1132 Brutum
1350 1089 1530 1148 praeficit
1553 1106 1561 1132 ε
1588 1092 1635 1133 C.
1660 1091 1765 1133 Tre-

405 1175 589 1217 bonium
619 1172 806 1233 legatum
838 1171 891 1214 ad
915 1169 1286 1231 oppugnationem
1314 1167 1515 1211 Massiliae
1541 1167 1760 1228 relinquit.

467 1255 696 1297 XXXVII.
724 1254 844 1296 Dum
870 1251 959 1294 haec
982 1258 1105 1311 parat
1141 1258 1270 1307 atque
1297 1247 1588 1303 administrat,
1614 1248 1665 1291 C.
1686 1249 1765 1291 Fa-

404 1334 522 1376 bium
569 1331 759 1392 legatum
795 1347 894 1374 cum
941 1328 1186 1390 legionibus
1221 1328 1383 1384 tribus,
1419 1343 1525 1387 quas
1560 1327 1767 1372 Narbone

405 1415 655 1471 circumque
675 1428 723 1454 ea
755 1410 849 1454 loca
874 1408 1095 1452 hiemandi
1119 1424 1248 1451 causa
1270 1406 1563 1468 disposuerat,
1593 1407 1637 1450 in
1665 1407 1765 1451 His-

405 1492 578 1552 paniam
612 1490 861 1550 praemittit,
895 1487 1179 1547 celeriterque
1206 1489 1432 1546 Pyrenaeos
1468 1485 1601 1529 saltus
1636 1502 1764 1529 occu-

407 1572 497 1631 pari
510 1571 652 1630 jubet,
678 1571 752 1628 qui
772 1585 822 1612 eo
841 1578 1037 1628 tempore
1059 1567 1111 1609 ab
1130 1568 1179 1609 L.
1198 1565 1376 1609 Afranio
1393 1564 1534 1625 legato
1558 1565 1764 1625 praesidiis

407 1651 668 1694 tenebantur
689 1666 696 1692 :
721 1647 908 1707 reliquas
933 1645 1145 1707 legiones,
1167 1661 1262 1704 quae
1293 1643 1463 1705 longius
1489 1645 1763 1700 hiemabant,

407 1731 607 1789 subsequi
643 1728 778 1788 jubet.
818 1727 998 1782 Fabius,
1035 1735 1084 1768 ut
1122 1734 1212 1768 erat
1250 1726 1536 1784 imperatum,
1573 1723 1766 1767 adhibita

408 1809 622 1853 celeritate
637 1843 647 1860 ‚
670 1805 917 1866 praesidium
938 1821 988 1847 ex
1007 1803 1116 1847 saltu
1137 1803 1311 1862 dejecit,
1332 1803 1584 1862 magnisque
1603 1803 1767 1846 itineri-

407 1890 486 1932 bus
510 1888 564 1931 ad
587 1887 823 1931 exercitum
848 1883 1012 1929 Afranii
1041 1881 1278 1926 contendit.

469 1968 718 2011 XXXVIII.
756 1964 955 2008 Adventu
993 1961 1175 2006 Vibullii
1199 1962 1323 2015 Rufi,
1350 1979 1478 2022 quem
1505 1980 1529 2007 a
1559 1964 1766 2023 Pompeio

408 2050 586 2091 missum
624 2048 668 2089 in
693 2044 948 2105 Hispaniam
981 2042 1325 2086 demonstratum
1364 2052 1453 2098 est,
1483 2042 1687 2087 Afranius
1725 2052 1766 2087 et

407 2128 603 2172 Petreius
624 2136 665 2169 et
684 2128 848 2178 Varro,
874 2122 1003 2183 legati
1029 2122 1223 2182 Pompeii
1255 2122 1462 2181 (quorum
1495 2138 1606 2166 unus
1630 2122 1766 2166 tribus

409 2206 655 2266 legionibus
681 2204 934 2263 Hispaniam
957 2202 1225 2258 citeriorem,
1251 2200 1358 2244 alter
1390 2218 1413 2244 a
1436 2199 1545 2244 saltu
1564 2200 1765 2245 Castulo-

409 2287 531 2329 nensi
558 2285 611 2327 ad
639 2287 778 2328 Anam
809 2282 976 2325 duabus
998 2280 1266 2341 legionibus,
1292 2282 1443 2324 tertius
1466 2281 1519 2323 ab
1544 2282 1641 2324 Ana
1664 2282 1767 2324 Vet-

409 2376 561 2408 tonum
601 2381 753 2425 agrum
791 2361 1146 2420 Lusitaniamque
1191 2362 1285 2420 pari
1327 2376 1507 2404 numero
1545 2359 1763 2420 legionum

411 2443 686 2503 obtinebat),
724 2441 865 2485 officia
894 2442 1007 2483 inter
1031 2457 1073 2483 se
1108 2441 1371 2501 partiuntur,
1405 2440 1468 2482 uti
1491 2439 1686 2483 Petreius
1712 2454 1760 2481 ex

410 2524 636 2567 Lusitania
655 2539 733 2582 per
752 2524 960 2565 Vettones
982 2536 1079 2563 cum
1099 2520 1299 2563 omnibus
1315 2519 1450 2579 copiis
1468 2517 1522 2562 ad
1536 2516 1763 2561 Afranium

412 2602 722 2661 proficiscatur,
747 2603 889 2644 Varro
913 2616 1010 2642 cum
1032 2600 1103 2655 iis,
1126 2615 1230 2658 quas
1256 2598 1463 2653 habebat,
1497 2595 1736 2657 legionibus
1751 2629 1763 2650 ‚
