1972 3356
375 291 421 334 48
583 291 620 325 C.
656 292 674 325 J
679 291 784 326 ULII
814 290 1030 325 CAESARIS
1064 291 1550 327 COMMENTARIORUM

373 385 605 436 quaereret,
636 376 697 418 sic
725 375 970 435 reperiebat
997 393 1004 418 :
1032 395 1051 415 κ
1079 374 1264 419 Nullum
1296 375 1464 418 aditum
1494 392 1584 419 esse
1609 376 1662 419 ad
1693 393 1763 420 eos

373 456 690 499 mercatoribus
716 472 724 498 :
756 453 866 498 nihil
892 457 983 515 pati
1012 456 1101 498 vini
1128 455 1488 516 reliquarumque
1517 471 1684 510 rerum,
1712 457 1767 499 ad

373 533 593 578 luxuriam
634 535 971 596 pertinentium,
1012 534 1182 589 inferri,
1216 534 1334 595 quod
1370 535 1421 578 iis
1463 535 1592 579 rebus
1623 535 1767 579 relan-

372 631 578 677 guescere
597 616 766 659 animos
781 632 956 669 eorum,
975 625 1018 658 et
1033 616 1199 659 remitti
1212 616 1422 658 virtutem
1440 616 1764 660 existimarent:

373 712 463 740 esse
485 696 687 739 homines
716 696 850 750 feros,
883 712 1139 757 magnaeque
1165 696 1339 739 virtutis
1370 712 1378 738 :
1413 696 1677 756 increpitare
1702 706 1767 740 at-

372 793 457 837 que
498 777 700 820 incusare
738 774 931 835 reliquos
970 774 1144 836 Belgas,
1185 776 1260 835 qui
1300 792 1343 818 se
1384 774 1550 836 populo
1583 792 1767 819 romano

373 856 659 913 dedidissent,
697 856 973 916 patriamque
1005 855 1215 898 virtutem
1250 855 1537 915 projecissent
1567 873 1575 898 :
1607 856 1767 900 confir-

373 954 516 992 mare,
541 952 631 980 sese
656 952 798 996 neque
831 934 997 996 legatos
1023 935 1253 991 missuros,
1286 952 1427 995 neque
1456 934 1592 979 ullam
1621 936 1768 979 condi-

374 1018 541 1060 tionem
569 1017 686 1077 pacis
707 1025 976 1076 accepturos.
1003 1035 1023 1056 ³>

437 1099 559 1142 XVI.
595 1098 748 1154 Quum
783 1114 861 1157 per
895 1113 1048 1140 eorum
1087 1097 1196 1141 fines
1231 1097 1428 1140 triduum
1463 1098 1546 1141 iter
1577 1097 1766 1151 fecisset,

374 1178 625 1222 inveniebat
650 1194 702 1221 ex
729 1178 937 1237 captivis,
962 1177 1109 1221 Sabim
1129 1177 1294 1220 flumen
1316 1177 1368 1220 ab
1392 1180 1546 1221 castris
1566 1178 1654 1221 suis
1677 1193 1765 1220 non

374 1258 561 1318 amplius
578 1257 714 1301 millia
734 1274 941 1318 passuum
960 1274 990 1301 x
1013 1256 1162 1301 abesse
1192 1273 1200 1300 :
1228 1266 1346 1300 trans
1365 1256 1409 1300 id
1434 1256 1598 1300 flumen
1619 1273 1769 1300 omnes

373 1340 563 1384 Nervios
597 1338 871 1395 consedisse,
905 1338 1234 1398 adventumque
1271 1338 1330 1381 ibi
1361 1339 1668 1381 Romanorum
1696 1353 1769 1381 ex—

373 1429 592 1480 spectare,
624 1436 712 1462 uua
745 1435 847 1462 cum
875 1418 1159 1462 Atrebatibus
1187 1427 1231 1461 et
1261 1417 1606 1473 Veromanduis,
1636 1417 1771 1461 finiti-

375 1501 456 1543 mis
496 1500 584 1543 suis
623 1499 747 1559 (nam
783 1499 850 1541 his
887 1499 1084 1559 utrisque
1118 1507 1447 1559 persuaserant,
1484 1508 1532 1541 ut
1572 1497 1769 1541 eamdem

374 1579 478 1624 belli
513 1579 738 1623 fortunam
770 1578 1102 1639 experirentur)
1138 1595 1146 1621 ε
1179 1580 1419 1638 exspectari
1455 1579 1583 1622 etiam
1615 1579 1667 1622 ab
1703 1579 1770 1623 his

380 1663 703 1705 Atuatucorum
741 1660 908 1719 copias,
944 1669 1075 1719 atque
1109 1675 1201 1702 esse
1242 1659 1287 1701 in
1322 1659 1509 1702 itinere:
1546 1658 1769 1714 mulieres,

376 1742 539 1802 quique
570 1757 648 1802 per
679 1749 851 1784 aetatem
887 1739 942 1783 ad
969 1756 1164 1800 pugnam
1199 1738 1376 1782 inutiles
1413 1738 1695 1796 viderentur,
1727 1742 1770 1783 in

377 1839 476 1866 eum
515 1820 663 1866 locum
703 1820 964 1881 conjecisse,
1001 1836 1089 1880 quo
1125 1829 1307 1880 propter
1343 1818 1524 1879 paludes
1560 1821 1768 1864 exercitui

377 1903 520 1947 aditus
551 1919 639 1946 non
668 1911 793 1945 esset.

441 1986 584 2028 XVII.
617 1984 694 2027 His
724 1983 857 2026 rebus
886 1983 1100 2044 cognitis,
1138 1982 1437 2043 exploratores
1468 1981 1771 2027 centuriones-

378 2080 462 2124 que
477 2064 723 2124 praemittit,
737 2064 813 2123 qui
830 2062 976 2107 locum
993 2062 1202 2107 idoneum
1217 2064 1369 2108 castris
1384 2063 1590 2126 deligant.
1602 2062 1772 2119 Quum-

378 2161 462 2205 que
498 2161 552 2188 ex
587 2143 798 2188 dedititiis
837 2143 981 2205 Belgis
1017 2143 1284 2205 reliquisque
1320 2144 1459 2189 Gallis
1494 2142 1770 2204 complures,

378 2226 596 2269 Caesarem
634 2224 791 2280 secuti,
831 2240 917 2267 una
954 2225 1036 2267 iter
1066 2224 1286 2279 facerent,
1318 2224 1496 2285 quidam
1523 2240 1575 2267 ex
1608 2223 1698 2278 his,
1723 2232 1772 2265 ut

381 2315 531 2367 postea
548 2322 600 2349 ex
614 2305 797 2366 captivis
817 2305 1045 2366 cognitum
1065 2314 1130 2348 est
1145 2339 1155 2359 ,
1180 2320 1334 2348 eorum
1352 2305 1522 2348 dierum
1540 2313 1773 2349 consuetu-

389 2384 489 2429 dine
509 2386 677 2429 itineris
700 2386 839 2429 nostri
860 2385 1076 2429 exercitus
1100 2395 1348 2446 perspecta,
1369 2395 1498 2429 nocte
1515 2384 1570 2429 ad
1586 2386 1773 2429 Nervios

387 2476 697 2527 pervenerunt,
717 2476 849 2526 atque
874 2466 924 2509 iis
950 2465 1334 2522 demonstrarunt,
1358 2467 1472 2509 inter
1493 2462 1685 2525 singulas
1711 2463 1773 2508 le-

389 2545 532 2606 giones
548 2546 969 2606 impedimentorum
994 2563 1205 2606 magnum
1227 2562 1461 2589 numerum
1481 2544 1772 2601 intercedere,

383 2641 524 2685 neque
543 2644 633 2671 esse
650 2626 890 2687 quidquam
908 2628 1094 2688 negotii,
1114 2643 1250 2687 quum
1270 2628 1411 2687 prima
1432 2624 1544 2686 legio
1562 2627 1606 2669 in
1633 2635 1774 2669 castra

385 2705 590 2763 venisset,
612 2705 879 2767 reliquaeque
900 2707 1091 2768 legiones
1108 2723 1317 2768 magnum
1342 2706 1532 2766 spatium
1551 2706 1773 2755 abessent,

1945 1666 1965 1855 ndns-*1⁴
