1972 3356
341 226 410 262 168
573 229 611 262 C.
639 227 769 262 JULII
799 226 1014 262 CAESARIS
1045 226 1304 261 COMMENT.
1335 228 1481 263 LIBER

401 312 500 354 XII.
537 311 602 353 Eo
643 308 905 352 detrimento
946 308 1054 352 adeo
1099 320 1200 353 sunt
1241 308 1366 352 fracti
1402 308 1710 364 Alexandrini,

336 406 471 450 quum
510 390 598 449 jam
643 404 733 432 non
771 388 932 432 virtute
968 399 1373 450 propugnatorum,
1414 387 1489 432 sed
1533 389 1712 433 scientia

332 469 658 514 classiariorum
682 485 727 514 se
754 470 890 513 victos
914 468 1202 526 viderent,....
1234 469 1393 530 quibus
1418 478 1461 513 et
1481 469 1715 529 superiori-

331 550 413 593 bus
436 549 542 594 locis
568 549 924 606 sublevabantur,
950 560 1000 594 ut
1026 567 1077 594 ex
1099 549 1289 595 aedificiis
1314 548 1490 593 defendi
1515 558 1712 610 possent,

331 640 374 674 et
409 631 640 675 materiam
677 640 879 676 cunctam
908 630 1171 692 objicerent,
1211 630 1330 692 quod
1372 639 1530 674 nostrae
1566 628 1713 674 classis

330 712 709 773 oppugnationem
731 713 862 756 etiam
888 711 943 755 ad
966 721 1126 755 terram
1146 712 1421 754 verebantur.
1443 709 1603 765 Iidem,
1620 727 1714 772 pos-

333 802 534 852 teaquam
552 791 827 853 Ganymedes
849 793 893 835 in
917 791 1103 836 concilio
1123 791 1424 844 confirmavit,
1448 807 1539 835 sese
1556 801 1599 835 et
1617 807 1710 846 eas,

332 888 429 932 quae
450 882 594 916 essent
614 874 803 927 amissae,
826 872 1132 917 restituturum
1146 907 1157 928 ‚
1180 882 1222 916 et
1250 888 1483 915 numerum
1504 870 1712 915 adauctu-

332 969 430 996 rum
447 988 457 1008 ‚
483 970 641 1014 magna
670 969 744 1012 spe
768 962 811 998 et
834 951 993 996 fiducia
1021 963 1187 996 veteres
1208 952 1384 996 reficere
1413 968 1567 1009 naves,
1589 968 1713 996 accu-

331 1034 557 1093 ratiusque
581 1033 685 1077 huic
712 1033 773 1076 rei
799 1031 973 1076 studere
1002 1042 1134 1092 atque
1162 1033 1369 1075 inservire
1396 1032 1709 1076 instituerunt:

331 1130 381 1156 ac
413 1114 584 1156 tametsi
616 1112 801 1173 amplius
829 1128 887 1157 cx
918 1112 1103 1156 navibus
1135 1111 1275 1173 longis
1308 1113 1351 1154 in
1388 1122 1519 1172 portu
1551 1112 1713 1157 navali-

328 1193 496 1253 busque
530 1194 790 1247 amiserant‚
829 1209 917 1236 non
954 1202 1096 1236 tamen
1134 1183 1385 1253 reparandae
1421 1191 1567 1237 classis
1598 1194 1713 1255 cogi—

331 1274 539 1317 tationem
567 1273 866 1335 deposuerunt
892 1291 900 1316 2
927 1272 1134 1317 videbant
1157 1273 1272 1317 enim
1289 1308 1300 1329 ,
1327 1289 1413 1317 non
1444 1272 1603 1317 auxilia
1627 1275 1713 1319 Cae-

330 1355 444 1409 sari,
481 1371 569 1398 non
603 1364 872 1399 commeatus
908 1355 1158 1415 supportari
1195 1371 1344 1415 posse,
1381 1355 1416 1398 si
1455 1353 1593 1399 classe
1627 1356 1709 1416 ipsi

327 1433 533 1478 valerent.
584 1437 799 1480 Praeterea
839 1436 1003 1479 nautici
1051 1434 1273 1490 homines,
1318 1435 1438 1478 urbis
1484 1445 1526 1479 et
1564 1436 1708 1497 regio-

330 1515 395 1558 nis
428 1516 680 1571 maritimae,
717 1514 1062 1576 quotidianoque
1099 1532 1180 1559 usu
1215 1532 1238 1558 a
1275 1517 1421 1576 pueris
1455 1517 1705 1571 exercitati,

327 1595 381 1639 ad
412 1595 609 1640 naturale
635 1613 684 1640 ac
713 1596 1003 1640 domesticum
1034 1596 1198 1639 bonum
1223 1596 1421 1658 refugere
1446 1597 1705 1658 cupiebant,

326 1686 369 1720 et
406 1686 619 1737 quantum
664 1675 857 1737 parvulis
893 1677 1076 1738 navigiis
1106 1676 1414 1736 profecissent,
1445 1677 1706 1722 sentiebant.

327 1759 481 1817 Itaque
505 1758 624 1800 omni
652 1756 797 1800 studio
823 1756 876 1799 ad
901 1755 1141 1817 parandam
1168 1755 1347 1800 classem
1373 1758 1681 1802 incubuerunt.

390 1838 511 1880 XIII.
550 1839 687 1880 Erant
725 1836 929 1880 omnibus
967 1837 1088 1880 ostiis
1128 1835 1218 1881 Nili
1260 1835 1467 1881 custodiae
1508 1838 1709 1898 exigendi

328 1917 513 1977 portorii
539 1933 669 1960 causa
693 1916 925 1978 dispositae.
948 1917 1091 1960 Naves
1117 1926 1283 1961 veteres
1306 1927 1430 1961 erant
1455 1918 1498 1961 in
1526 1916 1709 1962 occultis

327 1997 455 2058 regiae
493 1996 750 2054 navalibus,
784 1996 942 2057 quibus
975 1995 1125 2040 multis
1161 1998 1286 2041 annis
1324 1996 1379 2041 ad
1412 1997 1709 2059 navigandum

328 2094 416 2121 non
447 2088 571 2122 erant
597 2079 676 2122 usi.
697 2080 787 2121 Has
816 2077 1095 2132 reficiebant3
1123 2076 1217 2122 illas
1246 2077 1553 2122 Alexandriam
1581 2095 1710 2123 revo-

327 2158 499 2203 cabant.
528 2161 724 2204 Deerant
753 2158 881 2215 remi;
905 2159 1121 2219 porticus,
1149 2159 1395 2220 gymnasia,
1425 2158 1604 2203 aedificia
1632 2176 1710 2221 pu-

328 2238 442 2283 blica
476 2240 760 2301 detegebant,
795 2256 960 2284 asseres
990 2256 1212 2285 remorum
1248 2256 1374 2285 usum
1408 2240 1669 2285 obtinebant
1698 2257 1708 2283 z

328 2320 445 2364 aliud
475 2319 685 2365 naturalis
719 2320 920 2376 solertia,
948 2320 1068 2365 aliud
1101 2321 1221 2365 urbis
1254 2323 1380 2382 copia
1410 2321 1710 2366 subministra-

327 2401 416 2445 bat.
443 2403 670 2445 Postremo
697 2419 784 2445 non
813 2400 988 2462 longam
1015 2402 1338 2463 navigationem
1368 2401 1601 2462 parabant,
1635 2400 1709 2445 sed

327 2483 550 2541 praesentis
572 2483 777 2544 temporis
798 2482 1037 2526 necessitati
1059 2481 1328 2539 serviebant,
1349 2491 1392 2526 et
1408 2483 1453 2526 in
1467 2483 1560 2543 ipso
1578 2492 1708 2542 portu

328 2562 653 2625 confligendum
678 2563 896 2607 videbant.
919 2565 1072 2623 Itaque
1088 2564 1236 2624 paucis
1257 2562 1428 2618 diebus,
1447 2572 1599 2606 contra
1616 2579 1708 2606 om·

328 2644 449 2686 nium
493 2645 765 2705 opinionem,
813 2643 1108 2704 quadriremes
1154 2661 1264 2698 xxii,
1307 2644 1637 2704 quinqueremes
1681 2660 1707 2685 v
