1972 3356
405 243 477 291 296
637 243 675 276 C.
701 239 829 275 JL'LII
857 238 1071 274 CAESARIS
1101 238 1363 273 COMMENT.
1393 240 1539 274 LIBER

403 326 485 368 fusi
509 324 732 383 fugatique
754 338 844 365 non
869 321 1206 382 superfuissent,
1233 322 1313 364 nisi
1330 322 1373 364 in
1393 337 1493 364 eum
1510 320 1654 364 locum
1669 339 1773 365 con·

402 405 635 464 fugissent,
659 419 711 446 ex
728 419 816 463 quo
837 413 960 446 erant
981 403 1151 463 egressi.
1177 404 1228 445 In
1247 418 1336 461 quo
1349 400 1503 461 proelio
1521 400 1773 445 ceciderunt

401 481 535 526 millia
559 482 788 526 hominum
818 483 988 526 circiter
1011 498 1126 536 xxx,
1159 490 1200 525 et
1226 482 1260 524 si
1293 480 1398 541 quid
1421 479 1606 541 amplius
1632 497 1642 524 z
1664 497 1772 541 prue-

403 574 519 607 terea
553 563 800 619 Labienus,
834 563 977 606 Attius
1011 564 1178 616 var-253
1206 561 1363 621 quibus
1395 561 1545 605 occisis
1577 561 1773 622 utrisque

401 643 532 687 funus
545 642 799 687 estfactum:
814 644 1005 703 itemque
1019 642 1185 703 equites
1199 642 1368 685 romani
1378 642 1556 702 ,partim
1567 657 1619 685 ex
1630 642 1752 686 Urbe
1761 675 1773 697 ,

399 725 560 784 partim
581 741 634 768 ex
667 724 916 785 provincia,
943 722 998 766 ad
1030 721 1167 766 millia
1190 738 1257 766 111.
1287 721 1439 765 Nostri
1465 719 1697 764 desiderati
1718 721 1774 765 ad

400 804 630 848 hominum
646 803 787 861 mille,
804 805 962 865 partim
979 802 1173 864 peditum
1191 837 1201 857 ,
1222 803 1381 864 partim
1403 802 1601 862 equitum
1614 836 1626 857 ,
1640 803 1773 846 saucii

401 884 456 927 ad
478 900 522 928 D.
546 884 907 929 Adversariorum
931 883 1087 944 aquilae
1100 893 1201 927 sunt
1222 881 1374 927 ablatae
1397 898 1502 938 xm,
1529 891 1573 925 et
1594 882 1718 943 signa
1731 893 1774 926 et

401 964 555 1018 fasces;
580 973 787 1024 praeterea
814 962 943 1007 duces
967 961 1066 1006 belli
1092 978 1187 1006 xvn
1216 963 1331 1022 capti
1356 972 1472 1005 sunt.
1501 964 1592 1006 Hos
1621 962 1774 1006 habuit

400 1061 468 1088 res
490 1045 640 1088 exitus.

463 1126 652 1168 XXXII.
674 1127 740 1168 Ex
753 1124 856 1186 fuga
871 1125 951 1169 hac
964 1141 1100 1185 quum
1118 1124 1329 1186 oppidum
1344 1123 1558 1168 Mundam
1570 1124 1652 1168 sibi
1672 1141 1776 1168 con-

401 1206 639 1249 stituissent
666 1205 936 1265 praesidium,
966 1207 1102 1249 nostri
1138 1206 1407 1266 cogebantur
1434 1205 1675 1249 necessario
1701 1221 1774 1249 eos

401 1285 744 1330 circumvallare.
771 1288 838 1329 Ex
873 1286 1064 1329 hostium
1104 1287 1234 1330 armis
1265 1302 1346 1346 pro
1374 1287 1534 1346 cespite
1565 1284 1775 1330 cadavera

400 1365 742 1422 collocabantur,
764 1375 888 1410 scuta
910 1376 953 1410 et
978 1365 1066 1427 pila
1090 1382 1170 1427 pro
1190 1364 1327 1421 vallo,
1358 1367 1534 1428 insuper
1560 1365 1711 1422 occisi,
1732 1376 1775 1409 et

401 1445 558 1507 gladii,
590 1457 633 1491 et
659 1463 910 1501 mucrones,
940 1457 982 1491 et
1013 1448 1155 1508 capita
1187 1447 1418 1492 hominum
1462 1446 1684 1501 ordinata,
1719 1447 1775 1490 ad

400 1526 613 1588 oppidum
648 1544 858 1572 conversa
892 1528 1114 1583 universa,
1147 1527 1337 1571 hostium
1376 1528 1606 1584 timorem,
1637 1527 1774 1570 virtu-

402 1608 539 1666 tisque
563 1608 751 1668 insignia
776 1608 997 1667 proposita
1032 1607 1229 1650 viderent
1247 1641 1258 1661 ,
1295 1616 1339 1650 et
1377 1606 1493 1650 vallo
1515 1606 1776 1652 circumclu-

401 1687 606 1731 derentur
620 1686 872 1731 adversarii.
888 1689 955 1731 Ita
975 1686 1091 1731 Galli
1109 1686 1290 1748 tragulis
1307 1687 1549 1748 jaculisque
1564 1687 1775 1749 oppidum

401 1784 451 1809 ex
490 1767 681 1810 hostium
713 1767 995 1810 cadaveribus
1029 1776 1129 1810 sunt
1173 1766 1479 1826 circumplexi,
1523 1783 1778 1829 oppugnare

398 1856 635 1907 coeperunt.
661 1848 727 1889 Ex
747 1846 831 1890 hoc
855 1844 1009 1906 proelio
1032 1845 1236 1890 Valerius
1257 1844 1504 1890 adolescens
1525 1847 1775 1892 Cordubam

399 1943 497 1969 cum
515 1927 666 1988 paucis
686 1926 905 1986 equitibus
927 1925 1052 1988 fugit.
1076 1927 1205 1970 Sexto
1219 1928 1448 1988 Pompeio,
1464 1928 1537 1988 qui
1561 1927 1776 1972 Cordubae

399 2006 569 2061 fuisset,
608 2023 699 2050 rem
735 2016 899 2067 gestam
929 2006 1073 2050 refert.
1107 2008 1296 2068 Cognito
1323 2007 1406 2051 hoc
1434 2008 1633 2068 negotio,
1668 2025 1777 2069 quos

399 2088 566 2147 equites
591 2103 736 2132 secum
766 2086 945 2142 habuit,
975 2087 1061 2143 his,
1088 2087 1207 2147 quod
1233 2088 1385 2132 habuit
1411 2105 1556 2132 secum
1580 2091 1775 2149 pecuniae

399 2167 621 2211 distribuit
636 2184 647 2222 ;
662 2178 703 2212 et
717 2167 946 2229 oppidanis
962 2167 1090 2224 dixit,
1105 2185 1149 2211 se
1171 2167 1224 2212 de
1247 2185 1352 2229 pace
1375 2168 1429 2212 ad
1443 2171 1657 2213 Caesarem
1672 2186 1775 2230 pro-

399 2247 553 2301 fici-sci;
576 2258 618 2291 et
637 2247 825 2292 secunda
850 2246 995 2308 vigilia
1027 2248 1080 2291 ab
1114 2247 1276 2309 oppido
1304 2248 1514 2293 discessit.
1545 2251 1625 2294 Cn.
1646 2252 1776 2294 Pom-

400 2328 522 2388 peius
551 2338 695 2372 autem
725 2345 825 2373 cum
849 2329 1069 2389 equitibus
1098 2330 1247 2389 paucis
1275 2328 1588 2390 nonnullisque
1617 2330 1777 2392 pediti·

399 2408 480 2451 bus
500 2407 555 2452 ad
570 2407 722 2452 navale
740 2408 991 2469 praesidium
1011 2419 1134 2468 parte
1152 2408 1285 2454 altera
1300 2409 1526 2454 contendit
1539 2410 1777 2462 Carteiam,

400 2488 516 2548 quod
556 2489 769 2550 oppidum
795 2490 916 2534 abest
942 2506 965 2534 a
991 2490 1197 2534 Corduba
1235 2489 1371 2534 millia
1404 2507 1611 2552 passuum
1644 2506 1772 2536 eLxx.

402 2569 504 2624 Quo
535 2586 670 2629 quum
706 2570 761 2614 ad
799 2580 999 2614 octavum
1025 2569 1277 2614 milliarium
1319 2572 1533 2628 venisset,
1562 2573 1609 2615 Ρ.
1634 2570 1776 2616 Calvi-

405 2650 512 2697 tius,
547 2651 618 2709 qui
653 2654 803 2695 castris
835 2661 959 2695 antea
989 2653 1181 2712 Pompeii
1211 2653 1472 2713 praepositus
1505 2661 1638 2705 esset,
1681 2652 1773 2711 ejus
