1972 3356
3 1919 16 2009 --‘†‚
4 1904 6 1907 ·
3 1835 9 1894 *⁶⁴*
0 1713 13 1820 ·-„-,2-*„·-;†

559 252 625 287 DE
654 252 816 287 BELLO
849 251 1069 288 GALLICO
1101 251 1194 286 LIB.
1218 252 1262 286 V.
1544 248 1614 285 105

274 336 352 379 IX.
387 336 552 391 Caesar,
592 337 792 397 exposito
828 335 1048 391 exercitu,
1077 344 1120 380 et
1151 334 1251 379 loco
1274 333 1428 378 castris
1455 332 1617 378 idoneo

210 424 358 476 capto,
396 415 473 459 ubi
509 432 561 460 ex
601 417 786 478 captivis
818 417 1050 478 cognovit,
1085 433 1173 476 quo
1211 416 1256 459 in
1293 414 1392 459 loco
1422 414 1615 459 hostium

210 497 347 556 copiae
379 495 700 552 consedissent,
740 497 999 540 cohortibus
1033 513 1063 540 x
1094 496 1150 539 ad
1186 513 1307 540 mare
1347 494 1540 552 relictis,
1575 505 1620 539 et

211 577 433 637 equitibus
459 593 564 633 ccc,
590 577 666 637 qui
693 576 898 637 praesidio
925 577 1113 620 navibus
1137 585 1303 632 essent,
1330 576 1383 620 de
1406 576 1531 620 tertia
1550 576 1618 620 vi-

211 656 315 719 gilia
332 657 387 701 ad
403 657 549 701 hostes
572 656 804 701 contendit
819 693 830 712 ,
854 674 906 702 eo
927 658 1075 701 minus
1090 657 1257 701 veritus
1278 657 1485 713 navibus,
1501 658 1621 717 quod

213 739 257 781 in
282 737 411 782 litore
436 736 560 782 molli
588 747 721 799 atque
747 748 901 799 aperto
932 737 1145 800 deligatas
1171 737 1227 782 ad
1252 755 1460 782 ancoram
1485 736 1622 781 relin-

210 820 398 880 quebat3
430 829 474 863 et
510 819 716 880 praesidio
748 820 936 864 navibus
962 820 1019 877 Q.
1052 820 1232 866 Atrium
1266 819 1475 881 praefecit.
1501 821 1623 880 Ipse,

212 909 349 945 noctu
378 917 640 963 progressus
676 900 814 945 millia
846 918 1057 963 passuum
1090 902 1267 946 circiter
1299 918 1393 958 ΧΠ,
1425 900 1620 945 hostium

210 981 360 1043 copias
381 983 661 1043 conspicatus
685 993 763 1027 est.
789 982 886 1039 Illi,
910 984 1114 1044 equitatu
1137 993 1271 1045 atque
1291 982 1452 1027 essedis
1474 981 1529 1026 ad
1549 981 1625 1025 ssu-

212 1080 314 1107 men
342 1064 586 1126 progressi,
617 1082 669 1108 ex
699 1063 797 1108 loco
824 1065 1051 1126 superiore
1081 1075 1258 1110 nostros
1286 1064 1548 1126 prohibere,
1582 1073 1626 1108 et

212 1143 420 1206 proelium
446 1146 726 1190 committere
758 1156 1002 1207 coeperunt.
1032 1145 1216 1208 Repulsi
1245 1145 1299 1190 ab
1323 1146 1547 1206 equitatu,
1582 1162 1626 1188 se

214 1227 258 1270 in
294 1225 425 1271 silvas
455 1226 744 1284 abdiderunt,
789 1226 937 1272 locum
975 1229 1093 1272 nacti
1129 1229 1305 1290 egregie
1331 1238 1374 1271 et
1401 1237 1560 1271 natura
1583 1237 1626 1270 et

213 1324 348 1369 opere
386 1309 634 1365 munitum,
679 1326 813 1369 quem
855 1308 1085 1353 domestici
1118 1307 1244 1365 belli,
1278 1318 1327 1353 ut
1364 1308 1626 1363 videbatur,

215 1406 344 1434 causa
373 1390 465 1451 jam
497 1400 598 1433 ante
632 1400 990 1451 praeparaverant
1021 1407 1029 1433 :
1061 1406 1164 1434 narn
1194 1390 1360 1434 crebris
1393 1389 1627 1433 arboribus

215 1471 393 1516 succisis
429 1488 583 1515 omnes
620 1471 828 1515 introitus
864 1481 991 1515 erant
1028 1470 1245 1532 praeclusi.
1289 1472 1380 1532 Ipsi
1415 1488 1469 1514 ex
1508 1468 1629 1514 silvis

214 1554 303 1598 rari
330 1553 698 1616 propugnabant,
728 1563 995 1615 nostrosque
1020 1554 1138 1597 intra
1163 1553 1435 1597 munitiones
1457 1551 1629 1614 ingredi

216 1634 526 1697 prohibebant.
568 1638 626 1681 At
650 1634 814 1680 milites
841 1634 1026 1698 legionis
1056 1652 1141 1691 vn,
1168 1635 1390 1679 testudine
1419 1634 1554 1692 facta,
1585 1645 1629 1679 et

216 1734 376 1779 aggere
407 1717 463 1761 ad
491 1718 763 1763 munitiones
793 1717 985 1780 adjecto,
1017 1716 1166 1762 locum
1193 1727 1431 1778 ceperunt,
1465 1734 1627 1779 eosque

216 1816 269 1843 ex
297 1797 417 1843 silvis
443 1796 731 1861 expulerunt,
754 1800 906 1861 paucis
932 1798 1190 1843 vulneribus
1214 1800 1418 1860 acceptis.
1445 1798 1531 1843 Sed
1558 1815 1630 1843 ces

218 1880 436 1942 fugientes
456 1879 634 1942 longius
654 1883 802 1926 Caesar
820 1881 1029 1941 prosequi
1053 1881 1219 1937 vetuit,
1246 1891 1290 1924 et
1310 1880 1432 1940 quod
1452 1879 1536 1925 loci
1558 1898 1632 1924 na-

220 1971 364 2005 turam
388 1962 647 2022 ignorabat,
672 1971 715 2005 et
737 1961 881 2022 quod,
909 1977 1070 2022 magna
1092 1971 1216 2022 parte
1238 1960 1323 2004 diei
1346 1971 1631 2023 consumpta,

221 2042 461 2086 munitioni
486 2052 734 2086 castrorum
761 2052 938 2103 tempus
961 2040 1152 2103 relinqui
1179 2040 1369 2086 volebat.

286 2126 343 2168 X.
375 2123 596 2167 Postridie
623 2124 716 2184 ejus
733 2123 819 2167 diei
843 2139 992 2179 mane,
1011 2123 1237 2184 tripartito
1260 2110 1421 2166 milites
1447 2125 1633 2184 equites-

221 2221 307 2267 que
344 2206 390 2248 in
413 2204 743 2266 expeditionem
776 2205 914 2261 misit,
944 2214 993 2248 ut
1020 2221 1113 2260 eos,
1138 2204 1214 2265 qui
1240 2204 1467 2266 fugerant,
1489 2222 1634 2266 perse-

220 2296 481 2348 querentur.
502 2287 581 2330 His
602 2285 882 2347 aliquantum
903 2286 1076 2330 itineris
1096 2287 1361 2347 progressis,
1383 2303 1522 2346 quum
1541 2287 1633 2348 jam

221 2368 407 2412 extremi
432 2377 575 2412 essent
606 2368 651 2411 in
677 2378 941 2429 conspectu,
968 2368 1138 2429 equites
1168 2384 1192 2411 a
1219 2368 1276 2425 Q
1306 2368 1432 2412 Atrio
1455 2367 1511 2411 ad
1540 2369 1635 2412 Cae-

222 2467 363 2494 sarem
382 2459 604 2494 venerunt
618 2485 628 2506 ,
642 2450 716 2510 qui
738 2450 1017 2505 nuntiarent,
1037 2450 1258 2511 superiori
1277 2459 1428 2504 nocte,
1445 2449 1636 2493 maxima

223 2541 374 2576 coorta
402 2540 684 2593 tempestate,
716 2548 854 2593 prope
882 2548 1037 2576 omnes
1062 2548 1194 2575 naves
1218 2530 1403 2575 afflictas
1431 2541 1563 2591 atque
1590 2530 1636 2573 in

224 2613 354 2657 litore
376 2614 537 2675 ejectas
562 2630 674 2669 esse,
691 2612 812 2673 quod
832 2631 975 2674 neque
1001 2630 1173 2658 ancorae
1189 2612 1405 2673 funesque
1429 2612 1638 2656 subsiste-

224 2705 346 2750 rent,
376 2713 519 2756 ncque
547 2705 692 2739 nautae
723 2695 1132 2757 gubernatoresque
1164 2696 1252 2739 vim
1282 2694 1373 2756 pati
1402 2703 1638 2755 tempesta-
