1972 3356
536 185 604 221 DE
633 186 795 222 BELLO
828 186 1043 221 GALLICO
1075 186 1166 220 LIB.
1193 186 1220 219 I.
1538 196 1583 233 ¹9

177 267 480 313 Helvetiorum
512 269 622 314 fines
649 272 912 326 transirent,
943 280 987 314 et
1015 270 1194 313 finitimi
1219 267 1374 314 Galliae
1405 270 1583 330 provin—

174 349 250 393 ciae
285 348 693 412 Allobrogibusque
729 361 886 395 essent.
925 352 1082 407 Boios,
1125 350 1379 412 petentibus
1411 349 1584 406 AEduis,

175 430 295 490 quod
334 433 510 493 egregia
549 432 715 475 virtute
749 441 877 475 erant
912 433 1107 493 cogniti,
1138 442 1189 476 ut
1224 434 1268 475 in
1299 431 1463 475 finibus
1496 431 1585 476 suis

176 510 468 568 collocarent,
492 513 709 556 concessit
731 529 739 555 :
764 512 927 572 quibus
953 510 1016 555 illi
1042 528 1173 572 agros
1194 511 1439 566 dederunt,
1461 529 1586 573 quos-

174 609 260 653 que
298 603 451 654 postea
490 593 534 636 in
576 609 728 654 parem
767 593 882 654 juris
929 591 1237 653 libertatisque
1282 593 1585 637 conditionem

174 682 305 733 atque
329 674 412 734 ipsi
434 683 586 730 erant,
612 683 890 734 receperunt.

239 755 410 798 XXIX.
436 756 485 798 Iu
508 755 661 798 castris
679 752 988 798 Helvetiorum
1014 753 1175 798 tabulae
1194 764 1378 815 repertae
1398 765 1499 798 sunt
1516 754 1586 798 lit-

175 835 280 878 teris
303 835 456 896 graecis
487 835 722 891 confectae,
749 845 793 879 et
823 834 878 879 ad
901 836 1118 879 Caesarem
1145 835 1312 889 relatae3
1344 836 1505 896 quibus
1542 837 1585 878 in

173 914 336 960 tabulis
382 916 649 960 nominatim
694 917 807 960 ratio
854 916 1053 961 confecta
1096 926 1211 972 erat,
1254 918 1329 977 qui
1374 933 1587 960 numerus

173 997 307 1041 domo
337 998 497 1042 exisset
530 1014 709 1054 eorum,
750 999 827 1059 qui
864 1014 987 1041 arma
1018 997 1133 1041 ferre
1166 1006 1373 1058 possent,
1403 1008 1446 1041 et
1482 998 1588 1041 item

173 1078 411 1139 separatim
446 1079 595 1140 pueri,
624 1096 773 1135 senes,
811 1077 1124 1139 mulieresque.
1154 1079 1362 1136 Quarum
1386 1080 1588 1122 omniun]

174 1176 324 1203 rerum
345 1176 514 1204 summa
540 1170 654 1215 erat,
676 1160 877 1221 capitum
895 1158 1206 1204 Helvetiorum
1226 1159 1365 1204 millia
1387 1176 1559 1205 chxm
1577 1196 1588 1214 ,

173 1239 470 1303 Tulingorum
512 1240 652 1285 millia
689 1258 850 1293 xxxvi,
891 1241 1239 1304 Latobrigorum
1274 1258 1377 1296 xlv,
1420 1245 1588 1286 Raura-

173 1338 328 1365 corum
363 1337 504 1378 xxm,
541 1322 762 1365 Boiorum
801 1338 929 1366 xxxn
964 1339 972 1365 :
1009 1338 1058 1365 ex
1097 1323 1166 1365 his
1204 1323 1280 1381 qui
1315 1340 1438 1366 arma
1474 1323 1589 1367 ferre

173 1412 373 1462 possent,
399 1402 454 1446 ad
478 1401 618 1446 millia
640 1418 750 1447 xcu.
772 1404 954 1447 Summa
979 1403 1181 1446 omnium
1206 1402 1386 1446 fuerunt
1410 1402 1464 1446 ad
1489 1402 1588 1446 mil-

174 1482 231 1527 lia
254 1499 501 1529 cchxvm.
527 1486 718 1539 Eorum,
749 1484 826 1545 qui
854 1483 1038 1527 domum
1060 1483 1318 1537 redierunt,
1348 1500 1481 1528 censu
1512 1485 1588 1528 ha-

171 1565 292 1620 bito,
323 1575 374 1609 ut
407 1567 552 1610 Caesar
577 1566 896 1626 imperaverat,
924 1574 1128 1626 repertus
1157 1575 1221 1609 est
1249 1582 1463 1610 numerus
1490 1566 1588 1610 mil-

172 1645 282 1690 lium
310 1662 336 1691 c
360 1657 405 1690 et
422 1663 466 1691 x.

236 1728 381 1771 XXX.
417 1726 542 1772 Bello
569 1727 879 1773 Helvetiorum
905 1727 1125 1783 confecto,
1157 1729 1289 1772 totius
1314 1729 1404 1773 fere
1429 1728 1587 1776 Galliae

174 1808 331 1871 legati,
374 1810 598 1871 principes
641 1810 902 1865 civitatum,
947 1809 1002 1852 ad
1048 1811 1266 1854 Caesarem
1311 1809 1585 1872 gratulatum

173 1902 481 1935 convenerunt
511 1908 519 1934 :
549 1890 849 1952 «Intelligere
880 1907 992 1946 sese,
1022 1892 1222 1947 tametsi,
1255 1908 1335 1952 pro
1363 1892 1586 1936 veteribus

174 1971 481 2016 Helvetiorum
509 1972 684 2032 injuriis
715 1970 867 2032 populi
898 1971 1099 2027 romani,
1127 1971 1180 2014 ab
1206 1972 1258 2015 iis
1286 1989 1437 2032 poenas
1466 1971 1584 2016 bello

173 2054 425 2113 repetisset,
452 2063 601 2096 tamen
624 2069 722 2096 eam
745 2069 841 2096 rem
865 2068 954 2096 non
977 2052 1125 2095 minus
1151 2069 1202 2096 ex
1221 2069 1303 2096 usu
1328 2062 1456 2096 terrae
1478 2055 1585 2097 Gal-

175 2133 262 2191 liae,
292 2151 427 2194 quam
457 2132 611 2195 populi
645 2133 817 2177 romani
852 2132 1082 2189 accidisse3
1113 2143 1351 2194 propterea
1382 2133 1501 2194 quod
1532 2151 1584 2178 eo

173 2214 380 2269 consilio,
408 2214 733 2259 florentissimis
759 2214 914 2270 rebus,
941 2214 1096 2258 domos
1127 2231 1228 2258 suas
1253 2213 1445 2259 Helvetii
1481 2213 1583 2258 reli-

172 2298 397 2359 quissent,
434 2307 484 2340 ut
518 2297 602 2340 toti
625 2295 782 2341 Galliae
820 2294 988 2340 bellum
1025 2295 1271 2351 inferrent,
1306 2296 1584 2357 imperioque

173 2380 447 2440 potirentur,
474 2376 711 2439 locumque
734 2376 961 2421 domicilio
992 2394 1046 2420 ex
1076 2393 1237 2438 magna
1259 2377 1386 2438 copia
1416 2376 1581 2439 delige-

174 2471 293 2518 rent,
316 2476 451 2521 quem
474 2476 525 2503 ex
547 2459 669 2503 omni
690 2457 838 2504 Gallia
857 2459 1289 2521 opportunissimum
1315 2475 1364 2502 ae
1388 2459 1583 2503 fructuo-

173 2542 393 2586 sissimum
414 2540 712 2603 judicassent,
736 2539 1019 2602 reliquasque
1044 2540 1242 2585 civitates
1270 2540 1581 2601 stipendiarias

174 2624 400 2667 haberent.
428 2624 680 2679 Petierunt,
710 2623 775 2666 uti
801 2622 884 2667 sibi
913 2619 1151 2667 concilium
1182 2622 1319 2665 totius
1342 2619 1500 2665 Galliae
1535 2622 1578 2665 in

1348 2709 1387 2734 2.
