1972 3356
561 243 627 277 DE
657 242 817 278 BELLO
846 242 1060 279 GALLICO
1090 243 1181 278 LIB.
1208 244 1288 279 VII.
1553 259 1623 281 211

226 335 344 370 runt.
371 325 507 383 Quod
532 326 567 370 si
591 342 641 370 ea
666 343 762 387 quae
786 328 831 370 in
858 326 1113 389 longinquis
1137 328 1392 372 nationibus
1412 338 1628 390 geruntur

227 407 462 468 ignoratis,
497 408 704 468 respicite
731 406 965 451 finitimam
993 408 1213 466 Galliam,
1244 426 1341 470 quae
1370 410 1414 454 in
1448 412 1629 471 provin-

226 488 337 532 ciam
356 488 552 545 redacta,
573 489 673 549 jure
694 498 737 532 et
757 487 928 549 legibus
947 491 1256 547 commutatis,
1279 491 1508 536 securibus
1529 492 1630 536 sub-

223 569 358 629 jecta,
385 579 598 630 perpetua
625 569 845 630 premitur
867 570 1093 614 servitute.
1124 590 1144 611 »

291 653 540 695 LXXVIII.
583 650 822 695 Sententiis
859 649 988 694 dictis
1029 651 1310 696 constituunt
1350 663 1398 696 ut
1441 655 1518 714 qui
1554 672 1631 699 va-

226 731 422 776 letudine
457 741 533 776 aut
560 741 688 776 aetate
718 730 897 776 inutiles
931 733 1020 776 sint
1046 731 1163 776 bello
1195 733 1363 794 oppido
1392 734 1629 792 excedant,

224 823 355 874 atque
378 814 528 857 omnia
556 813 678 874 prius
705 813 993 874 experiantur
1017 830 1150 875 quam
1175 814 1231 858 ad
1256 814 1512 878 Critognati
1534 833 1631 861 sen·

224 894 407 938 tentiam
437 893 734 952 descendant3
772 893 847 939 illo
886 904 1033 939 tamen
1063 896 1210 956 potius
1238 895 1455 940 utendum
1483 898 1630 942 consi-

224 973 304 1030 lio,
336 977 370 1020 si
399 993 467 1020 res
504 986 633 1039 cogat
657 986 789 1038 atque
821 975 983 1020 auxilia
1009 987 1262 1031 morentur,
1290 994 1423 1038 quam
1450 987 1525 1023 aut
1554 979 1630 1024 de-

223 1056 403 1102 ditionis
438 1068 515 1102 aut
548 1059 666 1120 pacis
703 1058 979 1103 subeundam
1020 1058 1337 1104 conditionem.
1372 1061 1630 1118 Mandubii,

222 1139 299 1198 qui
328 1156 401 1184 eos
433 1139 598 1201 oppido
630 1150 911 1201 receperant,
940 1157 1040 1184 cum
1075 1139 1225 1185 liberis
1257 1151 1390 1203 atque
1418 1144 1630 1188 uxoribus

222 1220 342 1265 exire
377 1230 610 1282 coguntur.
646 1222 723 1278 Hi,
759 1238 899 1282 quum
926 1221 982 1265 ad
1014 1223 1286 1283 munitiones
1322 1225 1629 1269 Romanorum

223 1302 527 1359 accessissent,
570 1302 726 1347 flentes
763 1302 970 1346 omnibus
1006 1303 1213 1363 precibus
1248 1304 1438 1348 orabant
1477 1315 1526 1349 ut
1562 1323 1627 1365 se,

225 1384 268 1426 in
297 1384 554 1428 servitutem
583 1392 803 1444 receptos,
831 1384 929 1427 cibo
949 1384 1172 1444 juvarent.
1204 1387 1263 1429 At
1286 1386 1452 1443 Caesar,
1483 1387 1629 1449 dispo-

223 1464 315 1508 sitis
338 1465 383 1508 in
410 1463 525 1508 vallo
550 1464 825 1521 custodibus,
849 1464 987 1525 recipi
1012 1464 1292 1525 prohibebat.

285 1546 491 1589 LXXIX.
535 1548 712 1588 Interea
754 1545 986 1588 Commius
1024 1554 1065 1588 et
1100 1544 1257 1607 reliqui
1294 1546 1426 1592 duces
1466 1549 1627 1609 quibus

220 1642 391 1669 summa
426 1625 600 1685 imperii
641 1625 854 1686 permissa
889 1635 982 1669 erat
1025 1643 1125 1670 cum
1163 1627 1369 1672 omnibus
1400 1630 1538 1690 copiis
1570 1631 1623 1674 ad

222 1705 411 1750 Alesiam
448 1706 737 1767 perveniunt,
773 1716 837 1763 et,
868 1705 980 1751 colle
1014 1709 1233 1751 exteriore
1259 1720 1498 1771 occupato,
1533 1729 1622 1756 non

219 1785 394 1849 longius
434 1803 470 1832 M
504 1788 702 1847 passibus
734 1787 788 1830 ab
819 1788 980 1831 nostris
1011 1788 1337 1833 munitionibus
1368 1792 1620 1838 considunt.

218 1869 400 1912 Postero
420 1868 510 1924 die,
534 1868 733 1929 equitatu
756 1885 807 1912 ex
830 1869 983 1912 castris
1006 1868 1188 1924 educto,
1209 1886 1389 1915 omnem
1410 1889 1506 1916 eam
1531 1874 1622 1935 pla-

218 1950 396 2002 nitiem,
420 1966 553 2010 quam
576 1949 619 1992 in
644 1947 969 2010 longitudinem
996 1964 1047 1993 111
1077 1947 1213 1992 millia
1235 1966 1443 2010 passuum
1470 1965 1621 2014 patere

218 2028 639 2087 demonstravimus,
664 2028 908 2091 complent,
932 2029 1242 2091 pedestresque
1267 2033 1414 2094 copias
1435 2034 1618 2096 paulum

217 2110 271 2154 ab
295 2127 346 2154 eo
371 2110 469 2155 loco
493 2110 662 2155 abditas
685 2112 729 2154 in
750 2109 855 2155 locis
880 2110 1178 2172 superioribus
1198 2114 1490 2159 constituunt.
1511 2118 1613 2165 Erat

217 2208 270 2234 ex
306 2191 471 2252 oppido
507 2191 651 2236 Alesia
687 2192 919 2253 despectus
962 2192 1007 2236 in
1044 2207 1263 2253 campum.
1301 2196 1615 2256 Concurritur‚

216 2272 284 2317 his
312 2271 483 2316 auxiliis
508 2273 634 2327 visis3
662 2272 709 2316 fit
734 2274 964 2335 gratulatio
994 2271 1109 2318 ‘mter
1132 2289 1206 2318 eos
1222 2310 1232 2328 ‚
1256 2285 1387 2336 atque
1412 2278 1613 2322 omnium

216 2354 351 2398 animi
386 2353 441 2397 ad
472 2352 666 2397 laetitiam
704 2354 961 2402 excitantur.
990 2359 1169 2418 Itaque,
1197 2356 1425 2417 productis
1455 2360 1614 2420 copiis,

216 2444 317 2479 ante
347 2433 562 2496 oppidum
593 2431 862 2490 considunt,
887 2443 930 2477 et
955 2436 1202 2495 proximam
1230 2437 1390 2482 fossam
1420 2441 1613 2485 cratibus

216 2518 420 2578 integunt
442 2525 572 2577 atque
594 2531 753 2577 aggere
776 2515 974 2577 explent,
998 2533 1130 2579 seque
1160 2518 1215 2562 ad
1237 2521 1517 2580 eruptionem
1544 2531 1611 2566 at—

216 2616 300 2660 que
327 2615 479 2643 omnes
509 2614 633 2642 casus
658 2598 929 2658 comparant.

279 2682 460 2725 LXXX.
498 2681 658 2735 Caesar,
691 2679 811 2722 omni
845 2679 1036 2724 exercitu
1077 2680 1131 2724 ad
1172 2690 1405 2742 utramque
1441 2692 1611 2743 partem

1346 2764 1411 2816 14.
