<?xml version="1.0" encoding="UTF-8"?>
<!DOCTYPE html PUBLIC "-//W3C//DTD XHTML 1.0 Transitional//EN"
    "http://www.w3.org/TR/xhtml1/DTD/xhtml1-transitional.dtd">
<html xmlns="http://www.w3.org/1999/xhtml" xml:lang="en" lang="en">
 <head>
  <title>
</title>
<meta http-equiv="Content-Type" content="text/html;charset=utf-8" />
  <meta name='ocr-system' content='tesseract 3.04.00' />
  <meta name='ocr-capabilities' content='ocr_page ocr_carea ocr_par ocr_line ocrx_word'/>
</head>
<body>
  <div class='ocr_page' id='page_1' title='image "./operajoh0102caesuoft_0487.png"; bbox 0 0 1972 3356; ppageno 0'>
   <div class='ocr_carea' id='block_1_1' title="bbox 551 221 1566 260">
    <p class='ocr_par' dir='ltr' id='par_1_1' title="bbox 551 221 1566 260">
     <span class='ocr_line' id='line_1_1' title="bbox 551 221 1566 260; baseline 0.004 -4"><span class='ocrx_word' id='word_1_1' title='bbox 551 223 616 257; x_wconf 88' lang='lat' dir='ltr'>DE</span> <span class='ocrx_word' id='word_1_2' title='bbox 644 221 806 257; x_wconf 89' lang='lat' dir='ltr'>BELLO</span> <span class='ocrx_word' id='word_1_3' title='bbox 838 224 1217 260; x_wconf 76' lang='lat' dir='ltr'><strong>ALEXANDRJNO.</strong></span> <span class='ocrx_word' id='word_1_4' title='bbox 1502 225 1566 260; x_wconf 76' lang='lat'>181</span> 
     </span>
    </p>
   </div>
   <div class='ocr_carea' id='block_1_2' title="bbox 183 306 1570 2697">
    <p class='ocr_par' dir='ltr' id='par_1_2' title="bbox 186 306 1570 1489">
     <span class='ocr_line' id='line_1_2' title="bbox 194 306 1570 367; baseline 0.003 -18"><span class='ocrx_word' id='word_1_5' title='bbox 194 306 266 350; x_wconf 90' lang='lat' dir='ltr'>sed</span> <span class='ocrx_word' id='word_1_6' title='bbox 291 316 335 350; x_wconf 86' lang='lat' dir='ltr'>ut</span> <span class='ocrx_word' id='word_1_7' title='bbox 363 306 417 350; x_wconf 86' lang='lat' dir='ltr'>ab</span> <span class='ocrx_word' id='word_1_8' title='bbox 440 322 489 350; x_wconf 88' lang='lat' dir='ltr'>ea</span> <span class='ocrx_word' id='word_1_9' title='bbox 516 308 717 362; x_wconf 82' lang='lat' dir='ltr'>victoria,</span> <span class='ocrx_word' id='word_1_10' title='bbox 748 307 989 367; x_wconf 65' lang='lat' dir='ltr'>perterritis</span> <span class='ocrx_word' id='word_1_11' title='bbox 1016 306 1346 362; x_wconf 77' lang='lat' dir='ltr'>Alexandrinis,</span> <span class='ocrx_word' id='word_1_12' title='bbox 1374 310 1570 367; x_wconf 87' lang='lat' dir='ltr'>protinus</span> 
     </span>
     <span class='ocr_line' id='line_1_3' title="bbox 193 374 1570 449; baseline 0.001 -19"><span class='ocrx_word' id='word_1_13' title='bbox 193 374 331 430; x_wconf 85' lang='lat' dir='ltr'>castra</span> <span class='ocrx_word' id='word_1_14' title='bbox 350 388 462 448; x_wconf 84' lang='lat' dir='ltr'>regis</span> <span class='ocrx_word' id='word_1_15' title='bbox 483 396 770 447; x_wconf 77' lang='lat' dir='ltr'><strong>oppugnaret.</strong></span> <span class='ocrx_word' id='word_1_16' title='bbox 787 388 940 446; x_wconf 89' lang='lat' dir='ltr'>Itaque</span> <span class='ocrx_word' id='word_1_17' title='bbox 959 403 1010 430; x_wconf 90' lang='lat' dir='ltr'>eo</span> <span class='ocrx_word' id='word_1_18' title='bbox 1037 402 1188 441; x_wconf 89' lang='lat' dir='ltr'>cursu,</span> <span class='ocrx_word' id='word_1_19' title='bbox 1206 404 1292 447; x_wconf 85' lang='lat' dir='ltr'>quo</span> <span class='ocrx_word' id='word_1_20' title='bbox 1308 387 1570 449; x_wconf 80' lang='lat' dir='ltr'><strong>refugientes</strong></span> 
     </span>
     <span class='ocr_line' id='line_1_4' title="bbox 192 464 1568 525; baseline 0.002 -16"><span class='ocrx_word' id='word_1_21' title='bbox 192 464 512 510; x_wconf 81' lang='lat' dir='ltr'>Alexandrinos</span> <span class='ocrx_word' id='word_1_22' title='bbox 538 483 588 510; x_wconf 84' lang='lat' dir='ltr'>ex</span> <span class='ocrx_word' id='word_1_23' title='bbox 614 464 788 509; x_wconf 89' lang='lat' dir='ltr'>castello</span> <span class='ocrx_word' id='word_1_24' title='bbox 815 467 859 509; x_wconf 90' lang='lat' dir='ltr'>in</span> <span class='ocrx_word' id='word_1_25' title='bbox 884 476 1023 509; x_wconf 87' lang='lat' dir='ltr'>castra</span> <span class='ocrx_word' id='word_1_26' title='bbox 1051 476 1151 509; x_wconf 90' lang='lat' dir='ltr'>sunt</span> <span class='ocrx_word' id='word_1_27' title='bbox 1173 465 1330 510; x_wconf 86' lang='lat' dir='ltr'>milites</span> <span class='ocrx_word' id='word_1_28' title='bbox 1356 468 1568 525; x_wconf 85' lang='lat' dir='ltr'>insecuti,</span> 
     </span>
     <span class='ocr_line' id='line_1_5' title="bbox 194 545 1569 607; baseline 0.002 -19"><span class='ocrx_word' id='word_1_29' title='bbox 194 546 510 590; x_wconf 86' lang='lat' dir='ltr'>munitionibus</span> <span class='ocrx_word' id='word_1_30' title='bbox 527 554 846 599; x_wconf 88' lang='lat' dir='ltr'>successerunt,</span> <span class='ocrx_word' id='word_1_31' title='bbox 872 545 1168 604; x_wconf 81' lang='lat' dir='ltr'>acerrimeque</span> <span class='ocrx_word' id='word_1_32' title='bbox 1188 546 1356 589; x_wconf 88' lang='lat' dir='ltr'>eminus</span> <span class='ocrx_word' id='word_1_33' title='bbox 1378 546 1569 607; x_wconf 82' lang='lat' dir='ltr'>proeliari</span> 
     </span>
     <span class='ocr_line' id='line_1_6' title="bbox 191 621 1570 686; baseline 0.002 -18"><span class='ocrx_word' id='word_1_34' title='bbox 191 634 427 686; x_wconf 83' lang='lat' dir='ltr'>coeperunt.</span> <span class='ocrx_word' id='word_1_35' title='bbox 446 624 628 668; x_wconf 88' lang='lat' dir='ltr'>Duabus</span> <span class='ocrx_word' id='word_1_36' title='bbox 647 640 694 666; x_wconf 84' lang='lat' dir='ltr'>ex</span> <span class='ocrx_word' id='word_1_37' title='bbox 717 624 913 683; x_wconf 88' lang='lat' dir='ltr'>partibus</span> <span class='ocrx_word' id='word_1_38' title='bbox 937 621 1083 667; x_wconf 89' lang='lat' dir='ltr'>aditus</span> <span class='ocrx_word' id='word_1_39' title='bbox 1103 625 1446 684; x_wconf 79' lang='lat' dir='ltr'>oppugnationis</span> <span class='ocrx_word' id='word_1_40' title='bbox 1470 644 1570 671; x_wconf 87' lang='lat' dir='ltr'>nos-</span> 
     </span>
     <span class='ocr_line' id='line_1_7' title="bbox 191 700 1569 762; baseline 0.001 -14"><span class='ocrx_word' id='word_1_41' title='bbox 191 706 268 748; x_wconf 87' lang='lat' dir='ltr'>tris</span> <span class='ocrx_word' id='word_1_42' title='bbox 289 704 475 748; x_wconf 84' lang='lat' dir='ltr'>dabatur</span> <span class='ocrx_word' id='word_1_43' title='bbox 503 720 511 746; x_wconf 91' lang='lat'>:</span> <span class='ocrx_word' id='word_1_44' title='bbox 546 719 655 757; x_wconf 88' lang='lat' dir='ltr'>nna,</span> <span class='ocrx_word' id='word_1_45' title='bbox 681 718 811 762; x_wconf 85' lang='lat' dir='ltr'>quam</span> <span class='ocrx_word' id='word_1_46' title='bbox 838 700 1023 745; x_wconf 87' lang='lat' dir='ltr'>liberum</span> <span class='ocrx_word' id='word_1_47' title='bbox 1053 718 1272 746; x_wconf 87' lang='lat' dir='ltr'>accessum</span> <span class='ocrx_word' id='word_1_48' title='bbox 1308 703 1465 748; x_wconf 85' lang='lat' dir='ltr'>habere</span> <span class='ocrx_word' id='word_1_49' title='bbox 1497 706 1569 750; x_wconf 91' lang='lat' dir='ltr'>de-</span> 
     </span>
     <span class='ocr_line' id='line_1_8' title="bbox 189 781 1568 841; baseline 0.002 -14"><span class='ocrx_word' id='word_1_50' title='bbox 189 784 424 828; x_wconf 83' lang='lat' dir='ltr'>monstravi</span> <span class='ocrx_word' id='word_1_51' title='bbox 441 799 452 838; x_wconf 82' lang='lat'>3</span> <span class='ocrx_word' id='word_1_52' title='bbox 471 782 605 826; x_wconf 87' lang='lat' dir='ltr'>altera</span> <span class='ocrx_word' id='word_1_53' title='bbox 619 818 629 836; x_wconf 91' lang='lat'>,</span> <span class='ocrx_word' id='word_1_54' title='bbox 644 799 740 841; x_wconf 87' lang='lat' dir='ltr'>quae</span> <span class='ocrx_word' id='word_1_55' title='bbox 763 781 979 825; x_wconf 82' lang='lat' dir='ltr'>mediocre</span> <span class='ocrx_word' id='word_1_56' title='bbox 1001 781 1278 826; x_wconf 85' lang='lat' dir='ltr'>intervallum</span> <span class='ocrx_word' id='word_1_57' title='bbox 1296 784 1409 827; x_wconf 89' lang='lat' dir='ltr'>inter</span> <span class='ocrx_word' id='word_1_58' title='bbox 1427 796 1568 830; x_wconf 87' lang='lat' dir='ltr'>castra</span> 
     </span>
     <span class='ocr_line' id='line_1_9' title="bbox 188 861 1568 910; baseline 0.002 -3"><span class='ocrx_word' id='word_1_59' title='bbox 188 875 230 908; x_wconf 86' lang='lat' dir='ltr'>et</span> <span class='ocrx_word' id='word_1_60' title='bbox 254 863 415 907; x_wconf 86' lang='lat' dir='ltr'>flumen</span> <span class='ocrx_word' id='word_1_61' title='bbox 446 862 594 907; x_wconf 88' lang='lat' dir='ltr'>Nilum</span> <span class='ocrx_word' id='word_1_62' title='bbox 613 863 814 906; x_wconf 82' lang='lat' dir='ltr'>habebat.</span> <span class='ocrx_word' id='word_1_63' title='bbox 837 863 1028 906; x_wconf 83' lang='lat' dir='ltr'>Maxima</span> <span class='ocrx_word' id='word_1_64' title='bbox 1042 871 1084 906; x_wconf 91' lang='lat' dir='ltr'>et</span> <span class='ocrx_word' id='word_1_65' title='bbox 1107 861 1364 907; x_wconf 88' lang='lat' dir='ltr'>electissima</span> <span class='ocrx_word' id='word_1_66' title='bbox 1377 864 1568 910; x_wconf 87' lang='lat' dir='ltr'>Alexan-</span> 
     </span>
     <span class='ocr_line' id='line_1_10' title="bbox 187 942 1570 1005; baseline 0.001 -17"><span class='ocrx_word' id='word_1_67' title='bbox 187 946 412 988; x_wconf 84' lang='lat' dir='ltr'>drinorum</span> <span class='ocrx_word' id='word_1_68' title='bbox 436 943 671 987; x_wconf 86' lang='lat' dir='ltr'>multitudo</span> <span class='ocrx_word' id='word_1_69' title='bbox 696 942 954 987; x_wconf 87' lang='lat' dir='ltr'>defendebat</span> <span class='ocrx_word' id='word_1_70' title='bbox 983 960 1078 987; x_wconf 88' lang='lat' dir='ltr'>eam</span> <span class='ocrx_word' id='word_1_71' title='bbox 1107 953 1299 1004; x_wconf 85' lang='lat' dir='ltr'>partem,</span> <span class='ocrx_word' id='word_1_72' title='bbox 1325 961 1421 1005; x_wconf 83' lang='lat' dir='ltr'>quae</span> <span class='ocrx_word' id='word_1_73' title='bbox 1451 945 1570 989; x_wconf 83' lang='lat' dir='ltr'>facil-</span> 
     </span>
     <span class='ocr_line' id='line_1_11' title="bbox 187 1023 1567 1085; baseline 0.001 -16"><span class='ocrx_word' id='word_1_74' title='bbox 187 1027 337 1069; x_wconf 88' lang='lat' dir='ltr'>limum</span> <span class='ocrx_word' id='word_1_75' title='bbox 368 1025 534 1069; x_wconf 85' lang='lat' dir='ltr'>aditum</span> <span class='ocrx_word' id='word_1_76' title='bbox 556 1024 756 1068; x_wconf 88' lang='lat' dir='ltr'>habebat.</span> <span class='ocrx_word' id='word_1_77' title='bbox 785 1023 1029 1068; x_wconf 85' lang='lat' dir='ltr'>Plurimum</span> <span class='ocrx_word' id='word_1_78' title='bbox 1054 1034 1199 1068; x_wconf 89' lang='lat' dir='ltr'>autem</span> <span class='ocrx_word' id='word_1_79' title='bbox 1226 1023 1510 1085; x_wconf 82' lang='lat' dir='ltr'>proficiebant</span> <span class='ocrx_word' id='word_1_80' title='bbox 1525 1028 1567 1070; x_wconf 90' lang='lat' dir='ltr'>in</span> 
     </span>
     <span class='ocr_line' id='line_1_12' title="bbox 187 1104 1568 1167; baseline 0.001 -18"><span class='ocrx_word' id='word_1_81' title='bbox 187 1105 444 1167; x_wconf 82' lang='lat' dir='ltr'>repellendis</span> <span class='ocrx_word' id='word_1_82' title='bbox 471 1104 839 1166; x_wconf 89' lang='lat' dir='ltr'>vulnerandisque</span> <span class='ocrx_word' id='word_1_83' title='bbox 866 1105 1046 1161; x_wconf 87' lang='lat' dir='ltr'>nostris,</span> <span class='ocrx_word' id='word_1_84' title='bbox 1076 1106 1150 1165; x_wconf 86' lang='lat' dir='ltr'>qui</span> <span class='ocrx_word' id='word_1_85' title='bbox 1177 1106 1353 1166; x_wconf 84' lang='lat' dir='ltr'>regione</span> <span class='ocrx_word' id='word_1_86' title='bbox 1377 1106 1568 1151; x_wconf 86' lang='lat' dir='ltr'>fluminis</span> 
     </span>
     <span class='ocr_line' id='line_1_13' title="bbox 186 1184 1568 1248; baseline -0.001 -17"><span class='ocrx_word' id='word_1_87' title='bbox 186 1186 276 1231; x_wconf 79' lang='lat' dir='ltr'>Nili</span> <span class='ocrx_word' id='word_1_88' title='bbox 304 1186 644 1248; x_wconf 81' lang='lat' dir='ltr'>propugnabant</span> <span class='ocrx_word' id='word_1_89' title='bbox 673 1203 680 1229; x_wconf 93' lang='lat'>:</span> <span class='ocrx_word' id='word_1_90' title='bbox 721 1185 901 1229; x_wconf 85' lang='lat' dir='ltr'>diversis</span> <span class='ocrx_word' id='word_1_91' title='bbox 932 1186 1046 1229; x_wconf 81' lang='lat' dir='ltr'>enim</span> <span class='ocrx_word' id='word_1_92' title='bbox 1081 1184 1176 1229; x_wconf 90' lang='lat' dir='ltr'>telis</span> <span class='ocrx_word' id='word_1_93' title='bbox 1207 1186 1343 1230; x_wconf 88' lang='lat' dir='ltr'>nostri</span> <span class='ocrx_word' id='word_1_94' title='bbox 1374 1185 1568 1248; x_wconf 86' lang='lat' dir='ltr'>figeban-</span> 
     </span>
     <span class='ocr_line' id='line_1_14' title="bbox 187 1265 1568 1324; baseline -0.001 -12"><span class='ocrx_word' id='word_1_95' title='bbox 187 1279 279 1324; x_wconf 87' lang='lat' dir='ltr'>tur,</span> <span class='ocrx_word' id='word_1_96' title='bbox 309 1267 478 1311; x_wconf 81' lang='lat' dir='ltr'>adversi</span> <span class='ocrx_word' id='word_1_97' title='bbox 516 1284 566 1310; x_wconf 86' lang='lat' dir='ltr'>ex</span> <span class='ocrx_word' id='word_1_98' title='bbox 604 1265 714 1310; x_wconf 85' lang='lat' dir='ltr'>vallo</span> <span class='ocrx_word' id='word_1_99' title='bbox 740 1276 1006 1321; x_wconf 88' lang='lat' dir='ltr'>castrorum,</span> <span class='ocrx_word' id='word_1_100' title='bbox 1044 1268 1180 1310; x_wconf 86' lang='lat' dir='ltr'>aversi</span> <span class='ocrx_word' id='word_1_101' title='bbox 1217 1283 1269 1310; x_wconf 80' lang='lat' dir='ltr'>ex</span> <span class='ocrx_word' id='word_1_102' title='bbox 1304 1266 1505 1324; x_wconf 84' lang='lat' dir='ltr'>flumine,</span> <span class='ocrx_word' id='word_1_103' title='bbox 1526 1268 1568 1311; x_wconf 93' lang='lat' dir='ltr'>in</span> 
     </span>
     <span class='ocr_line' id='line_1_15' title="bbox 186 1345 1570 1409; baseline -0.001 -17"><span class='ocrx_word' id='word_1_104' title='bbox 186 1365 273 1409; x_wconf 87' lang='lat' dir='ltr'>quo</span> <span class='ocrx_word' id='word_1_105' title='bbox 304 1347 451 1391; x_wconf 86' lang='lat' dir='ltr'>multae</span> <span class='ocrx_word' id='word_1_106' title='bbox 487 1363 636 1398; x_wconf 77' lang='lat' dir='ltr'>naves,</span> <span class='ocrx_word' id='word_1_107' title='bbox 667 1348 886 1390; x_wconf 85' lang='lat' dir='ltr'>instructae</span> <span class='ocrx_word' id='word_1_108' title='bbox 923 1345 1217 1391; x_wconf 84' lang='lat' dir='ltr'>funditoribus</span> <span class='ocrx_word' id='word_1_109' title='bbox 1243 1356 1284 1390; x_wconf 85' lang='lat' dir='ltr'>et</span> <span class='ocrx_word' id='word_1_110' title='bbox 1315 1348 1570 1408; x_wconf 83' lang='lat' dir='ltr'>sagittariis,</span> 
     </span>
     <span class='ocr_line' id='line_1_16' title="bbox 186 1428 706 1489; baseline 0.002 -19"><span class='ocrx_word' id='word_1_111' title='bbox 186 1438 356 1472; x_wconf 88' lang='lat' dir='ltr'>nostros</span> <span class='ocrx_word' id='word_1_112' title='bbox 377 1428 706 1489; x_wconf 82' lang='lat' dir='ltr'>impugnabant.</span> 
     </span>
    </p>

    <p class='ocr_par' dir='ltr' id='par_1_3' title="bbox 183 1507 1570 2697">
     <span class='ocr_line' id='line_1_17' title="bbox 248 1507 1566 1569; baseline 0.001 -17"><span class='ocrx_word' id='word_1_113' title='bbox 248 1510 414 1552; x_wconf 88' lang='lat' dir='ltr'>XXXI.</span> <span class='ocrx_word' id='word_1_114' title='bbox 444 1510 610 1564; x_wconf 85' lang='lat' dir='ltr'>Caesar,</span> <span class='ocrx_word' id='word_1_115' title='bbox 639 1525 773 1568; x_wconf 88' lang='lat' dir='ltr'>quum</span> <span class='ocrx_word' id='word_1_116' title='bbox 801 1508 990 1562; x_wconf 88' lang='lat' dir='ltr'>videret,</span> <span class='ocrx_word' id='word_1_117' title='bbox 1019 1507 1177 1551; x_wconf 82' lang='lat' dir='ltr'>milites</span> <span class='ocrx_word' id='word_1_118' title='bbox 1206 1509 1349 1551; x_wconf 84' lang='lat' dir='ltr'>acrius</span> <span class='ocrx_word' id='word_1_119' title='bbox 1375 1507 1566 1569; x_wconf 84' lang='lat' dir='ltr'>proeliari</span> 
     </span>
     <span class='ocr_line' id='line_1_18' title="bbox 186 1585 1569 1648; baseline 0.001 -17"><span class='ocrx_word' id='word_1_120' title='bbox 186 1605 273 1632; x_wconf 89' lang='lat' dir='ltr'>non</span> <span class='ocrx_word' id='word_1_121' title='bbox 301 1605 448 1648; x_wconf 86' lang='lat' dir='ltr'>posse,</span> <span class='ocrx_word' id='word_1_122' title='bbox 472 1605 552 1633; x_wconf 89' lang='lat' dir='ltr'>nec</span> <span class='ocrx_word' id='word_1_123' title='bbox 582 1598 726 1632; x_wconf 89' lang='lat' dir='ltr'>tamen</span> <span class='ocrx_word' id='word_1_124' title='bbox 760 1585 949 1630; x_wconf 89' lang='lat' dir='ltr'>multum</span> <span class='ocrx_word' id='word_1_125' title='bbox 986 1586 1134 1647; x_wconf 78' lang='lat' dir='ltr'>profici</span> <span class='ocrx_word' id='word_1_126' title='bbox 1165 1597 1345 1648; x_wconf 89' lang='lat' dir='ltr'>propter</span> <span class='ocrx_word' id='word_1_127' title='bbox 1370 1587 1569 1633; x_wconf 85' lang='lat' dir='ltr'>locorum</span> 
     </span>
     <span class='ocr_line' id='line_1_19' title="bbox 186 1666 1567 1729; baseline 0.001 -18"><span class='ocrx_word' id='word_1_128' title='bbox 186 1667 512 1725; x_wconf 80' lang='lat' dir='ltr'>difficultatem,</span> <span class='ocrx_word' id='word_1_129' title='bbox 557 1684 781 1729; x_wconf 87' lang='lat' dir='ltr'>quumque</span> <span class='ocrx_word' id='word_1_130' title='bbox 808 1668 1000 1711; x_wconf 89' lang='lat' dir='ltr'>animum</span> <span class='ocrx_word' id='word_1_131' title='bbox 1029 1666 1298 1722; x_wconf 83' lang='lat' dir='ltr'>adverteret,</span> <span class='ocrx_word' id='word_1_132' title='bbox 1326 1667 1567 1713; x_wconf 81' lang='lat' dir='ltr'>excelsissi-</span> 
     </span>
     <span class='ocr_line' id='line_1_20' title="bbox 183 1746 1568 1805; baseline 0.001 -13"><span class='ocrx_word' id='word_1_133' title='bbox 183 1766 304 1792; x_wconf 87' lang='lat' dir='ltr'>mum</span> <span class='ocrx_word' id='word_1_134' title='bbox 347 1749 489 1793; x_wconf 86' lang='lat' dir='ltr'>locum</span> <span class='ocrx_word' id='word_1_135' title='bbox 524 1758 767 1792; x_wconf 85' lang='lat' dir='ltr'>castrorum</span> <span class='ocrx_word' id='word_1_136' title='bbox 799 1746 1000 1790; x_wconf 82' lang='lat' dir='ltr'>relictum</span> <span class='ocrx_word' id='word_1_137' title='bbox 1032 1762 1124 1790; x_wconf 79' lang='lat' dir='ltr'>esse</span> <span class='ocrx_word' id='word_1_138' title='bbox 1153 1748 1206 1790; x_wconf 93' lang='lat' dir='ltr'>ab</span> <span class='ocrx_word' id='word_1_139' title='bbox 1237 1746 1568 1805; x_wconf 83' lang='lat' dir='ltr'>Alexandrinis,</span> 
     </span>
     <span class='ocr_line' id='line_1_21' title="bbox 186 1826 1568 1890; baseline -0.001 -18"><span class='ocrx_word' id='word_1_140' title='bbox 186 1830 303 1890; x_wconf 88' lang='lat' dir='ltr'>quod</span> <span class='ocrx_word' id='word_1_141' title='bbox 316 1839 357 1873; x_wconf 90' lang='lat' dir='ltr'>et</span> <span class='ocrx_word' id='word_1_142' title='bbox 379 1845 457 1890; x_wconf 87' lang='lat' dir='ltr'>per</span> <span class='ocrx_word' id='word_1_143' title='bbox 478 1844 521 1872; x_wconf 91' lang='lat' dir='ltr'>se</span> <span class='ocrx_word' id='word_1_144' title='bbox 541 1829 737 1872; x_wconf 87' lang='lat' dir='ltr'>munitus</span> <span class='ocrx_word' id='word_1_145' title='bbox 758 1837 889 1883; x_wconf 79' lang='lat' dir='ltr'>esset,</span> <span class='ocrx_word' id='word_1_146' title='bbox 908 1837 950 1870; x_wconf 89' lang='lat' dir='ltr'>et</span> <span class='ocrx_word' id='word_1_147' title='bbox 975 1826 1121 1870; x_wconf 85' lang='lat' dir='ltr'>studio</span> <span class='ocrx_word' id='word_1_148' title='bbox 1139 1828 1301 1888; x_wconf 87' lang='lat' dir='ltr'>partim</span> <span class='ocrx_word' id='word_1_149' title='bbox 1316 1828 1568 1888; x_wconf 87' lang='lat' dir='ltr'>pugnandi,</span> 
     </span>
     <span class='ocr_line' id='line_1_22' title="bbox 187 1907 1569 1974; baseline -0.002 -17"><span class='ocrx_word' id='word_1_150' title='bbox 187 1914 348 1974; x_wconf 81' lang='lat' dir='ltr'>partim</span> <span class='ocrx_word' id='word_1_151' title='bbox 374 1910 596 1973; x_wconf 88' lang='lat' dir='ltr'>spectandi</span> <span class='ocrx_word' id='word_1_152' title='bbox 626 1910 974 1954; x_wconf 89' lang='lat' dir='ltr'>decucurrissent</span> <span class='ocrx_word' id='word_1_153' title='bbox 1004 1910 1048 1952; x_wconf 92' lang='lat' dir='ltr'>in</span> <span class='ocrx_word' id='word_1_154' title='bbox 1075 1924 1174 1953; x_wconf 89' lang='lat' dir='ltr'>eum</span> <span class='ocrx_word' id='word_1_155' title='bbox 1205 1907 1370 1965; x_wconf 87' lang='lat' dir='ltr'>locum,</span> <span class='ocrx_word' id='word_1_156' title='bbox 1406 1911 1449 1954; x_wconf 90' lang='lat' dir='ltr'>in</span> <span class='ocrx_word' id='word_1_157' title='bbox 1479 1927 1569 1971; x_wconf 90' lang='lat' dir='ltr'>quo</span> 
     </span>
     <span class='ocr_line' id='line_1_23' title="bbox 188 1989 1569 2054; baseline -0.001 -18"><span class='ocrx_word' id='word_1_158' title='bbox 188 1993 491 2054; x_wconf 84' lang='lat' dir='ltr'>pugnabatur,</span> <span class='ocrx_word' id='word_1_159' title='bbox 530 1991 730 2035; x_wconf 86' lang='lat' dir='ltr'>cohortes</span> <span class='ocrx_word' id='word_1_160' title='bbox 759 1989 831 2033; x_wconf 91' lang='lat' dir='ltr'>illo</span> <span class='ocrx_word' id='word_1_161' title='bbox 852 1990 1037 2033; x_wconf 87' lang='lat' dir='ltr'>circuire</span> <span class='ocrx_word' id='word_1_162' title='bbox 1073 1999 1236 2044; x_wconf 85' lang='lat' dir='ltr'>castra,</span> <span class='ocrx_word' id='word_1_163' title='bbox 1268 1999 1312 2034; x_wconf 89' lang='lat' dir='ltr'>et</span> <span class='ocrx_word' id='word_1_164' title='bbox 1347 2006 1569 2036; x_wconf 87' lang='lat' dir='ltr'>summum</span> 
     </span>
     <span class='ocr_line' id='line_1_24' title="bbox 188 2068 1570 2134; baseline -0.001 -17"><span class='ocrx_word' id='word_1_165' title='bbox 188 2072 332 2117; x_wconf 89' lang='lat' dir='ltr'>locum</span> <span class='ocrx_word' id='word_1_166' title='bbox 376 2072 555 2134; x_wconf 82' lang='lat' dir='ltr'>aggredi</span> <span class='ocrx_word' id='word_1_167' title='bbox 591 2072 737 2132; x_wconf 85' lang='lat' dir='ltr'>jussit;</span> <span class='ocrx_word' id='word_1_168' title='bbox 780 2071 917 2131; x_wconf 90' lang='lat' dir='ltr'>iisque</span> <span class='ocrx_word' id='word_1_169' title='bbox 954 2068 1240 2115; x_wconf 88' lang='lat' dir='ltr'>Carfulenum</span> <span class='ocrx_word' id='word_1_170' title='bbox 1276 2069 1491 2131; x_wconf 86' lang='lat' dir='ltr'>praefecit,</span> <span class='ocrx_word' id='word_1_171' title='bbox 1527 2082 1570 2115; x_wconf 88' lang='lat' dir='ltr'>et</span> 
     </span>
     <span class='ocr_line' id='line_1_25' title="bbox 188 2150 1565 2215; baseline -0.001 -17"><span class='ocrx_word' id='word_1_172' title='bbox 188 2154 321 2198; x_wconf 84' lang='lat' dir='ltr'>animi</span> <span class='ocrx_word' id='word_1_173' title='bbox 349 2152 651 2215; x_wconf 86' lang='lat' dir='ltr'>magnitudine</span> <span class='ocrx_word' id='word_1_174' title='bbox 679 2161 721 2195; x_wconf 93' lang='lat' dir='ltr'>et</span> <span class='ocrx_word' id='word_1_175' title='bbox 746 2153 807 2195; x_wconf 87' lang='lat' dir='ltr'>rei</span> <span class='ocrx_word' id='word_1_176' title='bbox 835 2150 1033 2196; x_wconf 87' lang='lat' dir='ltr'>militaris</span> <span class='ocrx_word' id='word_1_177' title='bbox 1061 2151 1241 2195; x_wconf 89' lang='lat' dir='ltr'>scientia</span> <span class='ocrx_word' id='word_1_178' title='bbox 1274 2151 1417 2194; x_wconf 89' lang='lat' dir='ltr'>virum</span> <span class='ocrx_word' id='word_1_179' title='bbox 1454 2168 1565 2212; x_wconf 81' lang='lat' dir='ltr'>prae—</span> 
     </span>
     <span class='ocr_line' id='line_1_26' title="bbox 187 2230 1569 2293; baseline -0.004 -14"><span class='ocrx_word' id='word_1_180' title='bbox 187 2244 389 2279; x_wconf 84' lang='lat' dir='ltr'>stantem.</span> <span class='ocrx_word' id='word_1_181' title='bbox 418 2236 520 2291; x_wconf 83' lang='lat' dir='ltr'>Quo</span> <span class='ocrx_word' id='word_1_182' title='bbox 548 2242 596 2277; x_wconf 91' lang='lat' dir='ltr'>ut</span> <span class='ocrx_word' id='word_1_183' title='bbox 620 2242 799 2276; x_wconf 90' lang='lat' dir='ltr'>ventum</span> <span class='ocrx_word' id='word_1_184' title='bbox 823 2242 907 2287; x_wconf 91' lang='lat' dir='ltr'>est,</span> <span class='ocrx_word' id='word_1_185' title='bbox 935 2233 1082 2293; x_wconf 88' lang='lat' dir='ltr'>paucis</span> <span class='ocrx_word' id='word_1_186' title='bbox 1110 2230 1445 2275; x_wconf 86' lang='lat' dir='ltr'>defendentibus</span> <span class='ocrx_word' id='word_1_187' title='bbox 1469 2248 1569 2275; x_wconf 87' lang='lat' dir='ltr'>mu-</span> 
     </span>
     <span class='ocr_line' id='line_1_27' title="bbox 188 2311 1568 2373; baseline -0.003 -14"><span class='ocrx_word' id='word_1_188' title='bbox 188 2316 423 2368; x_wconf 87' lang='lat' dir='ltr'>nitionem,</span> <span class='ocrx_word' id='word_1_189' title='bbox 459 2315 617 2358; x_wconf 89' lang='lat' dir='ltr'>nostris</span> <span class='ocrx_word' id='word_1_190' title='bbox 655 2322 807 2357; x_wconf 89' lang='lat' dir='ltr'>contra</span> <span class='ocrx_word' id='word_1_191' title='bbox 843 2311 1053 2356; x_wconf 86' lang='lat' dir='ltr'>militibus</span> <span class='ocrx_word' id='word_1_192' title='bbox 1092 2312 1302 2356; x_wconf 88' lang='lat' dir='ltr'>acerrime</span> <span class='ocrx_word' id='word_1_193' title='bbox 1333 2314 1568 2373; x_wconf 87' lang='lat' dir='ltr'>pugnanti-</span> 
     </span>
     <span class='ocr_line' id='line_1_28' title="bbox 187 2391 1569 2454; baseline -0.003 -15"><span class='ocrx_word' id='word_1_194' title='bbox 187 2396 289 2452; x_wconf 86' lang='lat' dir='ltr'>bus,</span> <span class='ocrx_word' id='word_1_195' title='bbox 317 2395 489 2439; x_wconf 86' lang='lat' dir='ltr'>diverso</span> <span class='ocrx_word' id='word_1_196' title='bbox 522 2393 711 2438; x_wconf 88' lang='lat' dir='ltr'>clamore</span> <span class='ocrx_word' id='word_1_197' title='bbox 738 2403 781 2437; x_wconf 91' lang='lat' dir='ltr'>et</span> <span class='ocrx_word' id='word_1_198' title='bbox 817 2392 970 2454; x_wconf 87' lang='lat' dir='ltr'>proelio</span> <span class='ocrx_word' id='word_1_199' title='bbox 1008 2393 1227 2454; x_wconf 87' lang='lat' dir='ltr'>perterriti</span> <span class='ocrx_word' id='word_1_200' title='bbox 1253 2391 1569 2447; x_wconf 84' lang='lat' dir='ltr'>Alexandrini,</span> 
     </span>
     <span class='ocr_line' id='line_1_29' title="bbox 188 2472 1570 2537; baseline -0.003 -18"><span class='ocrx_word' id='word_1_201' title='bbox 188 2475 457 2537; x_wconf 85' lang='lat' dir='ltr'>trepidantes</span> <span class='ocrx_word' id='word_1_202' title='bbox 481 2475 525 2518; x_wconf 92' lang='lat' dir='ltr'>in</span> <span class='ocrx_word' id='word_1_203' title='bbox 550 2491 700 2519; x_wconf 90' lang='lat' dir='ltr'>omnes</span> <span class='ocrx_word' id='word_1_204' title='bbox 724 2484 866 2535; x_wconf 85' lang='lat' dir='ltr'>partes</span> <span class='ocrx_word' id='word_1_205' title='bbox 893 2484 1136 2519; x_wconf 87' lang='lat' dir='ltr'>castrorum</span> <span class='ocrx_word' id='word_1_206' title='bbox 1158 2472 1401 2517; x_wconf 87' lang='lat' dir='ltr'>discurrere</span> <span class='ocrx_word' id='word_1_207' title='bbox 1427 2489 1570 2533; x_wconf 86' lang='lat' dir='ltr'>coepe-</span> 
     </span>
     <span class='ocr_line' id='line_1_30' title="bbox 190 2552 1567 2616; baseline -0.004 -16"><span class='ocrx_word' id='word_1_208' title='bbox 190 2567 305 2600; x_wconf 77' lang='lat' dir='ltr'>runt.</span> <span class='ocrx_word' id='word_1_209' title='bbox 322 2557 525 2614; x_wconf 85' lang='lat' dir='ltr'>Quorum</span> <span class='ocrx_word' id='word_1_210' title='bbox 549 2555 878 2616; x_wconf 87' lang='lat' dir='ltr'>perturbatione</span> <span class='ocrx_word' id='word_1_211' title='bbox 900 2565 1153 2600; x_wconf 84' lang='lat' dir='ltr'>nostrorum</span> <span class='ocrx_word' id='word_1_212' title='bbox 1173 2553 1307 2597; x_wconf 90' lang='lat' dir='ltr'>animi</span> <span class='ocrx_word' id='word_1_213' title='bbox 1335 2552 1442 2596; x_wconf 90' lang='lat' dir='ltr'>adeo</span> <span class='ocrx_word' id='word_1_214' title='bbox 1463 2563 1567 2596; x_wconf 87' lang='lat' dir='ltr'>sunt</span> 
     </span>
     <span class='ocr_line' id='line_1_31' title="bbox 190 2632 1562 2697; baseline -0.001 -19"><span class='ocrx_word' id='word_1_215' title='bbox 190 2637 376 2694; x_wconf 87' lang='lat' dir='ltr'>incitati,</span> <span class='ocrx_word' id='word_1_216' title='bbox 408 2646 453 2681; x_wconf 87' lang='lat' dir='ltr'>ut</span> <span class='ocrx_word' id='word_1_217' title='bbox 480 2653 600 2697; x_wconf 66' lang='lat' dir='ltr'>perne</span> <span class='ocrx_word' id='word_1_218' title='bbox 632 2634 784 2680; x_wconf 87' lang='lat' dir='ltr'>eodem</span> <span class='ocrx_word' id='word_1_219' title='bbox 808 2646 1002 2697; x_wconf 82' lang='lat' dir='ltr'>ternpore</span> <span class='ocrx_word' id='word_1_220' title='bbox 1031 2651 1083 2679; x_wconf 81' lang='lat' dir='ltr'>ex</span> <span class='ocrx_word' id='word_1_221' title='bbox 1114 2634 1317 2679; x_wconf 89' lang='lat' dir='ltr'>omnibus</span> <span class='ocrx_word' id='word_1_222' title='bbox 1342 2632 1562 2694; x_wconf 84' lang='lat' dir='ltr'>partibus,</span> 
     </span>
    </p>
   </div>
  </div>
 </body>
</html>
