1972 3356
334 275 404 318 194
543 270 582 304 C.
613 269 740 304 JULII
769 268 987 303 CAESARIS
1019 267 1514 303 COMMENTARIORUM

331 363 415 409 set;
450 363 683 414 tantopere
715 351 939 396 licentiam
974 352 1364 414 arrogantiamque
1394 351 1738 413 reprehendere,

331 434 451 496 quod
477 433 576 496 plus
600 451 645 478 se
668 451 803 495 quam
831 435 1146 495 imperatorem
1173 434 1226 478 de
1252 434 1437 478 victoria
1463 443 1596 494 atque
1619 435 1739 477 exitu

331 533 478 560 rerum
510 516 674 560 sentire
697 516 1016 561 existimarent.
1043 518 1138 561 Nec
1167 516 1314 559 minus
1345 530 1388 558 se
1413 515 1457 558 in
1480 513 1621 559 milite
1645 531 1740 558 mo-

332 597 518 642 destiam
542 607 585 641 et
605 597 927 642 continentiam
955 614 1086 658 (luam
1107 597 1319 640 virtutem
1343 605 1475 656 atque
1495 596 1629 639 animi
1650 611 1743 639 ma-

332 679 617 740 gnitudinem
643 678 908 724 desiderare.
934 699 954 720 n

399 763 515 806 LIII.
555 763 650 805 Hac
676 761 826 805 habita
854 761 1087 817 concione,
1115 771 1159 804 et
1183 760 1238 804 ad
1263 770 1513 804 extremum
1542 758 1744 802 oratione

332 842 607 887 confirmatis
637 841 874 899 militibus,
907 863 926 883 α
951 859 1006 886 ne
1033 843 1088 886 ob
1118 842 1233 886 hanc
1261 858 1434 886 causam
1462 841 1614 884 animo
1642 856 1745 901 per-

334 934 643 980 moverentur,
670 941 782 979 neu,
810 923 931 984 quod
961 924 1172 984 iniquitas
1199 922 1285 967 loci
1319 922 1560 979 attulisset,
1591 921 1634 965 id
1660 922 1747 965 vir-

334 1006 421 1050 tuti
441 1005 639 1049 hostium
661 1005 932 1059 tribuerent3
953 1023 973 1045 >³
999 1004 1155 1048 eadem
1175 1004 1229 1048 de
1255 1004 1526 1065 profectione
1547 1004 1746 1066 cogitans

333 1105 431 1149 quae
452 1097 555 1131 ante
580 1096 797 1140 senserat,
828 1085 1024 1147 legiones
1055 1102 1105 1129 ex
1132 1086 1286 1129 castris
1316 1085 1489 1140 eduxit,
1517 1086 1747 1145 aciemque

335 1169 496 1213 idoneo
519 1167 617 1211 loco
642 1167 888 1212 constituit.
910 1167 1067 1224 Quum
1084 1166 1427 1228 Vercingetorix
1448 1164 1588 1209 nihilo
1608 1167 1747 1227 mag-is

334 1251 379 1294 in
406 1266 584 1311 aequum
606 1248 754 1293 locum
770 1248 1080 1304 descenderet,
1098 1247 1184 1292 levi
1209 1247 1324 1292 facto
1350 1247 1544 1308 equestri
1569 1245 1747 1308 proelio,

335 1341 466 1393 atque
499 1348 551 1375 eo
587 1330 801 1385 secundo,
839 1331 884 1374 in
913 1339 1055 1374 castra
1096 1330 1339 1374 exercitum
1376 1328 1566 1373 reduxit.
1592 1329 1745 1386 Quum

335 1414 420 1457 hoc
444 1413 559 1457 idem
587 1423 765 1474 postero
787 1411 858 1457 die
883 1412 1078 1468 fecisset,
1105 1412 1208 1455 satis
1231 1410 1284 1455 ad
1309 1409 1530 1455 Gallicam
1558 1420 1749 1455 ostenta-

338 1495 506 1539 tionem
543 1493 830 1538 minuendam
874 1492 1160 1554 militumque
1202 1493 1375 1537 animos
1421 1490 1748 1536 confirmandos

339 1575 505 1620 factum
527 1575 805 1631 existimans,
831 1575 874 1618 in
902 1574 1070 1619 AEduos
1092 1584 1235 1618 castra
1263 1575 1414 1618 movit.
1434 1575 1502 1618 Ne
1525 1583 1621 1617 tum
1645 1575 1746 1634 qui-

341 1657 442 1701 dem
467 1657 680 1700 insecutis
697 1656 918 1713 hostibus,
946 1656 1078 1700 tertio
1102 1654 1172 1699 die
1195 1655 1250 1698 ad
1272 1654 1436 1699 flumen
1462 1653 1623 1699 Elaver
1643 1672 1751 1716 pon·

341 1748 428 1782 tem
459 1737 630 1793 refecit,
653 1747 784 1798 atque
809 1737 1055 1781 exercitum
1077 1736 1338 1780 transduxit.

407 1821 525 1864 LIV.
549 1819 615 1863 Ibi
640 1835 664 1861 a
683 1817 973 1862 Viridomaro
1002 1828 1135 1878 atque
1159 1817 1461 1879 Eporedorige
1490 1817 1642 1862 AEduis
1670 1835 1749 1880 ap-

344 1899 560 1963 pellatus,
590 1899 720 1943 discit
752 1915 852 1942 cum
883 1901 1009 1942 omni
1037 1899 1236 1959 equitatu
1265 1899 1515 1942 Litavicum
1545 1898 1601 1943 ad
1634 1898 1751 1944 solli-

344 1982 546 2027 citandos
575 1981 738 2026 AEduos
764 1979 1038 2041 profectum3
1057 1996 1168 2041 opus
1193 1996 1284 2024 esse
1305 1990 1347 2024 et
1365 1980 1482 2041 ipsos
1506 1980 1752 2041 praecedere

344 2064 400 2109 ad
424 2062 774 2108 confirmandam
806 2062 1046 2106 civitatem.
1080 2061 1176 2105 Etsi
1205 2059 1353 2105 multis
1378 2062 1468 2122 jam
1497 2062 1626 2106 rebus
1651 2079 1751 2123 per-

345 2145 495 2189 fidiam
519 2143 763 2188 AEduorum
790 2152 1072 2203 perspectam
1091 2142 1301 2197 habebat,
1325 2152 1458 2203 atque
1477 2143 1637 2187 horum
1664 2143 1750 2187 dis-

348 2243 472 2271 cessu
505 2224 777 2270 admaturari
806 2222 1102 2267 defectionem
1133 2224 1324 2267 civitatis
1351 2223 1652 2279 existimabat;
1688 2234 1751 2268 ta-

350 2325 451 2352 men
474 2305 730 2351 retinendos
749 2321 823 2348 eos
850 2320 939 2347 non
969 2306 1158 2360 censuit,
1183 2322 1236 2348 nc
1251 2315 1327 2348 aut
1353 2304 1514 2349 inferre
1541 2305 1747 2366 injuriam

350 2389 597 2445 videretur,
622 2396 697 2433 aut
726 2385 831 2429 darc
857 2385 1031 2429 timoris
1054 2384 1246 2446 aliquam
1271 2387 1579 2447 suspicionem.
1600 2388 1751 2432 Disce·

353 2469 561 2514 dentibus
592 2468 661 2512 his
693 2466 887 2510 breviter
920 2482 997 2509 sua
1037 2467 1080 2509 in
1120 2466 1282 2510 AEduos
1324 2468 1481 2511 merita
1522 2468 1699 2528 exponit
1739 2484 1747 2510 z

354 2571 374 2592 «
404 2551 531 2608 Quos
565 2559 607 2593 et
641 2565 771 2609 quam
814 2545 1000 2590 humiles
1034 2548 1290 2608 accepisset,
1322 2547 1571 2608 compulsos
1600 2549 1644 2591 in
1673 2565 1751 2609 op-

356 2630 480 2691 pida,
509 2628 719 2674 multatos
751 2629 887 2690 agris,
921 2628 1127 2671 omuibus
1161 2629 1322 2689 ereptis
1350 2629 1507 2688 copiis,
1544 2630 1750 2690 imposito

359 2710 603 2771 stipendio,
626 2708 855 2753 obsidibus
878 2724 1046 2751 summa
1069 2725 1168 2751 cum
1193 2707 1459 2752 contumelia
1487 2710 1689 2765 extortis;
1707 2721 1750 2754 et
