1972 3356
487 272 554 308 DE
586 271 749 307 BELLO
781 270 939 306 CIVILI
970 269 1064 304 LIB.
1088 268 1155 303 ΙΙΙ.
1456 263 1527 299 113

130 360 212 405 ctis
240 358 446 403 omnibus
472 358 631 421 copiis,
658 357 752 401 acie
776 357 1018 411 instructa,
1048 350 1309 398 decernendi
1339 359 1531 413 potesta-

132 452 219 485 tem
242 441 454 502 Pompeio
474 439 586 484 fecit.
613 439 699 484 Ubi
721 437 843 483 illum
864 437 954 482 suis
970 435 1078 481 locis
1098 452 1143 481 se
1161 445 1313 480 tenere
1332 435 1530 479 animum

132 522 341 579 advertit,
369 520 551 565 reducto
572 521 617 565 in
640 530 784 564 castra
807 519 1025 574 exercitu,
1051 514 1171 561 aliud
1192 517 1274 561 sibi
1297 515 1530 561 consilium

132 603 392 666 capiendum
418 601 696 647 existimavit.
733 602 889 661 Itaque
913 608 1091 660 postero
1123 596 1193 641 die
1223 597 1431 642 omnibus
1466 614 1532 642 co-

133 688 240 748 piis,
278 700 439 747 magno
464 684 673 739 circuitu,
702 680 870 726 difficili
897 690 1177 744 angustoque
1203 680 1381 733 itinere,
1414 682 1532 742 Dyr·

133 768 333 812 rachium
373 764 596 827 profectus
638 773 720 820 est,
757 779 964 825 sperans,
1004 763 1269 824 Pompeium
1311 772 1389 806 aut
1424 763 1533 823 Dyr-

133 848 332 893 rachium
357 843 593 908 compelli,
638 854 714 889 aut.
751 844 805 889 ab
847 860 899 888 eo
943 842 1180 888 intercludi
1220 859 1374 905 posse,
1412 842 1533 904 quod

133 946 308 974 omnem
329 937 623 973 commeatum
643 928 868 988 totiusque
889 924 993 971 belli
1018 935 1281 987 apparatum
1303 924 1338 968 is
1363 940 1414 968 eo
1435 939 1534 967 con-

133 1009 320 1067 tulisset3
344 1020 393 1054 ut
417 1009 587 1055 accidit.
607 1010 846 1071 Pompeius
870 1009 1010 1067 enim,
1037 1008 1182 1070 primo
1204 1008 1416 1069 ignorans
1440 1005 1534 1065 ejus

134 1091 392 1150 consilium,
411 1091 532 1153 quod
555 1090 727 1136 diverso
750 1092 804 1136 ab
831 1107 882 1136 ea
902 1090 1083 1152 regione
1106 1090 1263 1133 itinere
1285 1088 1534 1150 profectum

134 1174 339 1232 videbat,
370 1175 584 1236 angustiis
620 1175 683 1218 rei
718 1174 1020 1218 frumentariae
1056 1169 1336 1233 compulsum
1373 1170 1536 1214 disces-

136 1256 239 1301 sisse
259 1256 559 1300 existimabat:
577 1265 753 1317 postea,
774 1272 854 1317 per
875 1253 1175 1316 exploratores
1192 1252 1355 1298 certior
1373 1251 1534 1307 factus,

137 1348 314 1398 postero
342 1337 411 1381 die
438 1346 580 1382 castra
605 1337 774 1394 movit,
806 1337 1010 1381 breviore
1044 1336 1198 1380 itinere
1231 1351 1274 1378 se
1303 1349 1536 1378 occurrere

136 1419 174 1462 ei
203 1435 332 1480 posse
363 1435 558 1481 sperans.
583 1417 718 1477 Quod
752 1417 846 1463 fore
879 1418 1128 1479 suspicatus
1157 1418 1324 1473 Caesar,
1351 1414 1537 1459 milites-

136 1516 221 1560 que
247 1500 535 1553 adhortatus,
562 1509 610 1543 ut
636 1515 762 1560 aequo
786 1499 934 1543 animo
959 1497 1157 1542 laborem
1184 1497 1376 1551 ferrent,
1402 1513 1539 1558 parva

134 1593 260 1642 parte
279 1582 420 1626 noctis
444 1582 601 1626 itinere
628 1581 901 1637 intermisso,
919 1596 1049 1625 mane
1070 1578 1372 1640 Dyrrachium
1394 1579 1538 1633 venit,

135 1678 272 1723 quum
301 1664 496 1725 primum
523 1678 682 1725 agmen
707 1662 907 1723 Pompeii
931 1660 1087 1723 procul
1111 1670 1383 1716 cerneretur,
1405 1670 1538 1721 atque

135 1743 195 1788 ibi
225 1753 368 1789 castra
395 1745 556 1806 posuit.

201 1828 341 1870 XLII.
370 1827 631 1887 Pompeius,
660 1826 929 1871 interclusus
957 1827 1238 1889 Dyrrachio,
1268 1827 1342 1870 ubi
1371 1841 1537 1887 propo-

138 1907 270 1952 situm
307 1916 457 1951 tenere
489 1924 580 1951 non
608 1909 783 1969 potuit,
816 1907 1010 1953 secundo
1040 1923 1146 1952 usus
1177 1906 1389 1962 consilio,
1420 1905 1540 1949 edito

140 1987 267 2044 loco,
301 1988 378 2048 qui
413 1987 662 2050 appellatur
696 1991 854 2043 Petra,
887 1988 1146 2050 aditumque
1183 1988 1316 2032 habet
1355 1987 1540 2031 navibus

140 2068 432 2127 mediocrem,
463 2080 595 2131 atque
619 2087 690 2115 eas
715 2086 739 2114 a
762 2070 1027 2131 quibusdam
1051 2070 1246 2132 protegit
1269 2070 1411 2113 ventis
1429 2104 1440 2126 ,
1468 2085 1540 2112 ca-

141 2160 233 2195 stra
252 2152 511 2196 communit.
529 2154 597 2196 Eo
614 2161 785 2214 partem
812 2152 990 2196 navium
1021 2150 1256 2214 longarum
1283 2151 1542 2205 convenire,

141 2232 412 2277 frumentum
441 2244 826 2296 commeatumque
858 2234 911 2278 ab
939 2234 1042 2279 Asia
1078 2243 1210 2294 atque
1237 2232 1445 2277 omnibus
1474 2248 1542 2275 re-

142 2314 367 2376 gionibus,
391 2332 498 2376 quas
524 2315 726 2372 tenebat,
748 2316 1016 2377 comportari
1040 2316 1243 2377 imperat.
1264 2316 1425 2370 Caesar,
1448 2312 1543 2357 lon-

142 2397 238 2458 gius
267 2395 432 2441 bellum
465 2396 649 2442 ductum
681 2399 734 2442 iri
762 2399 1042 2453 existimans,
1075 2407 1118 2441 et
1144 2396 1198 2441 de
1230 2395 1389 2441 italicis
1422 2413 1542 2440 coni-

142 2478 360 2522 meatibus
387 2477 649 2540 desperans,
680 2479 800 2541 quod
825 2489 949 2524 tanta
975 2479 1203 2541 diligentia
1236 2478 1385 2522 omnia
1414 2477 1542 2521 litora

143 2575 168 2602 a
195 2560 474 2622 Pompeianis
497 2561 780 2619 tenebantur,
804 2560 1052 2624 classesque
1082 2561 1220 2622 ipsius
1235 2595 1246 2616 ,
1269 2576 1377 2620 quas
1401 2559 1544 2603 hieme

146 2640 191 2683 in
216 2640 385 2700 Sicilia,
409 2641 555 2688 Gallia
570 2678 581 2700 ,
604 2642 732 2688 Italia
754 2644 935 2702 fecerat,
957 2644 1262 2698 morabantur,
1289 2643 1333 2686 in
1355 2641 1543 2703 Epirum

148 2721 209 2764 rei
239 2721 538 2770 frumentariae
562 2741 693 2770 causa
715 2725 771 2783 Q.
793 2726 961 2771 Titium
988 2736 1031 2770 et
1057 2728 1107 2771 L.
1136 2723 1400 2770 Canuleium
1428 2721 1544 2784 lega-

335 2821 380 2849 υ.
1334 2805 1359 2850 8
