1972 3356
573 229 638 265 DE
667 228 829 264 BELLO
857 227 1185 264 HISPANIENSI.
1499 226 1572 263 283

186 315 376 360 clamore
398 315 594 372 sublato,
622 316 740 360 omni
766 331 923 377 genere
948 312 1134 358 telorum
1163 313 1318 357 emisso
1338 348 1348 368 ,
1375 329 1573 375 pugnare

186 415 267 459 pro
292 415 418 442 muro
444 407 535 442 toto
554 406 783 458 coeperunt
804 405 1007 457 :propter
1033 394 1151 456 quod
1176 394 1265 439 fere
1288 411 1450 457 magna
1472 412 1574 457 pars

185 479 439 537 hominum,
465 479 541 540 qui
567 479 611 522 in
642 478 795 522 castris
813 477 974 521 nostris
990 486 1153 532 essent,
1175 493 1265 520 non
1286 475 1574 532 dubitarunt,

184 560 293 620 quin
318 560 595 622 eruptionem
624 575 676 603 eo
705 557 775 602 die
799 566 942 601 essent
966 556 1139 600 facturi.
1177 558 1265 612 Ita,
1301 573 1464 601 corona
1499 558 1576 601 cir-

184 639 415 696 cumdata,
443 648 690 701 pugnatum
712 647 775 682 est
802 636 1059 697 aliquandiu
1086 636 1492 695 vehementissime,
1518 638 1575 682 si-

185 719 366 781 mulque
390 720 548 765 balista
575 721 707 763 missa
735 735 760 762 a
786 719 949 762 nostris
975 728 1145 762 turrem
1170 717 1330 778 dejecit
1352 734 1362 762 ε
1388 735 1476 779 qua
1503 718 1577 763 ad-

185 803 506 857 versariorum,
532 800 608 861 qui
633 801 677 843 in
695 816 745 844 ea
770 809 892 844 turre
917 799 1114 857 fuerant,
1136 815 1164 842 v
1193 798 1352 861 dejecti
1376 809 1505 857 sunt,
1534 811 1578 844 et

185 898 320 942 puer,
346 883 420 942 qui
440 880 644 926 balistam
665 880 820 926 solitus
844 891 937 925 erat
965 881 1214 926 observare.

246 965 369 1009 XIV.
397 965 461 1008 Eo
487 963 707 1025 praeterito
735 973 931 1025 tempore
949 998 959 1017 ,
990 964 1227 1025 Pompeius
1263 974 1382 1009 trans
1412 963 1576 1009 flumen

182 1043 355 1089 Salsum
377 1043 605 1089 castellum
631 1045 880 1101 constituit3
904 1061 1046 1106 neque
1066 1061 1090 1089 a
1108 1045 1268 1089 nostris
1292 1045 1543 1107 prohibitus
1567 1063 1576 1089 z

180 1124 376 1186 falsaque
406 1124 480 1170 illa
507 1126 720 1188 opinione
747 1125 959 1188 gloriatus
989 1136 1079 1183 est,
1107 1126 1228 1187 quod
1256 1143 1394 1189 prope
1422 1128 1465 1171 in
1500 1144 1579 1171 no-

182 1208 283 1251 stris
307 1207 505 1268 partibus
526 1206 671 1251 locum
692 1208 915 1251 tenuisset.
936 1209 1047 1252 Item
1071 1208 1320 1268 insequenti
1341 1208 1412 1252 die
1428 1207 1580 1253 eadem

182 1287 504 1333 consuetudine
530 1288 635 1333 dum
663 1288 837 1351 longius
852 1290 1160 1351 prosequitur,
1183 1306 1272 1351 quo
1296 1289 1393 1335 loco
1414 1291 1581 1351 equites

182 1371 323 1414 nostri
348 1371 583 1414 stationem
608 1370 879 1427 habuerant,
906 1369 1077 1432 aliquot
1104 1381 1261 1416 turmae
1287 1389 1388 1417 cum
1412 1371 1499 1416 levi
1520 1388 1586 1416 ar-

183 1462 378 1505 matura,
414 1452 583 1513 impetu
623 1452 759 1509 facto,
796 1451 892 1497 loco
940 1463 1044 1498 sunt
1078 1453 1277 1516 dejectae,
1321 1464 1364 1498 et
1401 1463 1584 1516 propter

182 1534 450 1594 paucitatem
476 1543 730 1577 nostrorum
747 1535 971 1595 equitum,
987 1534 1114 1579 simul
1134 1553 1234 1580 eum
1257 1534 1338 1580 levi
1360 1545 1586 1580 armatura

183 1615 302 1658 inter
333 1624 497 1658 turmas
523 1614 881 1659 adversariorum
906 1618 1118 1678 protritae.
1145 1620 1242 1661 Hoc
1270 1619 1312 1661 in
1345 1627 1584 1679 conspectu

184 1705 478 1756 utrorumque
503 1705 749 1741 castrorum
774 1698 1012 1758 gerebatur
1033 1716 1042 1742 :
1069 1708 1112 1743 et
1137 1699 1304 1760 majore
1324 1699 1586 1760 Pompeiani

186 1775 464 1820 exsultabant
504 1775 665 1837 gloria,
710 1775 884 1839 longius
923 1779 1064 1840 quod,
1104 1781 1266 1824 nostris
1303 1779 1585 1833 cedentibus,

186 1858 394 1919 prosequi
418 1859 663 1919 coepissent.
689 1859 779 1917 Qui
803 1877 940 1920 quum
970 1859 1119 1922 aliquo
1149 1861 1248 1906 loco
1271 1879 1296 1906 a
1323 1862 1484 1906 nostris
1516 1878 1587 1905 re-

186 1940 301 2000 cepti
325 1949 495 1995 essent,
522 1948 568 1983 ut
593 1951 902 1998 consuessent,
939 1959 991 1986 ex
1029 1942 1159 1987 simili
1192 1944 1358 1988 virtute
1396 1941 1588 1988 clamore

186 2019 327 2076 facto,
354 2021 540 2065 aversati
566 2031 667 2065 sunt
689 2021 892 2083 proelium
918 2022 1073 2068 facere.

250 2103 349 2146 XV.
380 2104 489 2146 Fere
504 2102 622 2164 apud
641 2104 860 2148 exereitus
886 2105 977 2150 haec
999 2116 1064 2150 est
1082 2107 1298 2168 equestris
1322 2106 1466 2169 proelii
1489 2125 1589 2152 con-

187 2182 407 2228 suetudo:
436 2201 573 2244 quum
601 2201 734 2245 eques
771 2184 825 2230 ad
866 2185 1193 2245 dimicandum,
1230 2188 1412 2234 dimisso
1448 2205 1588 2250 equ0,

187 2281 289 2308 cum
305 2264 451 2326 pedite
466 2265 774 2327 congreditur,
791 2285 1069 2330 nequaquam
1084 2287 1164 2332 par
1178 2270 1380 2316 habetur.
1400 2270 1450 2315 Id
1468 2271 1587 2332 quod

188 2345 233 2388 in
265 2345 348 2390 hoc
372 2346 531 2391 accidit
560 2349 813 2394 certamine.
855 2351 1007 2408 Quum
1035 2351 1205 2413 pedites
1223 2388 1234 2409 ‚
1259 2370 1311 2398 ex
1340 2351 1426 2397 levi
1451 2369 1590 2396 arma-

188 2436 287 2471 tura
326 2426 453 2485 lecti,
479 2427 533 2473 ad
558 2447 753 2491 pugnam
771 2466 782 2484 ‚
808 2433 1034 2494 equitibus
1061 2435 1223 2479 nostris
1259 2451 1341 2479 nec
1365 2434 1589 2496 opinanti·

186 2508 295 2565 bus,
325 2509 545 2555 venissent
570 2545 581 2567 ,
609 2511 742 2573 idque
781 2514 825 2557 in
863 2514 1019 2575 proelio
1056 2515 1414 2560 animadversum
1453 2525 1587 2571 esset,

187 2589 438 2652 complures
467 2609 519 2637 ex
561 2595 684 2654 equis
718 2594 1057 2642 descenderunt.
1099 2600 1165 2642 Ita
1204 2599 1366 2660 exiguo
1390 2608 1588 2659 tempore

189 2687 325 2732 eques
353 2673 583 2734 pedestre,
612 2675 740 2737 pedes
779 2689 979 2738 equestre
1016 2679 1221 2742 proelium
1253 2680 1396 2725 faeere
1432 2681 1587 2742 coepit,
