1972 3356
527 226 592 261 DE
622 225 784 262 BELLO
816 227 1037 262 GALLICO
1069 227 1159 263 LIB.
1185 228 1228 262 V.
1503 227 1572 263 113

181 323 231 350 ac
263 324 430 352 summa
454 309 772 370 tranquillitate
800 320 1056 367 consecuta,
1081 309 1273 354 secunda
1299 310 1407 354 inita
1437 327 1574 370 quum

180 387 378 432 solvisset
401 388 571 450 vigilia,
592 391 733 450 prima
754 389 852 433 luce
873 399 1035 433 terram
1059 392 1230 451 attigit,
1251 407 1492 452 omnesque
1512 393 1578 434 in-

182 468 374 513 columes
395 485 526 513 naves
545 469 765 529 perduxit.

243 551 408 594 XXIV.
435 549 673 593 Subductis
702 549 907 604 navibus,
930 549 1203 610 consilioque
1231 551 1465 596 Gallorum
1499 555 1578 597 Sa-

181 630 442 673 marobrivae
472 638 669 689 peracto,
694 629 814 689 quod
842 647 893 673 eo
921 647 1037 673 anno
1062 630 1336 675 frumentum
1365 634 1409 675 in
1436 633 1580 677 Gallia

182 720 362 771 propter
384 711 602 753 siccitates
627 711 857 771 angustius
885 722 1169 771 provenerat,
1207 723 1385 756 coactus
1413 723 1477 756 cst
1504 712 1582 757 ali-

184 802 266 847 ter,
292 808 342 834 ac
370 791 672 852 superioribus
699 793 850 847 annis,
882 793 1125 835 exercitum
1153 794 1196 835 in
1231 793 1424 836 hibernis
1448 792 1583 837 collo-

181 889 300 929 care,
325 871 610 933 legionesque
635 862 853 932 in'plures
872 873 1071 916 civitates
1094 872 1360 917 distribuere
1387 891 1395 917 :
1421 891 1473 918 ex
1494 876 1596 935 quia

182 952 260 996 bus
290 969 423 996 unam
449 953 494 995 in
527 953 727 995 Morinos
755 952 1001 997 ducendam
1029 955 1078 997 C.
1104 954 1241 998 Fabio
1268 953 1414 1016 legato
1442 955 1584 1011 dedit3

181 1031 364 1077 alteram
385 1035 430 1076 in
450 1034 637 1078 Nervios
653 1035 710 1092 Q.
728 1034 952 1090 Ciceroni;
973 1037 1150 1079 tertiam
1166 1037 1212 1079 in
1235 1038 1396 1081 Essuos
1412 1040 1461 1082 L.
1480 1041 1587 1082 Ros-

183 1115 270 1169 cio3
298 1124 501 1174 quartam
528 1116 571 1158 in
594 1116 743 1158 Remis
768 1132 869 1159 cum
899 1118 947 1159 T.
973 1117 1171 1161 Labieno
1193 1118 1238 1161 in
1263 1118 1455 1162 confinio
1479 1121 1587 1163 Tre-

184 1198 379 1240 virorum
412 1196 607 1239 hiemare
640 1197 792 1256 jussit3
833 1207 920 1240 tres
957 1199 998 1240 in
1032 1197 1184 1260 Belgio
1220 1198 1455 1244 collocavit
1485 1200 1588 1243 :his

184 1280 244 1322 M.
278 1280 490 1322 Crassum
525 1287 815 1337 quaestorem,
850 1287 893 1321 et
932 1281 981 1321 L.
1013 1280 1267 1323 Munatium
1299 1279 1512 1324 Plancum
1546 1291 1588 1324 et

183 1361 232 1404 C.
262 1359 537 1402 Trebonium
571 1357 736 1419 legatos
766 1358 970 1419 praefecit.
1005 1362 1152 1403 Unam
1186 1359 1423 1421 legionem,
1455 1379 1588 1421 quam

182 1440 384 1501 proxime
421 1448 541 1482 trans
579 1438 748 1482 Padum
788 1439 1130 1500 conscripserat,
1167 1457 1218 1484 ex
1252 1441 1457 1485 cohortes
1488 1460 1513 1484 v
1546 1444 1589 1485 in

182 1521 432 1576 Eburones,
449 1536 642 1580 quorum
666 1536 767 1580 pars
786 1521 978 1563 maxima
996 1530 1060 1564 est
1083 1522 1198 1565 inter
1221 1523 1396 1566 Mosam
1413 1532 1455 1566 et
1473 1523 1590 1567 Rhe-

184 1618 310 1659 num,
352 1601 428 1662 qui
470 1601 549 1645 sub
585 1601 772 1662 imperio
810 1602 1081 1663 Ambiorigis
1109 1612 1151 1646 et
1187 1604 1402 1647 Cativolci
1439 1614 1589 1661 erant,

184 1684 316 1728 misit.
341 1682 422 1726 His
452 1680 667 1725 militibus
690 1683 745 1739 Q.
773 1682 997 1726 Titurium
1026 1684 1241 1727 Sabinum
1267 1695 1311 1728 et
1335 1687 1384 1729 L.
1411 1687 1590 1730 Aurun-

185 1763 377 1809 culeium
408 1766 612 1818 Cottam,
646 1762 833 1824 legatOS,
865 1780 1051 1824 praeesse
1080 1765 1224 1825 jussit.
1256 1765 1324 1810 Ad
1351 1766 1470 1811 hunc
1500 1785 1592 1811 mo-

185 1845 292 1889 dum
314 1845 561 1889 distributis
580 1843 830 1905 legionibus
844 1878 855 1900 ,
886 1843 1091 1888 facillime
1116 1846 1274 1907 inopiae
1293 1847 1592 1892 frumentaria?

191 1943 277 1970 sese
304 1925 471 1969 mederi
496 1941 622 1985 posse
646 1925 913 1968 existimavit
943 1943 952 1968 z
979 1935 1112 1986 atque
1138 1926 1297 1970 harum
1326 1938 1475 1973 tamen
1504 1947 1593 1973 oin-

187 2008 312 2050 nium
348 2005 574 2067 legionum
603 2005 789 2049 hiberna
817 2005 997 2066 (praeter
1029 2023 1142 2063 eam,
1182 2024 1315 2068 quam
1345 2011 1395 2052 L.
1433 2011 1594 2054 Roscio

188 2088 233 2131 in
263 2087 590 2148 pacatissimam
617 2096 660 2130 et
689 2086 1007 2147 quietissimam
1036 2097 1208 2148 partem
1239 2088 1487 2134 ducendam
1519 2091 1593 2135 de-

188 2168 352 2229 derat),
373 2166 568 2211 millibus
592 2185 803 2228 passuum
826 2178 1005 2211 centum
1024 2170 1382 2216 continebantur.
1406 2174 1504 2233 Ipse
1529 2174 1592 2216 in-

191 2259 330 2305 terea,
359 2248 507 2310 quoad
536 2247 730 2310 legiones
759 2247 997 2293 collocatas
1024 2251 1288 2311 munitaque
1310 2252 1495 2296 hiberna
1521 2271 1594 2297 co-

191 2330 440 2392 gnovisset,
462 2330 507 2372 in
532 2328 677 2374 Gallia
695 2331 860 2374 morari
887 2332 1132 2375 constituit.

255 2412 401 2455 XXV.
433 2412 541 2454 Erat
569 2412 613 2453 in
649 2411 920 2455 Carnutibus
949 2429 1123 2456 summo
1157 2411 1255 2456 loco
1284 2423 1412 2458 natus
1436 2417 1598 2477 Tasge-

191 2494 302 2549 tius,
333 2493 459 2552 cujus
484 2492 673 2552 majores
702 2493 747 2535 in
774 2509 851 2536 sua
875 2494 1052 2537 civitate
1080 2510 1268 2555 regnum
1298 2495 1598 2542 obtinuerant.

191 2573 307 2617 Huic
335 2574 502 2629 Caesar,
538 2589 619 2633 pro
647 2573 741 2633 ejus
771 2574 935 2618 virtute
965 2585 1097 2635 atque
1127 2575 1171 2617 in
1198 2591 1242 2618 se
1266 2575 1599 2634 benevolentia,

194 2654 312 2715 quod
338 2655 381 2698 in
406 2654 612 2698 omnibus
645 2653 770 2699 bellis
796 2654 1009 2716 singulari
1030 2657 1121 2716 ejus
1146 2673 1281 2717 opera
1306 2657 1447 2701 fuerat
1478 2675 1601 2715 usus,

1376 2724 1398 2758 8

394 2753 417 2779 ι.
