1972 3356
392 252 466 289 310
768 254 924 289 NOTAE
952 255 1007 289 IN
1037 255 1413 291 COMMENTARIA

443 331 510 367 Cui
540 343 682 379 magna
699 332 865 378 praemia
886 332 1093 380 Pompeius
1121 332 1255 369 tribuit.
1286 332 1497 368 Antiochus
1529 334 1629 369 enim
1664 334 1784 372 fuerat

388 393 473 428 huic
492 392 589 439 parti
616 393 752 441 Syriae,
772 406 853 441 quae
876 396 1092 442 Comagene
1116 395 1272 439 dicitur,
1295 407 1314 430 a
1338 395 1522 443 Pompeio
1543 397 1778 444 praepositus.

442 455 589 491 cmv.
609 454 649 491 C.
675 455 837 491 Cassius.
863 457 972 493 Unus
998 469 1129 492 eorum
1153 456 1218 506 qui
1246 457 1429 492 Caesarem
1454 466 1728 505 percusserunt.

439 517 526 552 CAP.
553 518 619 554 IX.
644 518 822 554 Discessu
848 519 1077 554 libat-narum
1105 532 1154 555 ex
1183 520 1344 566 Illyrico.
1369 519 1452 554 Hoc
1480 526 1609 568 caput,
1631 527 1669 556 ut
1692 529 1783 569 pote

387 579 491 615 nullo
516 579 633 616 modo
666 580 965 629 praecedentibus
995 587 1144 628 aptum,
1170 580 1218 615 ab
1243 580 1369 628 aliquo
1396 583 1481 618 loco
1509 581 1784 630 transpositum

386 640 497 677 fuisse
521 641 642 678 critici
666 642 921 690 conjecerunt.

439 704 524 741 Cn.
556 704 604 740 X.
630 705 988 741 Demonstravimus.
1009 707 1061 741 Ut
1088 706 1218 740 videre
1241 712 1296 741 est
1321 718 1340 740 e
1368 705 1433 740 lib.
1458 719 1494 750 1,
1523 718 1602 754 cap.
1634 707 1706 753 23,
1734 709 1781 752 34

386 772 422 801 et
449 765 510 802 38.

437 828 522 865 (ΠΛΡ.
542 830 624 866 XX.
644 831 690 866 Ut
715 829 850 866 Coesar
860 842 1037 878 proesens
1057 830 1306 866 constituerat.
1326 830 1480 878 Legitur
1503 830 1603 866 enim
1629 831 1781 879 hujusce

385 888 472 925 libri
500 903 579 940 cap.
610 904 625 927 1
658 906 666 926 :
696 891 941 935 «constituit,
969 898 1011 926 ut
1037 891 1171 927 arbitri
1196 892 1385 927 darentur.
1412 908 1424 923 κ

435 951 519 989 CAP.
540 955 672 990 XXII.
697 955 756 989 Eo
780 966 894 1002 quum
916 966 940 987 a
973 955 1019 999 Q.
1047 955 1183 989 Poedc'o
1202 961 1372 1002 proetore
1391 967 1473 989 cum
1499 955 1685 1003 legione...
1713 959 1776 991 la-

376 1016 470 1062 pide
494 1016 595 1051 ictus.
631 1017 758 1061 Quum
783 1015 986 1051 verisimile
1018 1028 1097 1050 non
1130 1014 1176 1050 sit
1202 1015 1387 1051 Milonem
1415 1028 1434 1050 a
1469 1023 1628 1063 praetore
1654 1017 1779 1065 lapide

385 1076 497 1112 ictum
523 1077 651 1124 fuisse,
680 1077 800 1113 critici
823 1077 1067 1124 conjecerunt
1085 1077 1158 1112 hoc
1177 1077 1262 1112 loco
1286 1077 1468 1112 nonnulla
1496 1077 1713 1114 desiderari.

435 1138 519 1174 CAP.
540 1140 720 1175 XXXIX.
750 1140 795 1175 Ut
818 1152 933 1187 supra
951 1139 1246 1174 demonstratum
1272 1146 1335 1173 est.
1352 1139 1496 1186 Nempe
1514 1138 1668 1187 hujusce
1690 1140 1779 1177 libri

383 1212 462 1247 cap.
491 1200 552 1244 315.

434 1263 519 1299 Cn.
541 1264 680 1300 XLIII.
711 1265 897 1300 Perducta
915 1264 1132 1299 municione.
1155 1265 1266 1308 Quae,
1293 1264 1404 1298 Juxta
1419 1263 1600 1311 Appiam,
1624 1264 1692 1300 lib.
1722 1277 1778 1309 11,

381 1325 509 1361 stadiis
535 1326 723 1370 ducentis,
756 1338 819 1362 seu
853 1327 980 1362 25000
1005 1338 1090 1374 pass
1117 1337 1211 1360 rom.
1239 1324 1338 1373 (huie
1362 1325 1478 1361 [leues
1492 1323 1668 1376 francz),
1687 1339 1777 1363 con-

380 1388 526 1425 stiterit.
536 1389 592 1426 Cf.
607 1389 718 1425 etiam
728 1417 738 1434 ‚
752 1389 799 1425 de
815 1389 875 1424 illa
891 1390 939 1425 ad
953 1389 1204 1439 Dyrrachium
1218 1387 1445 1433 munitione,
1459 1389 1602 1425 LucAN.
1615 1417 1624 1435 ,
1636 1403 1689 1435 vi,
1705 1389 1752 1426 38
1768 1404 1775 1425 ε

862 1542 1101 1550 .........
1120 1520 1303 1560 Magnoque
1320 1529 1441 1550 recessu

520 1574 694 1618 Amplexus
712 1574 806 1613 fines,
823 1575 935 1613 saltus,
957 1585 1186 1616 nemorosaque
1207 1580 1316 1616 tesqua
1328 1599 1336 1611 ‚

521 1634 558 1663 Et
573 1631 681 1669 silvas,
702 1637 851 1673 vastaque
871 1630 952 1662 feras
968 1630 1116 1672 indagine
1137 1630 1263 1661 clausit.

430 1752 514 1787 CAP.
553 1752 727 1787 XLVIII.
766 1752 878 1797 Quod
916 1753 1138 1797 appellatur
1166 1750 1298 1785 chara.
1333 1751 1398 1784 Vir
1440 1751 1484 1785 cl.
1527 1751 1658 1787 θανέει-
1697 1753 1775 1789 hoc

379 1813 531 1862 quidem
553 1812 689 1849 radicis
715 1824 832 1860 genus
861 1813 1039 1848 cramben
1071 1812 1273 1860 quamdam
1301 1811 1412 1847 fuisse
1438 1812 1654 1849 salvaticam
1682 1826 1774 1850 cen-

378 1883 451 1920 set,
470 1887 649 1923 suamque
672 1874 894 1922 opinionem
923 1888 942 1910 e
964 1875 1107 1919 Plinio,
1138 1874 1203 1909 lib.
1226 1887 1315 1918 mx,
1348 1886 1427 1921 cap.
1456 1878 1501 1917 (μ
1518 1902 1527 1918 ,
1550 1883 1776 1924 assumptam

379 1938 577 1981 inducens,
598 1938 635 1971 Il
659 1937 800 1980 existe,
830 1937 973 1985 inquit,
995 1936 1020 1971 ὰ
1046 1938 1151 1972 l'e'tat
1172 1948 1355 1984 mumge,
1378 1936 1476 1971 dans
1491 1943 1588 1971 toute
1608 1938 1646 1971 la
1672 1938 1776 1973 Hon-

375 2001 476 2048 grie,
503 2012 574 2035 une
594 2001 730 2048 plante
743 2000 791 2035 de
814 2002 851 2034 la
860 1998 1018 2045 famille
1040 2000 1107 2033 des
1132 1999 1277 2041 clzoux,
1299 1999 1389 2033 dont
1411 2000 1464 2033 les
1482 1999 1631 2034 racines
1643 2027 1655 2043 ‚
1686 2002 1770 2036 lon—

374 2075 466 2109 gues
496 2060 730 2110 quelquesoc's
761 2062 809 2097 cle
830 2069 960 2111 quatre
978 2063 1112 2109 piecls,
1143 2070 1180 2097 et
1201 2073 1348 2109 gmsses
1373 2072 1514 2095 comme
1539 2062 1573 2096 le
1597 2061 1708 2106 bras,
1735 2076 1774 2098 se

376 2132 555 2173 mangent
578 2124 688 2159 cuites
710 2124 806 2159 dans
827 2125 878 2159 du
897 2124 983 2167 laic,
1018 2132 1054 2159 et
1078 2132 1223 2160 servent
1246 2124 1441 2158 d’aliment
1464 2123 1563 2157 dans
1578 2125 1633 2159 les
1653 2132 1774 2172 temps

376 2187 424 2221 cle
447 2188 591 2222 disette.

439 2250 599 2285 Valerio.
627 2250 703 2294 Qui
733 2249 872 2284 fuerint
909 2249 1080 2284 Valerius
1119 2249 1185 2284 istc
1232 2248 1442 2294 militesque
1482 2247 1577 2293 ejus,
1614 2247 1771 2283 omnino

380 2312 555 2347 uescitur.

432 2376 516 2410 (ΣΑΡ.
539 2375 582 2410 L.
611 2376 718 2423 (Alio
742 2375 969 2410 excubarent
980 2372 1030 2424 )...
1058 2375 1143 2409 Haec
1172 2374 1308 2418 verba,
1329 2386 1410 2420 quae
1437 2373 1572 2409 absunt
1593 2385 1613 2407 a
1634 2371 1772 2407 veteri-

377 2438 446 2473 bus
474 2438 600 2482 MSS„
630 2449 676 2473 ex
709 2437 897 2474 editorum
925 2436 1078 2483 ingenio
1106 2436 1290 2471 oriuntur.
1325 2435 1500 2471 Ceterum
1529 2435 1613 2470 lnce
1637 2432 1772 2468 clarius

377 2506 431 2533 est
458 2499 619 2547 plurima
638 2500 710 2534 hoc
739 2500 776 2534 in
802 2500 887 2535 loco
913 2498 1142 2541 desiderari,
1162 2510 1297 2545 nempe
1317 2510 1392 2544 quo
1411 2498 1532 2534 Caesm·
1559 2495 1717 2537 abierit,
1735 2501 1772 2530 et

377 2559 523 2595 initium
539 2561 758 2608 irruptionis
773 2561 1089 2608 Pompeianorum
1102 2588 1110 2603 ‚
1126 2569 1164 2596 ut
1178 2567 1323 2595 constat
1338 2572 1384 2595 ex
1404 2559 1582 2607 Appiano
1593 2586 1603 2602 ‚
1621 2557 1744 2594 Dione
1761 2583 1771 2600 ,

378 2622 600 2667 Plutarcho,
626 2623 781 2671 aliisque
802 2622 1060 2671 scriptoribus.

430 2686 511 2719 CAP.
542 2686 616 2720 LV.
648 2686 695 2720 Ut
714 2686 1052 2720 demonstravimus.
1074 2684 1169 2718 Vide
1196 2696 1327 2731 supra,
1355 2695 1433 2729 cap.
1458 2682 1519 2722 34.
