1972 3356
536 223 602 257 DE
640 222 800 258 BELLO
828 222 1157 259 HISPANIENSI.
1461 224 1505 260 30
1518 239 1528 260 ι

215 310 307 351 XL.
360 305 594 351 Interfecto
632 307 714 350 Cn.
768 308 982 368 Pompeio
1010 307 1302 363 adolescente,
1344 310 1533 367 Didius,

150 405 277 448 quem
298 405 428 449 supra
453 387 868 441 demonstravimus,
896 386 968 431 illa
989 388 1168 432 affectus
1186 388 1357 446 laetitia,
1384 394 1533 452 proxi-

151 486 221 512 mo
243 486 286 512 se
314 469 477 529 recepit
505 466 706 521 castello,
735 467 1056 528 nonnullasque
1092 486 1223 513 naves
1255 471 1309 514 ad
1337 472 1533 517 reficien-

149 548 254 592 dum
297 549 518 593 subduxit.
552 549 775 603 Lusitani,
808 548 883 608 qui
926 563 978 591 ex
1012 565 1163 609 pugna
1201 550 1533 611 superfuerunt,

149 628 203 672 ad
224 630 396 691 signum
428 646 472 673 se
494 637 773 690 receperunt,
799 637 842 670 et
865 627 973 671 bene
1004 645 1164 689 magna
1197 646 1332 675 manu
1357 649 1535 695 compa—

149 721 271 765 rata,
296 711 350 755 ad
378 710 560 755 Didium
585 727 630 753 se
662 717 902 769 reportant.
929 709 1043 753 Huic
1078 712 1157 753 etsi
1184 727 1272 754 non
1297 712 1448 757 aberat
1474 714 1535 758 di-

150 790 327 852 ligentia
367 790 421 835 ad
457 806 588 834 naves
617 788 986 845 tuendaS,ta1nen
1022 806 1343 852 nonnunquam
1383 810 1435 837 ex
1465 811 1535 838 ca-

149 870 273 915 stello
298 880 478 932 propter
504 886 657 913 eorum
687 869 860 913 crebras
883 871 1160 915 excursiones
1186 870 1471 917 eliciebatur:
1494 885 1536 918 et

148 952 209 995 sic
242 968 380 1013 prope
407 949 675 1012 quotidianis
701 950 860 1012 pugnis
891 950 1067 995 insidias
1091 963 1286 1013 ponunt,
1315 964 1358 998 et
1382 955 1538 1016 tripar-

148 1032 228 1076 tito
252 1033 377 1093 signa
397 1031 679 1075 distribuunt.
708 1033 845 1075 Erant
874 1033 1036 1092 parati,
1066 1034 1142 1094 qui
1167 1050 1298 1078 naves
1328 1035 1535 1080 incende-

148 1122 266 1169 rent,
288 1113 561 1173 incensisque
583 1114 658 1174 qui
683 1112 927 1157 subsidium
954 1123 1215 1174 repeterent.
1236 1116 1272 1159 Ii
1298 1116 1358 1160 sic
1385 1117 1535 1178 dispo-

148 1195 386 1248 sitierant,
427 1202 475 1237 ut
514 1209 537 1236 a
571 1192 693 1237 nullo
738 1195 960 1255 conspecti
996 1196 1195 1239 omnium
1237 1196 1292 1240 ad
1341 1215 1535 1259 pugnam

148 1274 476 1318 contenderent.
499 1276 565 1319 Ita
587 1291 724 1335 quum
749 1291 799 1318 ex
824 1274 1000 1319 castello
1026 1276 1184 1320 Didius
1209 1276 1263 1320 ad
1289 1277 1536 1340 propellen-

147 1354 253 1399 dum
284 1357 565 1416 processisset
598 1372 696 1400 cum
724 1356 878 1417 copiis,
917 1357 1090 1418 signum
1125 1374 1149 1401 a
1173 1359 1398 1403 Lusitanis
1427 1359 1538 1404 tolli-

147 1443 239 1493 tur,
255 1453 386 1480 naves
401 1436 722 1493 incenduntur,
749 1436 967 1499 simulque
983 1439 1083 1499 ,qui
1109 1439 1149 1482 in
1178 1439 1356 1484 castello
1378 1440 1433 1484 ad
1458 1459 1537 1502 pu-

146 1534 276 1578 gnam
299 1527 628 1580 processerant,
650 1517 803 1562 eodem
829 1519 954 1580 signo
980 1518 1198 1581 fugientes
1221 1519 1412 1565 latrones
1432 1520 1536 1565 dum

145 1607 494 1659 persequuntur,
522 1615 544 1641 a
571 1609 695 1659 tergo
722 1598 888 1642 insidiae
923 1598 1115 1643 clamore
1149 1599 1321 1645 sublato
1348 1602 1537 1646 circum-

143 1680 338 1724 veniunt.
376 1678 534 1724 Didius
571 1696 731 1742 magna
769 1696 868 1724 cum
906 1680 1067 1724 virtute
1095 1698 1195 1724 cum
1235 1681 1537 1743 compluribus

145 1759 411 1804 interficitur
443 1777 452 1804 :
487 1759 688 1803 nonnulli
725 1776 774 1804 ea
804 1777 953 1821 pugna
983 1761 1186 1821 scaphas,
1223 1778 1318 1822 quae
1348 1762 1400 1805 ad
1434 1762 1536 1806 litus

144 1840 339 1897 fuerant,
377 1851 596 1902 occupant
629 1858 637 1884 :
677 1841 781 1885 item
822 1840 1069 1902 complures
1115 1841 1262 1886 nando
1298 1841 1353 1886 ad
1382 1860 1537 1897 naves,

144 1939 240 1983 quae
265 1924 308 1967 in
339 1922 429 1967 salo
457 1922 658 1978 fuerunt,
686 1938 729 1966 se
756 1923 975 1984 recipiunt
1001 1923 1202 1967 :ancoris
1227 1922 1435 1980 sublatis,
1463 1941 1537 1986 pe-

144 2002 268 2066 lagus
299 2005 428 2048 remis
455 2014 604 2065 petere
630 2013 871 2065 coeperunt.
905 2005 1015 2061 Quae
1043 2021 1108 2048 res
1132 2021 1285 2048 eorum
1314 2005 1413 2049 vitae
1437 2007 1539 2051 sub-

144 2084 256 2129 sidio
294 2085 388 2130 fuit.
431 2087 629 2129 Lusitani
667 2085 813 2147 praeda
859 2086 1105 2147 potiuntur.
1154 2087 1299 2131 Caesar
1338 2086 1538 2132 Gadibus

145 2182 298 2210 rursus
325 2166 378 2210 ad
400 2165 614 2228 Hispalim
642 2168 842 2211 recurrit.

208 2249 325 2292 XLI.
353 2248 511 2292 Fabius
532 2249 775 2301 Maximus,
791 2265 920 2310 quein
941 2250 1031 2310 ipse
1045 2248 1099 2293 ad
1121 2249 1339 2293 Mundam
1356 2249 1411 2293 ad
1431 2266 1540 2311 prae—

147 2328 308 2372 sidium
344 2329 694 2390 oppugnandum
727 2327 964 2390 reliquerat
993 2331 1199 2391 operibus
1223 2330 1431 2386 assiduis,
1463 2331 1540 2375 ho-

146 2420 319 2470 stesque
344 2411 511 2454 circum
537 2427 627 2454 sese
660 2409 905 2467 interclusi,
933 2411 1048 2455 inter
1078 2428 1123 2456 se
1143 2411 1400 2469 decernere,
1426 2411 1538 2456 facta

145 2490 259 2535 caede
284 2490 394 2533 bene
421 2507 605 2553 magna,
636 2492 912 2553 eruptionem
938 2492 1117 2536 faciunt.
1150 2493 1300 2537 Nostri
1330 2492 1383 2537 ad
1414 2493 1540 2554 oppi-

144 2571 250 2615 dum
280 2571 631 2632 recuperandum
664 2573 938 2617 occasionem
980 2591 1069 2618 non
1096 2574 1469 2635 praetermittunt,
1497 2583 1539 2617 et

146 2651 339 2713 reliquos
368 2654 489 2697 vivos
517 2653 698 2714 capiunt
713 2689 724 2711 ,
746 2670 828 2699 xlv
851 2653 1012 2713 millia,
1033 2672 1083 2700 ac
1107 2654 1264 2700 deinde
1287 2657 1535 2700 Ursaonem
