1972 3356
269 276 313 319 34
478 277 516 310 C.
549 276 675 311 JULII
705 276 921 311 CAESARIS
951 275 1439 311 COMMENTARIORUM

281 417 284 420 ψ
332 361 511 404 XLVII.
550 358 691 402 Biduo
725 368 825 419 post
861 359 1110 403 Ariovistus
1150 358 1205 402 ad
1237 361 1452 403 Caesarem
1491 358 1656 420 legatos

270 441 428 494 mittit,
456 437 566 483 velle
592 455 637 482 se
666 438 719 482 de
749 439 818 484 his
846 439 996 495 rebus,
1022 456 1119 500 quae
1147 440 1262 483 inter
1287 456 1360 483 eos
1391 440 1461 500 agi
1488 449 1659 499 coeptae,

269 537 411 582 neque
433 519 636 581 perfectae
655 529 816 577 essent,
835 536 963 581 agere
981 537 1083 564 cum
1107 537 1179 575 eo,
1206 520 1271 563 uti
1292 529 1365 563 aut
1389 520 1548 563 iterum
1572 518 1663 562 col-

270 602 419 662 loquio
436 601 551 645 diem
577 601 882 657 constitueret,
909 611 1007 658 aut,
1031 602 1065 645 si
1090 601 1133 644 id
1155 602 1300 644 minus
1324 599 1475 657 vellet,
1499 617 1550 644 ex
1575 601 1663 644 suis

270 683 424 745 legatis
444 681 636 743 aliquem
658 682 713 726 ad
737 699 782 726 se
804 683 1013 726 mitteret.
1038 680 1334 742 Colloquendi
1354 682 1513 726 Caesari
1534 697 1665 724 causa

270 765 361 809 visa
381 781 471 808 non
491 773 580 820 est,
599 773 641 807 et
665 780 716 807 eo
739 763 898 824 magis,
920 762 1039 822 quod
1065 761 1206 822 pridie
1226 762 1318 823 ejus
1341 761 1427 805 diei
1452 761 1664 805 Germani

270 845 449 890 retineri
470 861 559 888 nou
585 853 843 905 potuerant,
868 844 975 903 quin
1002 843 1047 885 in
1072 851 1246 886 nostros
1271 840 1357 885 tela
1382 842 1664 902 conjicerent.

270 928 487 987 Legatum
517 941 569 968 ex
600 925 688 968 suis
714 940 805 968 sese
828 940 990 985 magno
1015 939 1115 967 cum
1141 921 1340 983 periculo
1364 922 1419 966 ad
1445 939 1545 966 eum
1567 922 1670 965 mis-

271 1022 445 1061 surum,
461 1014 504 1049 et
517 1005 774 1049 hominibus
788 1003 890 1048 feris
906 1003 1186 1064 objecturum
1199 1037 1209 1057 ,
1231 1002 1521 1047 existimabat.
1539 1003 1671 1046 Com-

272 1086 577 1131 modissimum
599 1086 742 1129 visum
773 1094 857 1139 est,
889 1085 938 1128 C.
961 1083 1190 1127 Valerium
1214 1082 1473 1139 Procillum,
1505 1084 1554 1128 C.
1579 1083 1670 1125 Va-

273 1166 370 1211 lerii
387 1167 551 1212 Caburi
573 1165 737 1223 filium,
763 1182 935 1210 summa
955 1166 1118 1208 virtute
1139 1175 1182 1208 ct
1205 1164 1484 1208 humanitate
1508 1161 1672 1207 adoles-

275 1258 445 1293 centem
474 1248 617 1308 (eujus
640 1257 765 1308 pater
790 1263 815 1290 a
835 1247 883 1291 C.
904 1244 1084 1289 Valerio
1108 1244 1266 1289 Flacco
1287 1245 1463 1288 civitate
1483 1243 1672 1287 donatus

275 1328 412 1390 erat),
434 1338 476 1372 et
494 1337 679 1389 propter
699 1326 832 1371 fidem
846 1362 857 1383 ,
882 1336 923 1370 et
944 1335 1127 1387 propter
1151 1324 1310 1386 linguae
1328 1323 1514 1368 Gallicae
1536 1324 1674 1367 scien-

276 1411 402 1464 tiam,
427 1425 514 1469 qua
536 1407 676 1452 multa
696 1408 786 1468 jam
812 1406 1058 1450 Ariovistus
1086 1405 1329 1467 longinqua
1354 1404 1674 1449 consuetudine

277 1490 506 1544 utebatur,
533 1498 596 1543 et,
628 1487 745 1548 quod
777 1488 821 1530 in
846 1504 897 1530 eo
926 1486 1138 1547 peccandi
1168 1487 1404 1532 Germanis
1430 1502 1559 1530 causa
1585 1501 1674 1529 non

277 1581 411 1629 esset,
433 1570 488 1614 ad
507 1587 607 1614 eum
628 1570 828 1624 mittere,
849 1578 890 1613 et
909 1570 971 1613 M.
997 1569 1228 1625 Mettium,
1248 1569 1323 1629 qui
1346 1568 1536 1628 hospitio
1554 1568 1678 1612 Ario-

278 1653 380 1697 visti
398 1668 502 1696 usus
525 1661 631 1696 erat.
656 1651 736 1694 His
758 1650 1004 1707 mandavit,
1024 1660 1093 1707 ut,
1114 1667 1211 1711 quae
1227 1649 1390 1693 diceret
1407 1649 1676 1703 Ariovistus,

279 1742 617 1795 cognoscerent,
647 1741 689 1776 et
718 1731 775 1776 ad
799 1748 843 1776 se
866 1731 1094 1776 referrent.
1122 1733 1248 1790 Quos
1268 1747 1407 1792 quum
1427 1729 1545 1790 apud
1569 1745 1612 1772 se
1634 1729 1678 1771 in

280 1816 433 1860 castris
462 1815 709 1859 Ariovistus
744 1813 1066 1874 conspexisset,
1100 1813 1297 1856 exercitu
1330 1828 1408 1855 suo
1443 1818 1677 1871 praesente,

283 1894 578 1940 conclamavit
618 1912 626 1938 :
669 1915 689 1935 «
720 1893 846 1951 Quid
882 1893 937 1937 ad
985 1910 1028 1937 se
1072 1892 1300 1937 venirent?
1335 1908 1390 1935 an
1425 1888 1678 1951 speculandi

285 1975 447 2021 causa?
471 1996 490 2017 n
519 1979 744 2021 Conantes
780 1974 927 2019 dicere
956 1974 1208 2035 prohibuit,
1236 1983 1279 2016 et
1307 1973 1352 2015 in
1377 1982 1554 2015 catenas
1578 1987 1681 2014 con-

281 2058 401 2118 jecit.

349 2139 553 2182 XLVIII.
582 2136 749 2181 Eodem
774 2135 844 2179 die
865 2145 1006 2179 castra
1039 2135 1280 2196 promovit,
1301 2144 1343 2177 et
1369 2132 1564 2176 millibus
1587 2149 1683 2194 pas-

286 2235 414 2262 suum
437 2233 484 2262 vl
512 2234 536 2261 a
558 2217 740 2262 Caesaris
767 2216 920 2260 castris
945 2216 1024 2259 sub
1052 2225 1202 2259 monte
1228 2215 1438 2260 consedit.
1465 2215 1683 2260 Postridie

287 2299 380 2359 ejus
400 2297 487 2342 diei
508 2307 665 2358 praeter
690 2306 831 2341 castra
854 2297 1037 2340 Caesaris
1061 2313 1159 2340 suas
1184 2297 1333 2357 copias
1353 2295 1618 2352 transduxit,
1641 2307 1682 2340 et

297 2377 483 2423 millibus
501 2395 710 2439 passuum
728 2377 902 2421 duobus
922 2375 1038 2420 ultra
1058 2394 1158 2421 eum
1180 2386 1320 2420 castra
1341 2377 1465 2432 fecit,
1479 2393 1530 2420 eo
1544 2378 1682 2420 consi-

290 2459 370 2515 lio,
390 2461 455 2504 uti
471 2460 696 2504 frumento
712 2468 1050 2519 commeatuque
1062 2493 1073 2513 ,
1090 2459 1230 2518 quiex
1250 2458 1460 2518 Sequanis
1477 2465 1517 2499 et
1533 2455 1683 2499 AEduis

291 2550 648 2602 supportaretur,
679 2543 895 2586 Caesarem
932 2538 1261 2583 intercluderet.
1299 2541 1362 2582 Ex
1396 2552 1448 2579 eo
1488 2535 1558 2579 die
1596 2536 1688 2580 dies

293 2620 525 2664 continuos
563 2622 759 2681 quinque
795 2623 940 2665 Caesar
969 2636 1050 2681 pro
1087 2621 1239 2663 castris
1273 2635 1369 2662 suas
1403 2617 1553 2680 copias
1590 2635 1688 2680 pro-

294 2700 438 2756 duxit,
461 2711 503 2744 et
528 2702 666 2744 aciem
691 2703 953 2745 instructam
980 2700 1154 2755 habuit,
1186 2710 1255 2756 ut,
1278 2701 1311 2743 si
1338 2699 1467 2745 vellet
1492 2701 1684 2746 Ariovis-
