1972 3356
531 202 598 237 DE
629 200 790 236 BELLO
822 199 1210 235 ALEXANDRINO.
1491 198 1561 246 169

177 287 471 333 confecerunt.
495 285 564 331 Ad
584 284 661 330 has
684 285 876 328 minores
895 291 1153 343 apertasque
1174 279 1421 343 complures
1443 280 1562 342 adje-

178 379 350 425 cerunt,
379 377 423 413 et
449 368 494 411 in
521 376 653 429 portu
698 363 930 427 periclitati
974 363 1181 424 remigio,
1227 361 1332 423 quid
1378 378 1562 424 quaeque

175 466 326 494 earum
351 448 521 494 efficere
548 456 716 508 posset,
746 445 927 489 idoneos
952 441 1111 487 milites
1138 443 1468 503 imposuerunt,
1496 459 1562 487 se-

177 548 262 592 que
291 530 345 575 ad
370 527 696 590 confligendum
722 525 926 571 omnibus
952 524 1084 568 rebus
1111 535 1388 584 paraverunt.
1417 526 1563 569 Caesar

176 611 354 656 rhodias
380 626 509 655 naves
539 625 584 653 lx
609 606 797 651 habebat
821 603 945 665 (nam
961 640 972 659 ,
998 621 1026 647 x
1051 604 1214 659 missis,
1246 620 1332 647 una
1362 605 1405 648 in
1432 621 1562 650 cursu

175 691 302 736 litore
341 690 528 752 aegyptio
562 684 825 746 defecerat),
863 684 1059 746 ponticas
1092 699 1207 740 v111,
1242 681 1376 744 lycias
1414 700 1467 741 v,
1509 702 1562 729 ex

175 773 276 818 Asia
294 788 372 816 ΧΠ.
389 772 452 815 Ex
472 770 539 814 his
556 768 894 830 quinqueremes
912 781 939 808 v
958 773 1102 821 erant,
1120 774 1161 808 et
1181 763 1481 825 quadriremes
1500 782 1530 809 x
1551 782 1561 809 ε

174 851 351 913 reliquae
375 850 487 895 infra
511 850 625 893 hanc
651 846 1019 909 magnitudinem,
1044 854 1086 889 et
1125 843 1344 906 pleraeque
1386 855 1559 906 apertae.

173 935 336 978 Tamen
355 932 516 975 virtute
533 929 720 975 militum
744 927 936 973 confisus
950 963 961 983 ,
976 927 1162 989 cognitis
1180 926 1372 971 hostium
1396 928 1534 989 copiis
1550 961 1562 984 ,

172 1030 217 1058 se
240 1013 294 1057 ad
323 1010 619 1057 dimicandum
645 1010 838 1073 parabat.

236 1096 358 1140 XIV.
392 1096 633 1154 Postquam
659 1107 710 1137 eo
739 1100 918 1135 ventum
945 1099 1027 1146 est,
1065 1099 1116 1134 ut
1152 1090 1234 1134 sibi
1269 1099 1453 1151 uterque
1489 1107 1562 1135 eo-

172 1193 271 1221 rum
292 1175 551 1231 confideret,
574 1175 719 1219 Caesar
737 1173 913 1217 Pharon
940 1170 1076 1215 classe
1098 1171 1445 1216 circumvehitur
1459 1205 1470 1227 ,
1492 1170 1563 1215 ad-

171 1273 403 1320 versasque
434 1273 565 1301 naves
605 1255 806 1299 hostibus
844 1253 1104 1308 constituit3
1145 1253 1189 1296 in
1230 1252 1386 1297 dextro
1422 1269 1561 1297 cornu

171 1338 348 1383 rhodias
386 1336 597 1393 collocat,
640 1337 684 1379 in
721 1336 896 1379 sinistro
938 1334 1152 1394 ponticas.
1190 1335 1311 1377 Inter
1351 1333 1430 1377 has
1466 1350 1562 1394 spa-

171 1420 282 1463 tium
305 1435 364 1464 cn
388 1435 593 1480 passuum
616 1416 845 1477 relinquit,
869 1415 986 1476 quod
1011 1416 1114 1459 satis
1140 1431 1232 1458 esse
1256 1414 1311 1458 ad
1336 1412 1559 1475 explican-

170 1499 246 1544 das
271 1516 406 1544 naves
431 1498 675 1543 videbatur.
712 1499 816 1542 Post
841 1496 960 1540 hunc
985 1495 1186 1540 ordinem
1211 1494 1402 1556 reliquas
1429 1512 1561 1539 naves

170 1580 364 1625 subsidio
389 1580 612 1624 distribuit
640 1596 648 1622 :
676 1595 773 1639 quae
799 1593 1020 1638 quamque
1064 1593 1215 1621 earum
1251 1585 1479 1637 sequatur,
1518 1586 1562 1620 et

169 1663 238 1706 cui
265 1661 516 1717 subveniat,
544 1659 771 1705 constituit
800 1669 933 1720 atque
958 1658 1157 1720 imperat.
1178 1658 1282 1702 Non
1311 1657 1563 1702 dubitanter

169 1741 457 1787 Alexandrini
498 1740 678 1785 classem
721 1738 971 1802 producunt
1015 1748 1145 1799 atque
1192 1738 1418 1782 instruunt
1458 1755 1467 1782 :
1518 1739 1561 1782 in

169 1823 313 1867 fronte
343 1821 560 1866 collocant
593 1837 717 1876 xx113
753 1817 941 1880 reliquas
973 1818 1254 1862 subsidiarias
1289 1819 1332 1861 in
1369 1817 1561 1862 secundo

170 1903 324 1948 ordine
359 1903 647 1947 constituunt.
673 1902 889 1962 Magnum
914 1909 1126 1961 praeterea
1152 1915 1384 1943 numerum
1423 1899 1563 1942 mino-

169 2001 268 2028 rum
293 1983 567 2045 navigiorum
593 1991 637 2026 et
661 1981 923 2043 scapharum
946 1979 1199 2041 producunt
1222 1996 1323 2024 cum
1349 1978 1562 2024 malleolis

170 2064 452 2127 ignibusque,
472 2063 507 2107 si
525 2061 631 2123 quid
648 2063 739 2123 ipsa
757 2060 1015 2117 multitudo,
1031 2071 1073 2105 et
1091 2059 1273 2116 clamor,
1298 2071 1340 2104 et
1359 2059 1560 2116 flamma,

171 2145 331 2190 nostris
359 2144 537 2189 terroris
560 2142 717 2188 afferre
744 2152 934 2204 possent.
965 2144 1104 2186 Erant
1130 2142 1244 2185 inter
1270 2140 1379 2185 duas
1407 2139 1561 2185 classes

171 2225 283 2271 vada
306 2225 490 2270 transitu
516 2235 723 2287 angusto,
747 2241 843 2285 quae
866 2224 1088 2286 pertinent
1113 2222 1168 2268 ad
1196 2224 1418 2285 regionem
1443 2223 1562 2268 Afri-

171 2324 229 2351 cae
258 2306 348 2370 (sic
374 2307 492 2351 enim
519 2305 781 2368 praedicant,
811 2315 981 2367 partem
1007 2321 1100 2350 esse
1128 2303 1402 2350 Alexandriae
1431 2303 1561 2349 dimi-

173 2388 289 2432 diam
314 2387 525 2450 Africae)‚
551 2388 742 2448 satisque
768 2386 843 2432 diu
870 2388 984 2432 inter
1008 2388 1124 2449 ipsos
1150 2396 1213 2431 est
1239 2395 1561 2448 exspectatum,

172 2469 225 2514 ab
245 2469 353 2514 utris
375 2468 627 2513 transeundi
646 2468 769 2513 fieret
784 2469 957 2513 initium
973 2486 983 2525 3
1000 2478 1234 2530 propterea
1249 2466 1388 2529 quod,
1410 2468 1470 2511 eis
1485 2469 1560 2528 qui

173 2551 432 2607 intrassent,
461 2560 502 2595 et
526 2549 580 2594 ad
604 2549 905 2610 explicandam
930 2549 1133 2606 classem,
1161 2560 1203 2594 et
1224 2548 1280 2593 ad
1307 2557 1530 2609 receptum
1548 2583 1558 2603 ‚

176 2632 210 2675 si
236 2631 387 2676 durior
416 2630 640 2677 accidisset
668 2649 818 2689 casus,
840 2631 1136 2693 impeditiores
1160 2629 1252 2675 fore
1281 2628 1556 2674 videbantur.
