1972 3356
665 212 732 247 DE
762 211 926 246 BELLO
955 207 1227 245 AFRICANO.
1571 202 1644 238 315

330 346 395 390 IN
424 346 871 391 COMMENTARIA
904 344 985 387 DE
1008 342 1203 386 BELLO
1233 339 1560 384 AFRICANO.

299 466 407 501 Idem
433 465 480 501 de
511 465 586 500 hoc
609 464 710 499 libro
730 462 895 506 dicatur,
919 474 962 497 ac
989 461 1037 496 de
1054 459 1302 508 praecedenti,
1333 459 1520 507 siquidem
1548 457 1648 506 apud

245 530 398 564 Sueton.
430 527 549 572 (Coes.
566 554 577 570 ,
604 524 675 575 56)
706 525 868 572 legimus
904 537 911 558 :
940 524 1066 558 «Nam
1094 521 1370 566 Alexandrini,
1397 521 1591 568 Africique
1617 526 1652 554 et

247 590 509 639 Hispaniensis
535 587 664 638 [belli]
700 588 866 623 incertus
899 592 1031 621 auctor
1056 592 1128 628 est3
1154 584 1219 619 alii
1249 584 1350 620 enim
1384 583 1552 631 Oppium
1581 595 1654 630 pu-

248 660 350 698 tant,
376 653 440 688 alii
469 651 652 696 Hirtium,
678 650 742 698 qui
769 650 882 685 etiam
908 646 1046 684 Gallici
1071 646 1164 682 belli
1198 645 1446 682 novissimum
1475 645 1654 694 imperfe·-

247 723 426 764 ctumque
459 715 601 750 librum
620 711 900 761 suppleverit.»
926 710 1022 745 Huic
1050 717 1175 745 autem
1202 709 1303 744 libro
1333 708 1656 756 Oudendorpius,

248 791 395 814 morem
423 784 644 814 consuetum
675 782 839 820 secutus,
863 773 978 809 Hirtii
1004 785 1147 809 nomen
1172 771 1422 820 praescripsit3
1454 778 1657 819 censetque

247 840 506 878 Guischardus
530 840 606 875 hoc
631 839 750 874 Hirtii
767 850 862 885 opus
888 850 908 873 a
927 838 1028 873 Julio
1057 837 1165 872 Celso
1188 835 1415 882 suppletum.

301 904 386 939 Cn.
415 904 444 937 Ι.
466 904 514 937 A.
539 902 576 937 d.
598 915 668 937 x1v
691 903 764 938 cal.
784 901 871 947 jan.
895 902 1010 936 Anno
1040 900 1084 935 U.
1106 900 1144 936 C.
1177 910 1264 944 707.

300 966 485 1013 Legiones
510 965 626 1013 regiae
654 978 705 999 ιν.
736 964 873 1000 Jubam
895 963 1082 1011 intellige,
1109 961 1296 997 Numidiae
1318 972 1456 1008 regem.

302 1030 386 1064 CAP.
414 1028 478 1062 VI.
508 1028 574 1063 Ad
591 1027 818 1075 stipendium
840 1026 1117 1075 accipiendum.
1140 1023 1303 1072 Regium
1331 1022 1432 1059 enim
1453 1022 1658 1072 equitatum

247 1090 377 1139 Scipio
401 1103 446 1126 ex
467 1090 665 1138 provincia
696 1089 822 1125 Africa
844 1089 989 1134 alebat,
1015 1096 1055 1124 ut
1075 1088 1205 1124 videre
1225 1094 1280 1123 est
1300 1100 1320 1122 e
1342 1099 1421 1135 cap.
1451 1087 1483 1122 8.

303 1155 388 1189 Cap,
420 1154 525 1189 VIII.
575 1153 614 1189 C.
639 1153 861 1188 Sallustium
894 1152 1081 1200 Crispum.
1116 1151 1195 1196 Qui
1231 1149 1492 1185 catilinarium
1523 1151 1661 1198 Jugur-

249 1216 474 1264 thinumque
495 1216 638 1251 bellum
660 1215 856 1263 expressit.

303 1279 388 1315 cip.
417 1278 506 1314 XII.
540 1279 626 1313 Hac
648 1290 687 1313 re
711 1278 872 1327 cognita.
894 1277 953 1312 De
980 1275 1089 1324 hujus
1116 1288 1252 1324 pugnae
1274 1275 1493 1311 narratione
1516 1274 1570 1311 sic
1592 1275 1662 1310 ha-

250 1342 314 1377 bet
345 1340 602 1377 Guischardus
625 1339 766 1391 (Me'm.
793 1341 924 1384 milit„
951 1347 976 1375 t.
997 1353 1051 1384 11,
1075 1352 1110 1388 p.
1146 1338 1239 1388 196)
1267 1352 1274 1374 ε
1311 1340 1409 1374 Tout
1433 1340 1468 1374 le
1480 1339 1571 1374 re'cit
1593 1351 1663 1386 que

249 1403 324 1443 fait
347 1405 489 1439 Hirtius
513 1405 562 1439 de
586 1412 680 1440 cette
707 1405 832 1439 action
865 1412 922 1439 est
953 1402 1224 1439 extre‘mement
1250 1402 1488 1446 embrouille',
1517 1410 1554 1438 et
1586 1403 1663 1437 l'on

252 1479 298 1501 ne
315 1475 412 1515 peut
437 1468 472 1502 le
491 1468 740 1515 comprendre
753 1465 932 1515 qu’apre's
956 1478 1028 1501 une
1053 1467 1191 1515 longue
1210 1467 1449 1501 meditation.

307 1530 392 1565 Cu.
427 1530 550 1566 XVII.
580 1532 626 1565 In
653 1531 929 1579 longitudinem
958 1543 1075 1579 quam
1106 1530 1322 1564 maximam
1344 1529 1501 1578 porrigi.
1529 1528 1587 1573 Si,
1610 1528 1664 1563 rei

250 1592 422 1629 militaris
457 1605 590 1640 parum
627 1593 794 1641 peritus,
837 1593 906 1628 ista
939 1606 1018 1628 non
1052 1592 1252 1640 intelligis,
1288 1592 1333 1628 cf.
1376 1593 1664 1628 Gmscnnmun

250 1654 385 1691 (Μόνη.
412 1655 542 1698 milit„
565 1662 655 1690 tom.
683 1669 739 1700 ιι,
759 1668 793 1703 p.
821 1653 1040 1705 279-288),
1065 1655 1265 1703 virumque
1291 1654 1540 1690 clarissimum
1559 1655 1665 1689 Tun-

248 1730 315 1754 ΡιΝ
345 1730 395 1753 DE
423 1720 552 1754 cnissr,
574 1718 687 1767 (tom.
712 1731 787 1763 111,
806 1731 841 1766 p.
876 1718 983 1766 389).

306 1782 390 1817 Cn.
417 1781 523 1817 XIX.
556 1780 726 1816 Curionis
739 1782 927 1828 exemplo.
948 1781 1007 1815 De
1023 1793 1121 1827 quo,
1136 1781 1233 1815 Bell.
1261 1780 1358 1823 Ciu,
1375 1780 1442 1815 lib.
1470 1793 1503 1815 ιι
1518 1807 1528 1824 ,
1554 1792 1585 1814 c.
1603 1784 1664 1822 40.

306 1844 492 1892 Legiones
518 1850 722 1879 veteranas
743 1843 955 1878 dissentire.
978 1842 1090 1890 Cujus
1112 1842 1266 1890 quidem
1296 1842 1495 1878 seditionis
1519 1855 1667 1878 causam

253 1918 299 1941 ex
328 1905 513 1954 Appian.‚
540 1905 605 1941 lib.
634 1919 686 1950 n,
714 1918 795 1954 cap.
826 1917 897 1953 92,
923 1912 1063 1953 repete.

307 1969 373 2004 Ex
392 1968 550 2004 hibridis
571 1969 767 2004 libertinis.
784 1970 840 2004 Eo
856 1969 1013 2004 nomine
1036 1969 1281 2014 dicebantur,
1301 1981 1346 2004 ex
1362 1975 1469 2016 patre
1483 1982 1645 2006 romano
1658 1998 1668 2012 ,

257 2038 376 2067 matre
403 2039 528 2068 autem
554 2032 776 2081 peregrina,
797 2032 884 2067 nati.
904 2032 1057 2068 Rectius
1076 2032 1175 2068 forte
1201 2032 1447 2068 scribendum
1473 2040 1570 2070 esset
1590 2034 1666 2082 hy-

255 2095 394 2139 bridis,
421 2102 460 2131 ut
482 2095 584 2144 apud
605 2097 760 2132 Sueton.
777 2123 786 2141 ,
804 2098 984 2145 August„
1007 2108 1086 2144 cap.
1110 2109 1165 2145 ¹9·
1192 2097 1277 2132 Hoc
1291 2103 1416 2132 autem
1430 2097 1549 2133 modo
1572 2100 1666 2134 scri—

257 2166 320 2207 pta
337 2186 346 2197 .
376 2171 453 2195 vox
479 2172 521 2195 ea
549 2158 700 2195 ducitur
731 2171 751 2195 a
780 2171 904 2206 graeco
931 2163 1036 2212 ῡὲρις,
1062 2159 1219 2207 injuria;
1244 2160 1348 2208 quod
1376 2160 1554 2208 quidem,
1581 2161 1668 2197 loco

258 2229 412 2266 nostro,
436 2222 751 2258 contumeliosam
771 2235 968 2258 servorum
990 2222 1179 2271 originem
1198 2230 1318 2259 sonat.
1347 2223 1556 2259 Dicebatur
1569 2224 1670 2272 apud

258 2287 409 2321 Graecos
439 2289 542 2337 ὺὲρὶς,
561 2311 575 2316 -
596 2288 680 2333 ίδος,
708 2293 740 2331 ὁ,
759 2294 795 2331 ἡ,
817 2286 957 2322 animal
985 2286 1255 2335 quodcumque
1287 2285 1400 2321 variis
1430 2299 1450 2322 e
1472 2287 1670 2334 speciebus

262 2355 516 2397 procreatum;
551 2349 707 2397 gallice,
737 2350 856 2385 me'tis.
884 2351 1026 2395 Porro,
1049 2349 1079 2386 si
1108 2357 1144 2389 τὸ
1166 2350 1390 2386 Latinorum
1419 2349 1581 2397 hybrida
1602 2363 1671 2399 per

259 2424 286 2466 y
305 2410 504 2457 scribitur,
528 2412 576 2448 ab
606 2412 676 2448 hac
703 2411 851 2461 origine
873 2411 959 2448 duci
986 2419 1120 2461 potest.
1153 2413 1220 2449 Sin
1244 2419 1370 2448 autem
1395 2411 1545 2447 hibn'da
1573 2411 1669 2448 scri-

262 2475 348 2517 bas,
391 2488 507 2523 quum
546 2488 624 2510 non
655 2476 779 2511 solum
819 2476 995 2512 animalia
1024 2476 1217 2512 variorum
1255 2487 1435 2524 generum
1459 2473 1647 2524 'significet
1662 2504 1671 2518 ‚

263 2537 327 2573 sed
354 2545 389 2572 et
412 2550 594 2585 personas
616 2537 775 2574 diversis
796 2545 898 2575 ortas
918 2552 938 2575 e
958 2539 1200 2584 nationibus,
1220 2551 1353 2575 vocem
1372 2539 1471 2575 hanc
1485 2539 1534 2574 ab
1547 2539 1672 2575 Hebro

262 2612 371 2636 amne
399 2608 470 2636 eta
496 2608 627 2636 monte
655 2602 750 2645 Ida,
780 2614 941 2650 quorum
968 2615 1064 2638 unus
1088 2603 1126 2638 in
1153 2603 1335 2648 Thracia,
1362 2603 1458 2639 alter
1483 2602 1521 2638 in
1550 2602 1670 2639 insula

263 2662 373 2698 Creta
395 2662 462 2709 sit,
486 2663 686 2700 efformare
700 2663 857 2700 forsitan
878 2665 1019 2701 licebit.
1041 2666 1130 2701 Vox
1151 2665 1252 2702 enini
1268 2666 1480 2714 appellatur
1500 2665 1671 2711 bibrata,
