1972 3356
317 244 366 291 96
530 246 568 280 C.
594 245 723 279 JULII
753 244 969 279 CAESARIS
998 244 1476 281 COMMENTARIORUM

320 329 552 386 liberisque
578 327 782 370 omnibus
810 326 866 370 ad
898 327 1142 388 impuberes
1173 326 1436 389 supplicium
1466 328 1620 385 sumit,
1648 337 1691 371 et

317 406 371 450 ad
396 422 530 449 unum
559 406 776 451 interficit.
800 408 868 451 Ita
889 407 1046 469 exiguo
1075 418 1293 469 tempore,
1315 423 1563 469 magnoque
1587 424 1688 452 casu

317 485 449 529 totius
473 487 688 531 exercitus
709 488 825 531 salus
855 488 1062 532 constitit.

379 567 476 610 XV.
509 565 710 625 Bibulus,
740 577 788 611 ut
817 583 951 629 supra
977 566 1324 613 demonstratum
1354 577 1438 625 est,
1469 577 1563 612 erat
1589 584 1689 612 cum

314 644 450 691 classe
474 646 530 691 ad
551 648 733 692 Oricum
759 665 768 692 :
796 658 839 693 et
863 649 989 693 sicuti
1021 649 1129 693 mari
1160 649 1444 711 portibusque
1474 650 1688 693 Caesareni

315 725 600 788 prohibebat,
627 730 687 773 ita
711 730 801 791 ipse
823 731 941 774 omni
973 740 1087 774 terra
1112 747 1262 775 earum
1287 731 1514 792 regionum
1542 729 1691 790 prohi-

314 807 499 852 bebatur
527 825 536 852 :
565 809 777 869 praesidiis
801 811 918 854 enim
944 808 1190 872 dispositis,
1219 811 1367 854 omnia
1390 809 1518 854 litora
1543 826 1567 853 a
1595 810 1687 854 Cae-

314 904 409 932 sare
439 889 713 944 tenebantur,
744 907 884 951 neque
915 889 1112 953 lignandi
1143 901 1273 951 atque
1307 890 1521 952 aquandi,
1547 905 1689 950 neque

314 985 444 1013 naves
476 968 530 1013 ad
565 979 727 1014 terram
758 969 970 1032 religandi
1002 980 1193 1033 potestas
1222 970 1364 1015 fiebat.
1402 973 1509 1016 Erat
1543 986 1608 1014 res
1643 970 1687 1013 in

314 1065 470 1110 magna
488 1049 769 1107 difficultate,
796 1052 1064 1112 summisque
1089 1052 1300 1112 angustiis
1326 1067 1473 1096 rerum
1500 1066 1690 1096 necessa-

313 1129 477 1173 riarum
515 1130 849 1190 premebantur,
883 1130 992 1175 adeo
1023 1140 1071 1174 ut
1109 1140 1392 1192 cogerentur,
1424 1132 1551 1175 sicuti
1587 1130 1688 1175 reli-

312 1225 448 1269 quum
472 1219 764 1254 commeatum
781 1245 792 1265 ,
818 1212 877 1255 ita
903 1209 1020 1272 ligna
1050 1220 1182 1271 atque
1208 1227 1366 1271 aquam
1395 1212 1586 1272 Corcyra
1614 1227 1689 1254 na—

312 1289 438 1334 vibus
472 1291 683 1335 onerariis
717 1301 978 1353 supportare
1008 1309 1016 1336 :
1044 1301 1175 1353 atque
1211 1308 1301 1336 uno
1333 1291 1465 1336 etiam
1493 1301 1690 1353 tempore

311 1369 490 1429 accidit,
513 1381 585 1427 ut,
603 1370 921 1416 difficilioribus
943 1373 1009 1416 usi
1032 1372 1382 1434 tempestatibus,
1406 1388 1456 1416 ex
1481 1370 1688 1434 pellibus,

310 1451 469 1511 quibus
506 1462 632 1496 eraut
661 1462 782 1497 tectae
818 1470 974 1510 naves,
1007 1463 1275 1497 nocturnum
1310 1454 1508 1515 excipere
1544 1469 1688 1497 rorem

310 1541 571 1593 cogerentur
604 1549 613 1576 :
650 1549 757 1593 quas
796 1542 938 1578 tamen
979 1532 1258 1577 difficultates
1301 1534 1515 1594 patienter
1556 1543 1688 1594 atque

310 1627 433 1672 aequo
457 1613 604 1657 animo
631 1611 849 1670 ferebant,
877 1629 1017 1674 neque
1046 1614 1126 1657 sibi
1154 1613 1360 1658 nudanda
1387 1612 1516 1658 litora
1545 1624 1589 1658 et
1616 1630 1685 1658 re-

310 1691 570 1752 linquendos
608 1703 762 1754 portus
799 1694 1123 1739 existimabant.
1160 1694 1244 1739 Sed
1277 1711 1413 1755 quum
1455 1704 1597 1739 essent
1641 1695 1685 1738 in

308 1773 467 1832 quibus
501 1772 794 1817 demonstravi
833 1774 1072 1834 angustiis,
1105 1791 1156 1818 ac
1187 1790 1231 1818 se
1261 1774 1372 1819 Libo
1397 1791 1497 1819 cum
1527 1773 1685 1818 Bibulo

308 1853 622 1913 conjunxisset,
647 1851 891 1913 loquuntur
909 1852 1038 1898 ambo
1061 1870 1112 1897 ex
1138 1853 1321 1898 navibus
1340 1870 1439 1898 cuin
1460 1856 1523 1898 M.
1548 1853 1685 1899 Acilio

308 1941 351 1976 et
385 1933 526 1977 Statio
562 1935 743 1989 Murco,
772 1932 944 1995 legatis,
975 1950 1162 1994 quorum
1198 1933 1307 1978 alter
1337 1932 1488 1995 oppidi
1523 1935 1687 1989 muris,

307 2011 416 2057 alter
444 2013 656 2075 praesidiis
681 2014 956 2058 terrestribus
980 2023 1182 2075 praeerat,
1207 2013 1317 2059 velle
1340 2031 1384 2059 se
1412 2014 1465 2058 de
1488 2015 1686 2058 maximis

306 2093 435 2137 rebus
455 2110 556 2138 cum
581 2095 750 2139 Caesare
775 2093 917 2155 loqui,
942 2096 976 2138 si
1000 2094 1081 2138 sibi
1105 2095 1196 2155 ejus
1217 2093 1400 2140 facultas
1423 2094 1563 2139 detur.
1588 2097 1686 2138 Huc

307 2172 475 2217 addunt
494 2190 635 2235 pauca
657 2175 717 2218 rei
736 2173 1047 2219 confirmandae
1060 2190 1191 2219 causa
1205 2209 1216 2231 ,
1238 2183 1286 2219 ut
1300 2173 1354 2218 de
1367 2175 1685 2236 compositione

306 2255 446 2299 acturi
473 2253 741 2299 viderentur.
775 2255 957 2299 Interim
988 2254 1239 2316 postulant,
1271 2265 1320 2300 ut
1354 2256 1441 2299 sint
1474 2253 1683 2310 induciae,

306 2344 436 2395 atque
456 2335 510 2378 ab
536 2335 586 2379 iis
607 2336 844 2396 impetrant
862 2352 871 2378 ε
894 2352 1100 2396 magnum
1125 2336 1241 2380 enim
1256 2370 1267 2392 ,
1286 2335 1405 2397 quod
1424 2334 1682 2388 afferebant,

307 2413 550 2472 videbatur,
565 2425 606 2459 et
625 2416 838 2460 Caesarem
860 2414 903 2459 id
924 2432 1092 2460 summe
1107 2416 1300 2460 sciebant
1314 2432 1495 2476 cupere,
1516 2424 1559 2459 et
1577 2430 1680 2475 pro-

306 2495 466 2539 fectum
492 2494 657 2556 aliquid
683 2494 865 2541 Vibullii
893 2495 1111 2540 mandatis
1136 2496 1479 2541 existimabatur.

371 2577 489 2620 XVI.
521 2580 681 2633 Caesar,
705 2593 755 2620 eo
783 2586 978 2636 tempore
1011 2593 1111 2620 cum
1149 2575 1319 2637 legione
1345 2591 1431 2619 una
1460 2574 1679 2635 profectus

308 2654 361 2697 ad
387 2656 657 2716 recipiendas
679 2656 906 2701 ulteriores
930 2657 1210 2714 civitates,et
1235 2672 1325 2700 rem
1351 2654 1679 2698 frumentariam
