1972 3356
542 265 609 301 DE
636 265 800 301 BELLO
830 263 1048 299 GALLICO
1079 262 1170 297 LIB.
1194 260 1279 296 VII.
1542 255 1613 304 169

204 359 290 393 tur.
317 348 397 394 Ille
419 348 638 411 oppidum
664 349 937 410 Biturigum,
963 349 1159 410 positum
1187 347 1232 389 in
1261 345 1358 401 via,
1383 340 1615 387 Noviodu-

205 447 313 474 num
340 446 601 492 oppugnare
625 430 891 474 instituerat.
917 431 1022 487 Quo
1047 446 1100 472 ex
1125 426 1291 489 oppido
1318 441 1456 485 quum
1481 422 1615 484 legati

205 511 261 555 ad
296 528 397 555 cum
430 512 677 568 venissent,
714 521 891 555 oratum
930 520 981 554 ut
1011 510 1093 554 sibi
1126 510 1402 570 ignosceret,
1440 521 1615 566 suaeque

205 593 305 636 vitae
330 591 604 650 consuleret,
626 601 675 636 ut
701 590 926 635 celeritate
950 589 1144 650 reliquas
1169 605 1237 632 res
1262 587 1503 631 conficeret
1529 602 1616 646 qua

203 671 415 734 pleraque
439 682 535 716 erat
558 681 842 727 consecutus,
866 687 990 714 arma
1014 669 1225 732 proferri,
1248 684 1384 728 equos
1407 666 1614 728 produci,

203 753 375 798 obsides
405 753 498 797 dari
527 753 667 814 jubet.
695 754 826 796 Parte
851 752 944 813 jam
973 750 1179 795 obsidum
1207 748 1446 803 transdita,
1476 764 1615 808 quum

202 833 373 896 reliqua
404 833 846 891 administrarentur,
881 831 1218 879 centurionibus
1251 841 1294 874 et
1319 831 1472 892 paucis
1500 828 1616 873 mili-

203 916 321 960 tibus
359 916 644 974 intromissis,
680 916 758 977 qui
789 932 912 959 arma
944 916 1237 977 jumentaque
1275 913 1616 974 conquirerent,

202 998 424 1059 equitatus
455 998 652 1043 hostium
682 996 840 1060 procul
870 999 989 1041 visus
1016 1005 1104 1053 est,
1137 996 1214 1056 qui
1236 1011 1395 1057 agmen
1426 994 1616 1038 Vercin-

203 1081 415 1142 getorigis
444 1089 749 1124 antecesserat.
775 1081 926 1138 Quem
950 1076 1081 1122 simul
1110 1087 1244 1138 atque
1267 1075 1482 1138 oppidani
1510 1092 1611 1119 con-

202 1172 470 1222 spexerunt,
499 1171 632 1222 atque
660 1163 705 1205 in
732 1177 856 1222 spem
887 1158 1040 1204 auxilii
1066 1167 1306 1215 venerunt,
1332 1156 1526 1201 clamore
1548 1173 1618 1201 su-

202 1241 345 1298 hlat0‚
375 1259 499 1286 arma
532 1259 709 1304 capere,
743 1251 894 1304 portas
922 1240 1148 1297 claudere,
1173 1255 1354 1283 murum
1390 1236 1615 1300 complere

203 1333 445 1385 coeperunt.
466 1324 760 1368 Centuriones
779 1324 824 1366 in
846 1322 1035 1384 oppido,
1061 1338 1201 1382 quum
1221 1337 1274 1364 ex
1291 1319 1615 1382 significatione

201 1402 437 1448 Gallorum
458 1405 563 1448 novi
585 1403 754 1465 aliquid
769 1403 823 1447 ab
847 1404 915 1447 his
941 1404 1046 1446 iniri
1070 1401 1245 1446 consilii
1268 1399 1614 1457 intellexissent,

199 1484 356 1547 gladiis
392 1485 605 1530 districtis
641 1496 794 1547 portas
834 1494 1186 1546 occupaverunt,
1230 1499 1420 1543 suosque
1460 1499 1615 1526 omnes

197 1564 443 1610 incolumes
468 1577 749 1628 receperunt.

264 1649 388 1692 XIII.
420 1650 568 1694 Caesar
597 1666 650 1693 ex
689 1650 844 1694 castris
877 1650 1126 1711 equitatum
1161 1648 1292 1693 educi
1320 1648 1467 1710 jubet,
1504 1664 1617 1709 proe-

199 1727 396 1792 liumque
420 1741 624 1792 equestre
649 1734 902 1775 committit.
927 1731 1258 1776 Laborantibus
1279 1732 1372 1793 jam
1397 1731 1486 1774 suis
1505 1733 1616 1775 Ger-

198 1828 352 1856 manos
383 1815 554 1874 equites
590 1814 768 1858 circiter
799 1829 858 1858 cn
886 1813 1131 1868 submittit,
1157 1829 1268 1873 quos
1303 1813 1356 1857 ab
1386 1813 1517 1856 initio
1552 1828 1618 1856 se-

198 1909 300 1936 cum
322 1893 485 1938 habere
515 1895 781 1938 instituerat.
807 1897 975 1938 Eorum
1008 1894 1228 1954 impetum
1255 1893 1375 1940 Galli
1398 1895 1617 1938 sustinere

198 1989 288 2016 non
318 1984 590 2035 potuerunt,
619 1984 751 2036 atque
787 1976 833 2018 in
861 1975 1012 2036 fugam
1049 1975 1260 2036 conjecti,
1295 1974 1448 2020 multis
1485 1975 1617 2019 amis-

198 2057 275 2112 sis,
301 2073 393 2099 sese
421 2057 476 2101 ad
504 2073 665 2119 agmen
695 2067 960 2120 receperunt
989 2075 997 2101 :
1030 2057 1193 2119 quibus
1224 2057 1493 2120 profligatis,
1517 2073 1616 2101 rur-

197 2153 269 2180 sus
294 2138 507 2199 oppidani
530 2140 777 2201 perterriti,
797 2140 1142 2202 comprehensos
1162 2157 1236 2184 eos
1261 2156 1451 2201 quorum
1477 2156 1613 2201 opera

197 2218 374 2280 plebem
404 2222 674 2265 concitatam
700 2223 1032 2280 existimabant,
1064 2222 1121 2266 ad
1147 2225 1366 2268 Caesarem
1396 2222 1614 2284 perduxe-

195 2311 322 2359 runt,
345 2319 527 2364 seseque
547 2304 587 2347 ei
607 2303 887 2349 dediderunt.
907 2305 1087 2364 Quibus
1107 2304 1241 2349 rebus
1264 2304 1478 2349 confectis
1494 2340 1505 2363 ,
1524 2306 1615 2350 Cae-

194 2400 266 2428 sar
290 2385 345 2428 ad
377 2385 593 2446 oppidum
621 2388 885 2445 Avaricum,
917 2387 1038 2449 quod
1063 2398 1157 2432 erat
1182 2389 1428 2432 maximum
1461 2389 1614 2434 muni-

194 2467 503 2529 tissimumque
543 2469 587 2512 in
624 2468 787 2514 finibus
823 2471 1099 2533 Biturigum,
1135 2481 1268 2532 atque
1302 2472 1398 2533 agri
1432 2469 1614 2515 fertilis-

194 2550 303 2594 sima
331 2552 529 2613 regione,
555 2551 782 2613 profectus
813 2563 899 2609 est;
938 2553 1081 2615 quod,
1120 2570 1172 2598 eo
1210 2553 1376 2615 oppido
1410 2563 1610 2615 recepte,

193 2633 418 2677 civitatem
444 2635 698 2696 Biturigum
727 2651 771 2679 se
800 2636 843 2679 in
868 2645 1133 2696 potestatem
1168 2638 1455 2681 redacturum
1477 2634 1611 2680 confi-

193 2716 340 2759 debat.
