1972 3356
500 259 566 294 DE
596 259 754 295 BELLO
782 257 998 293 GALLICO
1025 258 1116 297 LIB.
1149 257 1233 293 VII.
1487 269 1555 307 ยน97

163 341 310 387 locum
342 361 613 407 magnopere
640 344 901 407 impediret,
938 345 1011 388 hic
1045 343 1271 398 consedit,
1307 349 1568 400 nostrosque

160 427 355 470 transitu
379 427 616 488 prohibere.
639 428 846 472 instituit.

225 509 387 552 LVIII.
427 509 650 553 Labienus
674 511 819 569 primo
846 509 998 551 vineas
1030 523 1181 568 agere,
1213 504 1410 549 cratibus
1437 511 1570 563 atque

159 605 320 651 aggere
354 589 561 650 paludem
592 588 792 650 explere,
824 599 957 650 atque
987 589 1073 632 iter
1100 586 1276 630 munire
1309 584 1570 628 conabatur.

159 672 402 732 Postquam
432 671 476 715 id
504 670 731 715 difficilius
761 670 946 715 confieri
977 668 1313 718 animadvertit,
1344 665 1520 710 silentio
1549 683 1572 708 e

160 753 315 796 castris
347 753 476 796 tertia
512 751 665 815 vigilia
697 769 918 815 egressus,
942 750 1112 796 'eodem
1148 766 1237 811 quo
1276 756 1461 792 venerat
1500 747 1573 790 iti-

159 850 263 877 nere
282 832 580 878 Melodunum
604 835 823 896 pervenit.
849 833 902 878 Id
922 843 990 878 est
1010 831 1227 894 oppidum
1251 832 1502 885 Senonum,
1528 828 1574 871 in

160 914 304 960 insula
337 917 555 977 Sequanae
584 917 802 978 positum,
834 926 883 960 ut
912 913 1046 978 paulo
1074 923 1178 958 ante
1205 912 1432 957 Lutetiam
1461 909 1575 953 dixi-

158 1014 270 1042 mus,
302 999 604 1059 Depreliensis
634 999 822 1057 navibus
857 998 1033 1041 circiter
1068 1013 1116 1053 L,
1149 993 1439 1053 celeriterque
1469 1009 1576 1036 con-

155 1081 346 1142 junctis,
368 1090 502 1142 atque
523 1097 575 1125 eo
594 1080 812 1125 militibus
835 1077 1081 1140 impositis,
1099 1087 1141 1122 et
1160 1077 1225 1121 rei
1250 1075 1450 1120 novitate
1473 1090 1576 1136 per-

162 1162 327 1206 territis
353 1162 617 1224 oppidanis,
644 1178 840 1223 quorum
870 1177 1033 1222 magna
1061 1177 1163 1221 pars
1191 1169 1287 1204 erat
1318 1157 1374 1202 ad
1406 1156 1576 1201 bellum

160 1254 364 1301 evocata,
389 1245 482 1289 sine
508 1244 795 1289 contentione
819 1241 986 1304 oppido
1003 1243 1186 1303 potitur.
1213 1240 1395 1286 Refecto
1416 1248 1576 1301 ponte,

117 1316 123 1323 .
160 1343 294 1388 quem
325 1326 632 1389 superioribus
657 1325 813 1369 dicbus
837 1325 987 1369 hostes
1008 1323 1304 1382 rescideram,
1329 1321 1576 1366 exercitum

160 1409 435 1463 transducit,
462 1419 507 1453 et
535 1408 733 1453 secundo
759 1408 945 1451 flumine
975 1406 1031 1450 ad
1065 1407 1292 1449 Lutetiam
1322 1406 1406 1448 iter
1432 1403 1576 1447 facere

158 1492 305 1553 coepit.
338 1493 521 1547 Hostes,
551 1507 598 1534 re
627 1491 808 1551 cognita
831 1490 886 1533 ab
913 1490 963 1532 iis
991 1490 1068 1550 qui
1097 1505 1122 1531 a
1146 1485 1393 1531 Meloduno
1422 1484 1575 1546 profu-

158 1583 333 1634 gerant,
369 1573 593 1617 Lutetiam
637 1571 843 1628 incendi,
882 1580 1130 1632 pontesque
1172 1569 1266 1630 ejus
1308 1566 1462 1629 oppidi
1508 1584 1577 1611 re-

157 1654 300 1699 scindi
319 1655 479 1716 jubent
505 1673 513 1698 :
541 1654 624 1716 ipsi
650 1653 838 1715 profecti
867 1670 891 1697 a
920 1652 1103 1715 palude,
1128 1653 1173 1695 in
1202 1651 1310 1712 ripis
1336 1652 1576 1711 Sequanae,

157 1753 178 1781 e
204 1737 386 1799 regione
409 1737 619 1794 Lutetiae,
646 1746 802 1781 contra
828 1735 1014 1781 Labieni
1039 1744 1183 1779 castra
1210 1732 1463 1777 considunt.

223 1820 338 1863 LIX.
376 1821 475 1863 Jam
502 1821 650 1863 Caesar
682 1836 706 1862 a
739 1818 966 1879 Gergovia
1004 1817 1250 1865 discessisse
1285 1815 1575 1869 audiebatur3

158 1903 244 1964 jam
282 1901 336 1946 de
373 1900 620 1945 AEduorum
662 1899 910 1944 defectione
945 1908 989 1943 et
1027 1898 1225 1943 secundo
1256 1896 1413 1943 Gallice
1448 1907 1575 1942 motu

159 2000 360 2028 rumores
393 1981 722 2037 afferebantur3
751 1980 962 2042 Gallique
1000 1982 1043 2024 in
1074 1978 1336 2040 colloquiis,
1363 1978 1575 2023 interclu-

158 2082 255 2109 sum
291 2065 448 2108 itinere
483 2074 525 2108 et
550 2063 701 2125 Ligeri
735 2064 981 2119 Caesarem,
1010 2061 1163 2123 inopia
1196 2061 1408 2105 frumenti
1446 2077 1574 2104 coac-

160 2157 273 2201 tum,
300 2147 344 2190 in
371 2146 655 2190 Provinciam
679 2144 960 2190 contendisse
982 2143 1323 2189 confirmabant.
1351 2141 1571 2187 Bellovaci

161 2239 337 2283 autem,
375 2228 624 2273 defectione
659 2227 908 2272 AEduorum
950 2227 1156 2289 cognita,
1189 2227 1265 2287 qui
1303 2234 1406 2269 ante
1445 2236 1574 2269 erant

160 2330 238 2374 per
262 2328 306 2356 se
334 2310 558 2368 infideles,
585 2328 742 2355 manus
768 2327 926 2373 cogere
954 2320 1089 2371 atque
1116 2318 1269 2370 aperte
1297 2305 1467 2352 bellum
1494 2323 1572 2368 pa-

160 2411 256 2438 rare
284 2404 528 2455 coeperunt.
560 2395 673 2438 Tum
708 2393 955 2450 Labienus,
989 2402 1110 2437 tanta
1140 2408 1288 2436 rerum
1322 2399 1572 2434 commuta-

161 2478 300 2532 tione,
327 2475 459 2538 longe
482 2474 601 2520 aliud
631 2476 711 2520 sibi
748 2475 1017 2538 capiendum
1048 2472 1305 2529 consilium,
1331 2483 1464 2534 atque
1489 2489 1570 2516 an-

162 2569 231 2602 tea
261 2567 476 2614 senserat,
508 2556 811 2620 intelligebat,
840 2575 984 2619 neque
1008 2558 1100 2619 jam
1138 2566 1187 2600 ut
1221 2554 1391 2616 aliquid
1419 2555 1572 2615 acqui-

160 2650 277 2684 reret
315 2639 560 2702 proelioque
599 2641 747 2685 hostes
788 2639 1048 2697 lacesseret,
1087 2639 1161 2683 sed
1208 2648 1258 2682 ut
1298 2635 1570 2681 incolumem

163 2722 406 2766 exercitum
432 2722 709 2784 Agcndicum
734 2722 989 2780 reduceret,
1016 2721 1251 2784 cogitabat.
1278 2721 1484 2781 Namque
1510 2718 1570 2763 al-
