1972 3356
392 296 462 331 116
602 294 641 329 C.
670 293 800 328 JULII
829 293 1050 328 CAESARIS
1080 292 1568 330 COMMENTARIORUM

387 395 519 440 opere
554 377 788 438 prohibere
815 378 947 438 coepit
971 396 980 421 z
1007 388 1077 436 et,
1112 395 1249 439 quum
1287 395 1372 423 una
1399 395 1448 422 ex
1480 389 1603 440 parte
1641 396 1777 442 prope

387 475 560 519 aequum
595 457 762 502 aditum
800 457 1011 514 haberet,
1044 460 1237 521 primum
1274 460 1510 521 sagittariis
1543 459 1805 507 funditori-.

386 539 554 600 busque
602 539 895 600 circumjectis
918 575 929 596 ,
980 550 1130 602 postea
1179 540 1286 585 levis
1335 551 1568 585 armaturae
1618 557 1778 603 magna

387 619 670 665 multitudine
704 622 865 676 missa,
899 623 1218 682 tormentisque
1256 621 1438 683 prolatis
1461 658 1472 677 ,
1510 622 1778 667 munitiones

387 701 682 763 impediebat:
706 719 848 763 neque
873 713 969 747 erat
991 702 1115 748 facile
1136 704 1317 759 nostris,
1339 720 1429 747 uno
1452 713 1652 764 tempore
1676 720 1778 764 pro-

386 800 585 845 pugnare
612 793 654 828 et
678 785 864 828 munire.
891 786 1051 842 Caesar,
1078 800 1215 845 quum
1243 801 1343 828 suos
1368 801 1419 828 ex
1445 784 1651 828 omnibus
1678 800 1779 845 par-

386 865 501 908 tibus
531 864 753 909 vulnerari
779 865 969 918 videret,
995 866 1189 926 recipere
1213 882 1257 909 se
1277 866 1431 925 jussit,
1460 875 1501 909 et
1533 864 1629 910 loco
1656 882 1779 910 exce-

385 945 501 990 dere.
532 948 637 991 Erat
666 963 744 1008 per
771 946 936 990 declive
968 957 1171 1007 receptus
1205 964 1213 990 :
1249 945 1311 991 illi
1340 957 1488 992 autem
1523 947 1608 991 hoc
1636 948 1778 991 acrius

385 1027 631 1084 instabant,
656 1044 798 1088 neque
826 1027 999 1089 regredi
1027 1037 1201 1071 nostros
1231 1028 1538 1088 patiebantur,
1565 1028 1684 1089 quod
1719 1029 1776 1072 ti-

385 1125 507 1152 more
534 1107 715 1152 adducti
745 1107 892 1153 locum
924 1107 1170 1169 relinquere
1201 1107 1477 1152 videbantur.
1509 1110 1687 1153 Dicitur
1724 1126 1778 1153 eo

385 1198 585 1250 tempore
621 1188 812 1250 glorians
847 1188 965 1249 apud
1004 1206 1104 1233 suos
1140 1190 1374 1250 Pompeius
1415 1189 1601 1246 dixisse,
1628 1209 1649 1230 «
1675 1191 1778 1235 Non

384 1286 586 1314 recusare
613 1287 658 1314 se
675 1305 685 1323 ,
713 1271 821 1330 quin
850 1269 1012 1314 nullius
1037 1287 1141 1314 usus
1168 1271 1408 1331 imperator
1434 1271 1778 1326 existimaretur,

385 1351 419 1395 si
453 1352 545 1396 sine
574 1353 766 1396 maximo
799 1351 1066 1396 detrimento
1101 1351 1295 1414 legiones
1322 1352 1504 1397 Caesaris
1536 1368 1627 1397 sese
1654 1369 1778 1397 rece·

385 1433 548 1493 pissent
574 1431 696 1490 inde,
721 1450 810 1494 quo
837 1442 1002 1477 temere
1030 1443 1173 1477 essent
1200 1450 1450 1494 progressae.
1478 1454 1499 1475 »

450 1515 610 1558 XLVI.
642 1516 803 1571 Caesar,
828 1515 1023 1575 receptui
1049 1531 1230 1558 suorum
1260 1516 1435 1571 timens,
1459 1525 1602 1560 crates
1624 1516 1679 1560 ad
1705 1532 1779 1559 ex-

385 1606 576 1639 tremum
610 1595 830 1640 tumulum
861 1606 1013 1640 contra
1050 1596 1222 1640 hostem
1248 1596 1464 1657 proferri,
1497 1607 1540 1641 et
1574 1597 1777 1641 adversas

386 1676 545 1732 locari3
573 1677 689 1721 intra
720 1677 796 1721 has
821 1676 1033 1721 mediocri
1060 1676 1293 1721 latitudine
1324 1677 1483 1721 fossam
1503 1712 1514 1733 ,
1542 1678 1662 1722 tectis
1692 1679 1776 1722 mi-

386 1756 556 1814 litibus,
585 1757 748 1802 obduci
773 1758 928 1817 jussit,
954 1757 1189 1818 locumque
1218 1759 1260 1801 in
1287 1775 1440 1802 omnes
1471 1769 1616 1819 partes
1644 1775 1777 1819 quani

385 1840 576 1883 maxime
599 1838 819 1901 impediri.
840 1841 939 1900 Ipse
961 1838 1130 1884 idoneis
1151 1837 1256 1883 locis
1282 1839 1525 1884 funditores
1549 1841 1778 1895 instruxit,

385 1929 433 1963 ut
467 1918 670 1980 praesidio
708 1920 869 1964 nostris
906 1937 950 1964 se
988 1920 1303 1981 recipientibus
1338 1930 1494 1965 essent.
1534 1921 1612 1965 His
1648 1921 1778 1965 rebus

383 2000 639 2063 completis,
672 2000 864 2064 legiones
900 2001 1050 2046 reduci
1080 2002 1223 2063 jussit.
1255 2002 1511 2063 Pompeiani
1541 2002 1624 2047 hoc
1658 2003 1776 2047 inso-

385 2081 545 2127 lentius
568 2092 700 2144 atque
723 2082 931 2127 audacius
957 2093 1128 2127 nostros
1157 2099 1355 2145 premere
1377 2093 1419 2127 et
1449 2085 1611 2128 instare
1636 2100 1777 2145 coepe-

388 2173 516 2220 runt,
544 2173 801 2225 cratesque,
830 2180 912 2224 pro
939 2164 1185 2209 munitione
1213 2164 1431 2225 objectaS,
1458 2163 1777 2227 propulerunt,

386 2254 434 2289 ut
469 2244 604 2290 fossas
639 2244 1013 2290 transcenderent.
1050 2245 1184 2303 Quod
1218 2263 1358 2307 quum
1394 2245 1779 2291 animadvertisset

384 2327 550 2383 Caesar,
581 2328 768 2384 veritus,
803 2343 855 2370 ne
886 2344 973 2370 non
1002 2327 1196 2383 reducti,
1225 2327 1298 2371 sed
1325 2328 1473 2388 rejecti
1500 2327 1779 2379 viderentur,

384 2407 611 2469 majusque
644 2407 961 2452 detrimentum
990 2418 1242 2470 caperetur,
1273 2425 1297 2453 a
1334 2409 1478 2453 medio
1510 2409 1599 2453 fere
1637 2409 1778 2470 spatio

385 2505 486 2533 suos
516 2506 594 2550 per
620 2491 890 2543 Antonium,
913 2491 986 2550 qui
1015 2492 1052 2534 ei
1078 2489 1238 2552 legioni
1265 2500 1470 2552 praeerat,
1495 2490 1776 2545 cohortatus,

387 2570 492 2615 tuba
518 2571 696 2632 signum
725 2570 844 2626 dari,
867 2579 1000 2632 atque
1029 2572 1073 2615 in
1097 2571 1244 2616 hostes
1273 2572 1487 2632 impetum
1513 2570 1607 2614 fieri
1630 2570 1774 2630 jussit.

385 2651 550 2696 Milites
575 2651 759 2714 legionis
779 2669 827 2696 1x
848 2651 995 2696 subito
1019 2653 1255 2713 constipati
1281 2651 1366 2713 pila
1392 2651 1703 2711 conjecerunt,
1733 2661 1778 2695 et

386 2748 438 2774 ex
461 2733 668 2778 inferiore
686 2732 784 2778 loco
802 2731 1009 2778 adversus
1031 2732 1194 2778 clivum
1219 2733 1384 2778 incitati
1403 2749 1556 2782 cursu,
1579 2733 1778 2794 praecipi-
