1972 3356
231 250 277 284 70
440 240 480 276 C.
512 240 640 277 JULlI
670 241 886 276 CAESARIS
917 240 1407 279 COMMENTARIORUM

228 340 338 384 quos
366 322 517 368 auxilii
542 340 674 368 causa
698 340 848 368 secum
871 325 1073 370 habebat.
1100 328 1214 372 Huic
1238 329 1411 390 magnis
1439 331 1626 390 praemiis

228 403 712 465 pollicitationibusque
740 405 1004 466 persuadet,
1037 408 1099 452 uti
1135 408 1190 452 ad
1230 409 1377 454 hostes
1410 420 1627 465 transeat;

228 497 271 531 et
286 522 296 538 ,
319 486 426 547 quid
451 485 545 532 fieri
569 486 699 545 velit,
719 487 887 532 edocet.
913 489 1034 547 Qui,
1059 489 1135 533 ubi
1159 507 1241 552 pro
1269 489 1455 552 perfuga
1478 490 1533 535 ad
1554 508 1626 535 eos

227 569 365 621 venit,
391 569 595 614 timorem
620 572 927 615 Romanorum
951 572 1165 632 proponit
1191 588 1199 615 :
1227 572 1387 632 quibus
1414 573 1629 633 angustiis

227 650 319 710 ipse
350 651 498 696 Caesar
522 669 543 695 a
572 651 757 696 Venetis
790 661 1039 713 prematur,
1071 651 1227 705 docet3
1267 669 1410 714 neque
1451 652 1628 715 longius

226 730 395 788 abesse,
418 733 525 793 quin
547 734 748 794 proxima
772 743 901 778 nocte
921 734 1110 779 Sabinus
1129 732 1244 778 clam
1266 751 1317 778 ex
1335 735 1489 779 castris
1508 752 1630 779 exer-

226 812 364 857 citum
389 813 568 873 educat,
589 825 633 859 et
660 815 716 859 ad
739 816 956 860 Caesareni
979 814 1130 859 auxilii
1152 815 1321 860 ferendi
1345 833 1475 860 causa
1494 816 1630 877 profi-

227 895 431 940 ciscatur.
459 896 596 954 Quod
623 897 698 940 ubi
722 896 925 941 auditum
949 907 1035 949 est,
1055 895 1337 941 conclamant
1360 914 1534 954 omnes,
1557 914 1630 941 oc-

225 977 447 1021 casionem
475 978 641 1039 negotii
666 978 778 1022 bene
801 978 983 1039 gerendi
1007 978 1294 1023 amittendam
1321 995 1410 1023 non
1433 995 1524 1023 esse
1540 1013 1551 1034 ‚
1577 978 1630 1022 ad

225 1068 366 1102 castra
396 1059 447 1102 iri
477 1069 696 1120 oportere.
727 1058 882 1104 Multae
915 1077 985 1104 res
1013 1060 1068 1103 ad
1098 1059 1182 1104 hoc
1210 1059 1447 1105 consilium
1478 1058 1631 1105 Gallos

225 1139 518 1184 hortabantur
546 1156 555 1183 :
581 1140 866 1201 superiorum
893 1140 1065 1185 dierum
1087 1140 1238 1184 Sabini
1268 1142 1511 1188 cunctatio:
1536 1158 1633 1202 per-

226 1220 337 1281 fugae
359 1220 660 1275 ‹·onfirmatio;
683 1221 834 1282 inopia
857 1221 1148 1278 cibariorum,
1170 1222 1241 1265 eui
1266 1223 1327 1265 rei
1354 1238 1508 1283 parum
1533 1223 1631 1268 dili-

224 1311 380 1363 genter
402 1302 457 1346 ab
480 1302 531 1346 iis
555 1312 649 1346 erat
670 1303 927 1363 provisum3
951 1319 1048 1364 spes
1065 1303 1269 1347 Venetici
1294 1301 1418 1357 belli,
1444 1314 1487 1348 et
1512 1305 1631 1365 quod

228 1382 316 1427 fere
343 1382 534 1427 libenter
557 1383 762 1427 homines
787 1382 852 1432 id..
877 1383 997 1443 quod
1025 1383 1202 1436 volunt,
1228 1384 1430 1428 credunt.
1462 1386 1540 1429 His
1563 1403 1632 1429 rc-

223 1463 304 1506 bus
324 1462 526 1516 adducti,
545 1479 634 1507 non
660 1464 782 1524 prius
801 1464 1102 1508 Viridovicem
1123 1464 1405 1526 reliquosque
1425 1465 1559 1511 duces
1580 1484 1631 1510 ex

225 1542 409 1588 consilio
432 1542 689 1601 dimittunt,
713 1561 847 1605 quam
871 1545 924 1588 ab
949 1545 1016 1589 his
1040 1547 1097 1590 sit
1121 1562 1404 1598 concessum,
1425 1563 1546 1591 arma
1568 1549 1630 1592 uti

225 1625 427 1685 capiant,
452 1634 497 1669 et
519 1624 574 1669 ad
597 1635 740 1670 eastra
763 1625 1049 1670 contendant.
1075 1628 1178 1685 Qua
1203 1644 1249 1671 rc
1273 1644 1497 1684 concessa,
1524 1627 1630 1675 laeti.

226 1715 273 1750 ut
310 1704 539 1767 explorata
577 1707 789 1753 victoria.
822 1708 1056 1751 sarmentis
1090 1707 1382 1769 virgultisque
1413 1708 1630 1761 collectis,

225 1787 384 1847 quibus
402 1786 539 1832 fossas
558 1790 864 1833 Romanorum
885 1787 1160 1849 compleant,
1181 1789 1234 1833 ad
1259 1800 1400 1834 castra
1422 1802 1627 1852 pergunt.

289 1869 408 1912 XIX.
452 1870 598 1913 Locus
635 1879 729 1913 erat
771 1879 1017 1914 castrorum
1054 1869 1221 1929 editus,
1257 1881 1296 1915 et
1332 1871 1547 1932 paulatim
1576 1873 1630 1916 ab

226 1950 313 1994 imo
330 1948 510 1995 acclivis
526 1986 538 2008 ‚
554 1950 731 1995 circiter
754 1967 903 2011 passus
923 1950 1057 1995 mille.
1079 1955 1177 1996 Huc
1195 1970 1357 2015 magno
1375 1971 1506 1998 eursu
1530 1972 1630 1999 con-

226 2030 489 2080 tenderunt,
519 2042 569 2076 ut
597 2049 729 2093 quam
763 2033 998 2077 minimum
1035 2035 1162 2095 spatii
1195 2034 1250 2078 ad
1286 2052 1329 2079 se
1360 2035 1631 2098 colligendos

224 2112 548 2174 armandosque
579 2115 794 2158 Romanis
827 2114 1028 2168 daretur,
1060 2116 1386 2178 exanimatique
1417 2135 1629 2179 pervene-

227 2203 341 2238 runt.
367 2195 584 2252 Sabinus,
614 2213 715 2240 suos
751 2196 975 2252 hortatus,
1007 2198 1289 2258 cupientibus
1328 2200 1503 2261 signum
1540 2200 1627 2244 dat.

224 2274 450 2335 Impeditis
476 2276 677 2321 hostibus
703 2287 888 2338 propter
911 2294 988 2334 ea,
1009 2295 1106 2339 quae
1131 2279 1353 2335 ferebant,
1378 2298 1535 2333 onera,
1560 2298 1627 2325 su·

224 2354 317 2399 bito
354 2355 523 2401 duabus
556 2359 695 2417 portis
730 2359 1010 2420 eruptionem
1042 2359 1137 2404 fieri
1171 2362 1309 2422 jubet.
1350 2365 1533 2407 Factum
1565 2372 1627 2406 est

224 2437 557 2497 opportunitate
583 2437 689 2493 loci,
720 2440 914 2484 hostium
945 2441 1175 2486 inscientia
1208 2459 1257 2487 ac
1289 2443 1625 2503 defatigatione,

225 2517 388 2561 virtute
407 2517 618 2563 militum.
645 2522 924 2582 superiorum
947 2539 1196 2585 pugnarum
1219 2525 1560 2574 exercitatione,
1580 2535 1626 2569 nt

226 2613 276 2639 ue
303 2613 442 2642 unum
466 2599 644 2660 quidem
670 2612 925 2648 nostrorum
951 2605 1167 2666 impetum
1195 2605 1378 2660 ferrent,
1404 2623 1454 2649 ac
1477 2608 1625 2651 statim

225 2685 344 2737 terga
373 2689 606 2725 verterent.
641 2684 766 2739 Quos
798 2685 1032 2745 impeditos
1063 2687 1242 2747 integris
1269 2687 1436 2731 viribus
1464 2686 1624 2732 milites
