1972 3356
334 338 403 374 136
539 339 578 373 C.
612 340 741 375 JULII
769 340 984 377 CAESARIS
1017 340 1502 377 COMMENTARIORUM

330 422 448 466 turio
470 424 694 478 amiserat,
715 432 759 467 et
781 423 1003 468 celeritate
1023 435 1067 468 et
1090 425 1225 485 copiis
1248 424 1417 479 docuit,
1443 424 1550 485 quid
1570 425 1723 486 populi

330 503 502 546 romani
526 502 760 564 disciplina
779 514 910 565 atque
934 521 1037 566 opes
1060 515 1252 565 possent.

392 585 449 626 ΙΙ.
477 583 716 628 Interfecto
730 584 1058 641 Indutiomaro,
1083 596 1132 629 ut
1156 585 1407 643 docuimus,
1429 585 1485 628 ad
1509 585 1601 646 ejus
1624 602 1724 645 pro-

328 665 517 724 pinquos
541 681 567 708 a
585 666 778 710 Treviris
799 667 1032 728 imperium
1057 666 1266 711 defertur.
1292 665 1362 710 Illi
1387 667 1600 711 finitimos
1621 668 1726 710 Ger-

327 761 482 789 manos
506 744 762 803 sollicitare,
794 757 836 791 et
864 748 1099 808 pecuniam
1122 746 1321 809 polliceri
1348 764 1436 791 non
1467 742 1684 790 desistunt
1717 765 1724 790 :

328 841 467 885 quum
509 826 562 870 ab
603 827 818 888 proximis
855 829 1093 890 impetrare
1130 845 1218 872 non
1258 837 1455 889 possent,
1495 826 1727 871 ulteriores

329 914 515 951 tentant.
548 909 746 952 Inventis
779 908 1003 953 nonnullis
1038 910 1308 965 civitatibus,
1335 907 1627 970 jurejurando
1660 909 1726 951 in-

328 995 396 1031 ter
420 1005 463 1033 se
490 988 774 1045 confirmant,
799 990 1113 1050 obsidibusque
1137 990 1189 1033 de
1204 991 1393 1051 pecunia
1415 999 1572 1033 cavent
1592 1005 1601 1032 :
1624 991 1729 1034 Am-

327 1067 546 1129 biorigem
569 1069 652 1112 sibi
682 1071 892 1114 societate
919 1080 963 1114 et
990 1070 1153 1114 foedere
1176 1070 1440 1130 adjungunt.
1466 1070 1641 1127 Quibus
1664 1086 1730 1112 re-

328 1148 411 1192 bus
433 1150 644 1211 cognitis,
671 1151 836 1206 Caesar,
856 1167 995 1211 quum
1018 1150 1215 1211 undique
1244 1149 1411 1194 bellum
1433 1151 1580 1210 parari
1609 1149 1729 1193 vide-

330 1238 417 1285 ret,
443 1230 651 1287 Nervios,
677 1230 957 1287 Aduatucos,
982 1231 1235 1291 Menapios,
1261 1230 1485 1291 adjunctis
1508 1230 1731 1274 cisrhena-

329 1310 396 1353 nis
412 1310 620 1355 omnibus
638 1312 896 1368 Germanis,
916 1328 1008 1355 esse
1029 1313 1074 1355 in
1093 1313 1247 1368 armis,
1263 1313 1460 1356 Senones
1479 1311 1535 1355 ad
1548 1312 1733 1372 impera-

329 1400 424 1434 tum
449 1408 541 1435 non
564 1393 715 1436 venire
730 1427 741 1449 ,
773 1402 816 1436 et
840 1409 943 1436 cum
967 1393 1238 1438 Carnutibus
1261 1392 1549 1453 finitimisque
1575 1392 1730 1436 civita-

328 1472 446 1516 tibus
480 1471 664 1517 consilia
700 1475 1050 1530 communicare,
1084 1491 1109 1518 a
1140 1475 1334 1519 Treviris
1357 1476 1606 1519 Germanos
1634 1490 1730 1518 cre-

329 1553 419 1596 bris
440 1552 738 1615 legationibus
763 1553 1015 1612 sollicitari,
1040 1557 1259 1600 maturius
1283 1556 1365 1600 sibi
1390 1556 1443 1599 de
1471 1554 1585 1599 bello
1611 1556 1731 1617 cogi-

329 1634 515 1678 tandum
539 1637 726 1697 putavit.

395 1717 474 1760 III.
503 1718 660 1777 Itaque
694 1718 897 1761 nondum
927 1719 1071 1762 hieme
1099 1718 1318 1774 confecta,
1346 1718 1559 1779 proximis
1591 1733 1638 1762 lv
1670 1717 1732 1762 le-

332 1796 537 1856 gionibus
564 1799 747 1853 coactis,
774 1798 827 1842 de
855 1799 1100 1859 improviso
1125 1798 1169 1840 in
1195 1799 1301 1842 fines
1328 1799 1597 1843 Nerviorum
1624 1814 1731 1842 con·

332 1877 494 1933 tendit3
526 1888 590 1935 et,
620 1881 743 1939 prius
768 1896 903 1940 quam
932 1878 996 1923 illi
1027 1889 1104 1923 aut
1127 1880 1365 1923 convenire
1395 1889 1471 1923 aut
1498 1879 1733 1940 profugere

330 1969 540 2018 possent,
567 1975 729 2021 magno
751 1961 922 2020 pecoris
949 1969 1082 2021 atque
1109 1961 1344 2005 hominum
1370 1977 1557 2004 numero
1584 1969 1733 2021 capto,

328 2048 462 2099 atque
482 2056 533 2084 ea
560 2040 709 2101 praeda
727 2040 943 2085 militibus
968 2058 1197 2098 concessa,
1222 2042 1493 2102 vastatisque
1519 2042 1636 2103 agris
1652 2075 1663 2097 ,
1688 2041 1734 2084 in

330 2119 602 2164 deditionem
625 2123 774 2165 venire
798 2132 931 2183 atque
955 2120 1129 2166 obsides
1158 2123 1240 2166 sibi
1265 2123 1369 2166 darc
1396 2124 1553 2184 coegit.
1575 2125 1642 2166 Eo
1665 2138 1733 2166 ce-

329 2199 480 2245 leriter
506 2201 712 2246 confecto
744 2204 944 2264 negotio,
968 2220 1122 2247 rursus
1150 2203 1345 2265 legiones
1373 2205 1418 2247 in
1445 2204 1634 2249 hiberno
1666 2219 1733 2246 re-

327 2282 466 2326 duxit.
511 2283 714 2327 Concilio
750 2282 906 2329 Galliae
942 2286 1084 2341 primo
1115 2301 1237 2339 vere,
1266 2286 1331 2328 uti
1361 2286 1633 2340 instituerat,
1670 2284 1735 2327 in-

330 2363 472 2418 dicto,
501 2380 636 2422 quum
662 2363 846 2425 reliqui,
877 2374 1038 2425 praeter
1068 2367 1287 2421 Senones,
1315 2368 1558 2420 Carnutes,
1581 2365 1734 2409 Trevi-

330 2461 491 2505 rosque
520 2446 771 2502 venissent,
807 2447 983 2490 initium
1013 2446 1119 2490 belli
1155 2464 1206 2492 ac
1238 2447 1496 2492 defectionis
1528 2448 1612 2490 hoc
1642 2462 1732 2490 esse

328 2526 590 2582 arbitratus,
608 2537 656 2570 ut
671 2527 822 2570 omnia
842 2536 1111 2588 postponere
1126 2528 1377 2586 videretur,
1394 2526 1633 2572 concilium
1647 2529 1733 2571 Lu-

332 2606 482 2649 tetiam
496 2607 772 2651 Parisiorum
792 2608 1014 2652 transfert.
1035 2608 1244 2653 Confines
1259 2618 1386 2652 erant
1400 2608 1444 2651 hi
1459 2608 1731 2664 Senonibus,

329 2685 641 2748 civitatemque
666 2699 845 2749 patrum
865 2691 1080 2734 memoria
1101 2691 1446 2750 conjunxerant,
1472 2689 1547 2733 sed
1571 2690 1625 2733 ab
1647 2690 1731 2734 hoc

332 2765 521 2809 concilio
555 2768 743 2813 abfuisse
779 2771 1158 2815 existimabantur.
1195 2773 1288 2813 Hac
1322 2786 1369 2813 re
1403 2787 1483 2830 pro
1519 2779 1729 2831 suggestu
