<?xml version="1.0" encoding="UTF-8"?>
<!DOCTYPE html PUBLIC "-//W3C//DTD XHTML 1.0 Transitional//EN"
    "http://www.w3.org/TR/xhtml1/DTD/xhtml1-transitional.dtd">
<html xmlns="http://www.w3.org/1999/xhtml" xml:lang="en" lang="en">
 <head>
  <title>
</title>
<meta http-equiv="Content-Type" content="text/html;charset=utf-8" />
  <meta name='ocr-system' content='tesseract 3.04.00' />
  <meta name='ocr-capabilities' content='ocr_page ocr_carea ocr_par ocr_line ocrx_word'/>
</head>
<body>
  <div class='ocr_page' id='page_1' title='image "./operajoh0102caesuoft_0250.png"; bbox 0 0 1972 3356; ppageno 0'>
   <div class='ocr_carea' id='block_1_1' title="bbox 384 288 1551 327">
    <p class='ocr_par' dir='ltr' id='par_1_1' title="bbox 384 288 1551 327">
     <span class='ocr_line' id='line_1_1' title="bbox 384 288 1551 327; baseline -0.005 0"><span class='ocrx_word' id='word_1_1' title='bbox 384 291 458 327; x_wconf 78' lang='lat'>228</span> <span class='ocrx_word' id='word_1_2' title='bbox 592 292 631 325; x_wconf 90' lang='lat' dir='ltr'>C.</span> <span class='ocrx_word' id='word_1_3' title='bbox 665 291 793 325; x_wconf 90' lang='lat' dir='ltr'>JULII</span> <span class='ocrx_word' id='word_1_4' title='bbox 822 290 1036 324; x_wconf 74' lang='lat' dir='ltr'><strong>CAESARIS</strong></span> <span class='ocrx_word' id='word_1_5' title='bbox 1068 288 1551 323; x_wconf 86' lang='lat' dir='ltr'><strong>COMMENTARIORUM</strong></span> 
     </span>
    </p>
   </div>
   <div class='ocr_carea' id='block_1_2' title="bbox 382 367 1785 2672">
    <p class='ocr_par' dir='ltr' id='par_1_2' title="bbox 382 367 1775 738">
     <span class='ocr_line' id='line_1_2' title="bbox 383 367 1772 431; baseline -0.006 -13"><span class='ocrx_word' id='word_1_6' title='bbox 383 377 426 418; x_wconf 89' lang='lat' dir='ltr'>in</span> <span class='ocrx_word' id='word_1_7' title='bbox 447 384 589 419; x_wconf 84' lang='lat' dir='ltr'>castra</span> <span class='ocrx_word' id='word_1_8' title='bbox 604 389 784 417; x_wconf 86' lang='lat' dir='ltr'>suorum</span> <span class='ocrx_word' id='word_1_9' title='bbox 800 373 1070 431; x_wconf 77' lang='lat' dir='ltr'>reciperent,</span> <span class='ocrx_word' id='word_1_10' title='bbox 1089 379 1165 413; x_wconf 89' lang='lat' dir='ltr'>aut</span> <span class='ocrx_word' id='word_1_11' title='bbox 1180 367 1402 421; x_wconf 74' lang='lat' dir='ltr'>nonnulli,</span> <span class='ocrx_word' id='word_1_12' title='bbox 1424 368 1591 428; x_wconf 89' lang='lat' dir='ltr'>pudore</span> <span class='ocrx_word' id='word_1_13' title='bbox 1611 367 1772 419; x_wconf 82' lang='lat' dir='ltr'>coacti,</span> 
     </span>
     <span class='ocr_line' id='line_1_3' title="bbox 383 447 1773 514; baseline -0.006 -17"><span class='ocrx_word' id='word_1_14' title='bbox 383 454 554 514; x_wconf 84' lang='lat' dir='ltr'>longius</span> <span class='ocrx_word' id='word_1_15' title='bbox 585 452 885 513; x_wconf 78' lang='lat' dir='ltr'>profugerent.</span> <span class='ocrx_word' id='word_1_16' title='bbox 916 452 1119 507; x_wconf 86' lang='lat' dir='ltr'>Quorum</span> <span class='ocrx_word' id='word_1_17' title='bbox 1151 447 1347 509; x_wconf 88' lang='lat' dir='ltr'>periculo</span> <span class='ocrx_word' id='word_1_18' title='bbox 1374 449 1433 491; x_wconf 90' lang='lat' dir='ltr'>sic</span> <span class='ocrx_word' id='word_1_19' title='bbox 1461 463 1613 491; x_wconf 90' lang='lat' dir='ltr'>omnes</span> <span class='ocrx_word' id='word_1_20' title='bbox 1638 448 1773 507; x_wconf 67' lang='lat' dir='ltr'>copiae</span> 
     </span>
     <span class='ocr_line' id='line_1_4' title="bbox 382 526 1773 594; baseline -0.006 -17"><span class='ocrx_word' id='word_1_21' title='bbox 382 544 486 577; x_wconf 89' lang='lat' dir='ltr'>sunt</span> <span class='ocrx_word' id='word_1_22' title='bbox 512 532 799 594; x_wconf 80' lang='lat' dir='ltr'>perturbatae,</span> <span class='ocrx_word' id='word_1_23' title='bbox 824 541 872 574; x_wconf 91' lang='lat' dir='ltr'>ut</span> <span class='ocrx_word' id='word_1_24' title='bbox 901 532 972 573; x_wconf 78' lang='lat' dir='ltr'>vix</span> <span class='ocrx_word' id='word_1_25' title='bbox 999 529 1189 590; x_wconf 84' lang='lat' dir='ltr'>judicari</span> <span class='ocrx_word' id='word_1_26' title='bbox 1213 538 1360 588; x_wconf 83' lang='lat' dir='ltr'>posset</span> <span class='ocrx_word' id='word_1_27' title='bbox 1390 537 1540 570; x_wconf 90' lang='lat' dir='ltr'>utrum</span> <span class='ocrx_word' id='word_1_28' title='bbox 1571 526 1773 569; x_wconf 89' lang='lat' dir='ltr'>secundis</span> 
     </span>
     <span class='ocr_line' id='line_1_5' title="bbox 382 606 1775 674; baseline -0.006 -17"><span class='ocrx_word' id='word_1_29' title='bbox 382 612 577 674; x_wconf 81' lang='lat' dir='ltr'>parvulis</span> <span class='ocrx_word' id='word_1_30' title='bbox 628 612 758 655; x_wconf 88' lang='lat' dir='ltr'>rebus</span> <span class='ocrx_word' id='word_1_31' title='bbox 799 610 1103 655; x_wconf 79' lang='lat' dir='ltr'>insolentiores</span> <span class='ocrx_word' id='word_1_32' title='bbox 1147 626 1201 652; x_wconf 83' lang='lat' dir='ltr'>an</span> <span class='ocrx_word' id='word_1_33' title='bbox 1242 607 1434 651; x_wconf 78' lang='lat' dir='ltr'>adversis</span> <span class='ocrx_word' id='word_1_34' title='bbox 1478 606 1775 650; x_wconf 85' lang='lat' dir='ltr'>mediocribus</span> 
     </span>
     <span class='ocr_line' id='line_1_6' title="bbox 383 693 805 738; baseline -0.005 -2"><span class='ocrx_word' id='word_1_35' title='bbox 383 693 626 738; x_wconf 81' lang='lat' dir='ltr'>timidiores</span> <span class='ocrx_word' id='word_1_36' title='bbox 649 701 805 735; x_wconf 89' lang='lat' dir='ltr'>essent.</span> 
     </span>
    </p>

    <p class='ocr_par' dir='ltr' id='par_1_3' title="bbox 383 769 1785 2672">
     <span class='ocr_line' id='line_1_7' title="bbox 446 769 1779 832; baseline -0.005 -16"><span class='ocrx_word' id='word_1_37' title='bbox 446 775 567 817; x_wconf 92' lang='lat' dir='ltr'><strong>XIV.</strong></span> <span class='ocrx_word' id='word_1_38' title='bbox 599 770 915 832; x_wconf 84' lang='lat' dir='ltr'>Compluribus</span> <span class='ocrx_word' id='word_1_39' title='bbox 940 771 1092 813; x_wconf 86' lang='lat' dir='ltr'>diebus</span> <span class='ocrx_word' id='word_1_40' title='bbox 1119 769 1274 813; x_wconf 89' lang='lat' dir='ltr'>iisdem</span> <span class='ocrx_word' id='word_1_41' title='bbox 1298 771 1342 812; x_wconf 92' lang='lat' dir='ltr'>in</span> <span class='ocrx_word' id='word_1_42' title='bbox 1369 769 1521 812; x_wconf 88' lang='lat' dir='ltr'>castris</span> <span class='ocrx_word' id='word_1_43' title='bbox 1544 783 1779 827; x_wconf 90' lang='lat' dir='ltr'>consump-</span> 
     </span>
     <span class='ocr_line' id='line_1_8' title="bbox 386 848 1776 913; baseline -0.006 -16"><span class='ocrx_word' id='word_1_44' title='bbox 386 856 458 910; x_wconf 88' lang='lat' dir='ltr'>tis,</span> <span class='ocrx_word' id='word_1_45' title='bbox 486 869 621 913; x_wconf 82' lang='lat' dir='ltr'>quum</span> <span class='ocrx_word' id='word_1_46' title='bbox 656 852 836 911; x_wconf 82' lang='lat' dir='ltr'>propius</span> <span class='ocrx_word' id='word_1_47' title='bbox 871 851 1101 897; x_wconf 77' lang='lat' dir='ltr'>accessisse</span> <span class='ocrx_word' id='word_1_48' title='bbox 1131 848 1324 909; x_wconf 83' lang='lat' dir='ltr'>legiones</span> <span class='ocrx_word' id='word_1_49' title='bbox 1353 858 1397 892; x_wconf 88' lang='lat' dir='ltr'>et</span> <span class='ocrx_word' id='word_1_50' title='bbox 1425 850 1475 892; x_wconf 92' lang='lat' dir='ltr'>C.</span> <span class='ocrx_word' id='word_1_51' title='bbox 1506 848 1776 891; x_wconf 86' lang='lat' dir='ltr'>Trebonium</span> 
     </span>
     <span class='ocr_line' id='line_1_9' title="bbox 384 928 1778 996; baseline -0.006 -17"><span class='ocrx_word' id='word_1_52' title='bbox 384 935 579 996; x_wconf 81' lang='lat' dir='ltr'>legatum</span> <span class='ocrx_word' id='word_1_53' title='bbox 608 933 939 993; x_wconf 80' lang='lat' dir='ltr'>cognovissent,</span> <span class='ocrx_word' id='word_1_54' title='bbox 969 930 1100 973; x_wconf 86' lang='lat' dir='ltr'>duces</span> <span class='ocrx_word' id='word_1_55' title='bbox 1124 929 1479 985; x_wconf 87' lang='lat' dir='ltr'>Bellovacorum,</span> <span class='ocrx_word' id='word_1_56' title='bbox 1504 929 1633 972; x_wconf 82' lang='lat' dir='ltr'>veriti</span> <span class='ocrx_word' id='word_1_57' title='bbox 1656 928 1778 972; x_wconf 88' lang='lat' dir='ltr'>simi-</span> 
     </span>
     <span class='ocr_line' id='line_1_10' title="bbox 385 1010 1784 1069; baseline -0.005 -11"><span class='ocrx_word' id='word_1_58' title='bbox 385 1015 468 1058; x_wconf 89' lang='lat' dir='ltr'>lem</span> <span class='ocrx_word' id='word_1_59' title='bbox 499 1013 795 1057; x_wconf 87' lang='lat' dir='ltr'>obsessionem</span> <span class='ocrx_word' id='word_1_60' title='bbox 829 1010 1001 1067; x_wconf 84' lang='lat' dir='ltr'>Alesiae,</span> <span class='ocrx_word' id='word_1_61' title='bbox 1030 1021 1166 1054; x_wconf 88' lang='lat' dir='ltr'>noctu</span> <span class='ocrx_word' id='word_1_62' title='bbox 1199 1011 1429 1053; x_wconf 88' lang='lat' dir='ltr'>dimittunt</span> <span class='ocrx_word' id='word_1_63' title='bbox 1464 1026 1536 1053; x_wconf 89' lang='lat' dir='ltr'>eos</span> <span class='ocrx_word' id='word_1_64' title='bbox 1566 1025 1675 1069; x_wconf 87' lang='lat' dir='ltr'>quos</span> <span class='ocrx_word' id='word_1_65' title='bbox 1706 1018 1784 1051; x_wconf 85' lang='lat' dir='ltr'>aut</span> 
     </span>
     <span class='ocr_line' id='line_1_11' title="bbox 383 1090 1784 1144; baseline -0.005 -6"><span class='ocrx_word' id='word_1_66' title='bbox 383 1104 509 1138; x_wconf 80' lang='lat' dir='ltr'>aetate</span> <span class='ocrx_word' id='word_1_67' title='bbox 536 1102 610 1137; x_wconf 80' lang='lat' dir='ltr'>aut</span> <span class='ocrx_word' id='word_1_68' title='bbox 636 1093 802 1135; x_wconf 82' lang='lat' dir='ltr'>viribus</span> <span class='ocrx_word' id='word_1_69' title='bbox 831 1091 1058 1134; x_wconf 79' lang='lat' dir='ltr'>inferiores</span> <span class='ocrx_word' id='word_1_70' title='bbox 1085 1101 1161 1134; x_wconf 85' lang='lat' dir='ltr'>aut</span> <span class='ocrx_word' id='word_1_71' title='bbox 1186 1092 1373 1133; x_wconf 85' lang='lat' dir='ltr'>inermes</span> <span class='ocrx_word' id='word_1_72' title='bbox 1402 1090 1647 1144; x_wconf 86' lang='lat' dir='ltr'>habebant,</span> <span class='ocrx_word' id='word_1_73' title='bbox 1676 1104 1784 1132; x_wconf 88' lang='lat' dir='ltr'>una-</span> 
     </span>
     <span class='ocr_line' id='line_1_12' title="bbox 385 1160 1783 1234; baseline -0.004 -17"><span class='ocrx_word' id='word_1_74' title='bbox 385 1190 470 1234; x_wconf 85' lang='lat' dir='ltr'>que</span> <span class='ocrx_word' id='word_1_75' title='bbox 496 1172 665 1232; x_wconf 83' lang='lat' dir='ltr'>reliqua</span> <span class='ocrx_word' id='word_1_76' title='bbox 693 1160 1022 1232; x_wconf 81' lang='lat' dir='ltr'>impedimenta.</span> <span class='ocrx_word' id='word_1_77' title='bbox 1049 1172 1256 1228; x_wconf 82' lang='lat' dir='ltr'>Quorum</span> <span class='ocrx_word' id='word_1_78' title='bbox 1278 1170 1585 1230; x_wconf 81' lang='lat' dir='ltr'>perturbatum</span> <span class='ocrx_word' id='word_1_79' title='bbox 1613 1178 1655 1212; x_wconf 93' lang='lat' dir='ltr'>et</span> <span class='ocrx_word' id='word_1_80' title='bbox 1678 1185 1783 1212; x_wconf 88' lang='lat' dir='ltr'>con—</span> 
     </span>
     <span class='ocr_line' id='line_1_13' title="bbox 386 1248 1783 1312; baseline -0.004 -15"><span class='ocrx_word' id='word_1_81' title='bbox 386 1254 533 1297; x_wconf 84' lang='lat' dir='ltr'>fusum</span> <span class='ocrx_word' id='word_1_82' title='bbox 569 1252 674 1295; x_wconf 88' lang='lat' dir='ltr'>dum</span> <span class='ocrx_word' id='word_1_83' title='bbox 713 1251 935 1312; x_wconf 77' lang='lat' dir='ltr'>explicant</span> <span class='ocrx_word' id='word_1_84' title='bbox 971 1267 1129 1312; x_wconf 81' lang='lat' dir='ltr'>agmen</span> <span class='ocrx_word' id='word_1_85' title='bbox 1170 1251 1353 1311; x_wconf 67' lang='lat' dir='ltr'>(magna</span> <span class='ocrx_word' id='word_1_86' title='bbox 1393 1250 1509 1292; x_wconf 89' lang='lat' dir='ltr'>enim</span> <span class='ocrx_word' id='word_1_87' title='bbox 1545 1248 1783 1292; x_wconf 86' lang='lat' dir='ltr'>multitudo</span> 
     </span>
     <span class='ocr_line' id='line_1_14' title="bbox 389 1328 1784 1392; baseline -0.004 -15"><span class='ocrx_word' id='word_1_88' title='bbox 389 1349 617 1377; x_wconf 83' lang='lat' dir='ltr'>carrorum</span> <span class='ocrx_word' id='word_1_89' title='bbox 647 1333 779 1376; x_wconf 86' lang='lat' dir='ltr'>etiam</span> <span class='ocrx_word' id='word_1_90' title='bbox 812 1331 1037 1392; x_wconf 80' lang='lat' dir='ltr'>expeditos</span> <span class='ocrx_word' id='word_1_91' title='bbox 1067 1332 1189 1390; x_wconf 87' lang='lat' dir='ltr'>sequi</span> <span class='ocrx_word' id='word_1_92' title='bbox 1217 1330 1368 1374; x_wconf 86' lang='lat' dir='ltr'>Gallos</span> <span class='ocrx_word' id='word_1_93' title='bbox 1399 1328 1675 1389; x_wconf 79' lang='lat' dir='ltr'>consuevit),</span> <span class='ocrx_word' id='word_1_94' title='bbox 1704 1345 1784 1389; x_wconf 89' lang='lat' dir='ltr'>op-</span> 
     </span>
     <span class='ocr_line' id='line_1_15' title="bbox 389 1409 1784 1474; baseline -0.004 -17"><span class='ocrx_word' id='word_1_95' title='bbox 389 1415 525 1474; x_wconf 80' lang='lat' dir='ltr'>pressi</span> <span class='ocrx_word' id='word_1_96' title='bbox 545 1412 663 1469; x_wconf 88' lang='lat' dir='ltr'>luce,</span> <span class='ocrx_word' id='word_1_97' title='bbox 685 1413 832 1472; x_wconf 81' lang='lat' dir='ltr'>copias</span> <span class='ocrx_word' id='word_1_98' title='bbox 855 1421 1126 1455; x_wconf 83' lang='lat' dir='ltr'>armatorum</span> <span class='ocrx_word' id='word_1_99' title='bbox 1150 1428 1229 1472; x_wconf 87' lang='lat' dir='ltr'>pro</span> <span class='ocrx_word' id='word_1_100' title='bbox 1252 1412 1339 1454; x_wconf 90' lang='lat' dir='ltr'>suis</span> <span class='ocrx_word' id='word_1_101' title='bbox 1364 1412 1592 1453; x_wconf 87' lang='lat' dir='ltr'>instruunt</span> <span class='ocrx_word' id='word_1_102' title='bbox 1613 1409 1784 1465; x_wconf 83' lang='lat' dir='ltr'>castris,</span> 
     </span>
     <span class='ocr_line' id='line_1_16' title="bbox 390 1489 1784 1554; baseline -0.003 -17"><span class='ocrx_word' id='word_1_103' title='bbox 390 1512 443 1538; x_wconf 89' lang='lat' dir='ltr'>ne</span> <span class='ocrx_word' id='word_1_104' title='bbox 478 1495 598 1554; x_wconf 82' lang='lat' dir='ltr'>prius</span> <span class='ocrx_word' id='word_1_105' title='bbox 635 1493 823 1537; x_wconf 85' lang='lat' dir='ltr'>Romani</span> <span class='ocrx_word' id='word_1_106' title='bbox 853 1493 1055 1553; x_wconf 85' lang='lat' dir='ltr'>persequi</span> <span class='ocrx_word' id='word_1_107' title='bbox 1089 1509 1132 1535; x_wconf 89' lang='lat' dir='ltr'>se</span> <span class='ocrx_word' id='word_1_108' title='bbox 1162 1493 1406 1552; x_wconf 83' lang='lat' dir='ltr'>inciperent</span> <span class='ocrx_word' id='word_1_109' title='bbox 1442 1506 1574 1552; x_wconf 89' lang='lat' dir='ltr'>quam</span> <span class='ocrx_word' id='word_1_110' title='bbox 1610 1489 1784 1551; x_wconf 86' lang='lat' dir='ltr'>longius</span> 
     </span>
     <span class='ocr_line' id='line_1_17' title="bbox 391 1571 1785 1635; baseline -0.003 -18"><span class='ocrx_word' id='word_1_111' title='bbox 391 1590 548 1635; x_wconf 82' lang='lat' dir='ltr'>agmen</span> <span class='ocrx_word' id='word_1_112' title='bbox 579 1572 999 1633; x_wconf 79' lang='lat' dir='ltr'>impedimentorum</span> <span class='ocrx_word' id='word_1_113' title='bbox 1028 1588 1209 1616; x_wconf 86' lang='lat' dir='ltr'>suorum</span> <span class='ocrx_word' id='word_1_114' title='bbox 1236 1571 1527 1631; x_wconf 83' lang='lat' dir='ltr'>processisset.</span> <span class='ocrx_word' id='word_1_115' title='bbox 1554 1573 1614 1614; x_wconf 84' lang='lat' dir='ltr'>At</span> <span class='ocrx_word' id='word_1_116' title='bbox 1641 1571 1785 1613; x_wconf 66' lang='lat' dir='ltr'>Caesar</span> 
     </span>
     <span class='ocr_line' id='line_1_18' title="bbox 390 1650 1784 1714; baseline -0.003 -17"><span class='ocrx_word' id='word_1_117' title='bbox 390 1670 532 1714; x_wconf 87' lang='lat' dir='ltr'>neque</span> <span class='ocrx_word' id='word_1_118' title='bbox 574 1653 825 1697; x_wconf 84' lang='lat' dir='ltr'>resistentes</span> <span class='ocrx_word' id='word_1_119' title='bbox 861 1651 1199 1713; x_wconf 81' lang='lat' dir='ltr'>aggrediendos,</span> <span class='ocrx_word' id='word_1_120' title='bbox 1240 1668 1381 1711; x_wconf 87' lang='lat' dir='ltr'>neque</span> <span class='ocrx_word' id='word_1_121' title='bbox 1418 1650 1618 1695; x_wconf 85' lang='lat' dir='ltr'>cedentes</span> <span class='ocrx_word' id='word_1_122' title='bbox 1662 1659 1784 1694; x_wconf 86' lang='lat' dir='ltr'>tanto</span> 
     </span>
     <span class='ocr_line' id='line_1_19' title="bbox 391 1731 1785 1792; baseline -0.003 -14"><span class='ocrx_word' id='word_1_123' title='bbox 391 1733 513 1778; x_wconf 90' lang='lat' dir='ltr'>collis</span> <span class='ocrx_word' id='word_1_124' title='bbox 547 1749 730 1776; x_wconf 88' lang='lat' dir='ltr'>ascensu</span> <span class='ocrx_word' id='word_1_125' title='bbox 766 1731 1040 1775; x_wconf 85' lang='lat' dir='ltr'>lacessendos</span> <span class='ocrx_word' id='word_1_126' title='bbox 1071 1731 1318 1792; x_wconf 67' lang='lat' dir='ltr'>judicabat,</span> <span class='ocrx_word' id='word_1_127' title='bbox 1346 1747 1488 1791; x_wconf 85' lang='lat' dir='ltr'>neque</span> <span class='ocrx_word' id='word_1_128' title='bbox 1522 1747 1610 1773; x_wconf 90' lang='lat' dir='ltr'>non</span> <span class='ocrx_word' id='word_1_129' title='bbox 1647 1747 1785 1791; x_wconf 91' lang='lat' dir='ltr'>usque</span> 
     </span>
     <span class='ocr_line' id='line_1_20' title="bbox 392 1810 1785 1875; baseline -0.004 -17"><span class='ocrx_word' id='word_1_130' title='bbox 392 1832 443 1858; x_wconf 93' lang='lat' dir='ltr'>eo</span> <span class='ocrx_word' id='word_1_131' title='bbox 465 1813 658 1875; x_wconf 78' lang='lat' dir='ltr'>legiones</span> <span class='ocrx_word' id='word_1_132' title='bbox 687 1811 1004 1867; x_wconf 82' lang='lat' dir='ltr'>admovendas,</span> <span class='ocrx_word' id='word_1_133' title='bbox 1029 1821 1076 1854; x_wconf 89' lang='lat' dir='ltr'>ut</span> <span class='ocrx_word' id='word_1_134' title='bbox 1094 1811 1316 1855; x_wconf 86' lang='lat' dir='ltr'>discedere</span> <span class='ocrx_word' id='word_1_135' title='bbox 1340 1827 1393 1854; x_wconf 84' lang='lat' dir='ltr'>ex</span> <span class='ocrx_word' id='word_1_136' title='bbox 1413 1827 1464 1853; x_wconf 93' lang='lat' dir='ltr'>eo</span> <span class='ocrx_word' id='word_1_137' title='bbox 1484 1810 1578 1854; x_wconf 87' lang='lat' dir='ltr'>loco</span> <span class='ocrx_word' id='word_1_138' title='bbox 1598 1811 1689 1854; x_wconf 90' lang='lat' dir='ltr'>sine</span> <span class='ocrx_word' id='word_1_139' title='bbox 1715 1827 1785 1871; x_wconf 89' lang='lat' dir='ltr'>pe-</span> 
     </span>
     <span class='ocr_line' id='line_1_21' title="bbox 392 1891 1782 1951; baseline -0.002 -14"><span class='ocrx_word' id='word_1_140' title='bbox 392 1893 532 1937; x_wconf 85' lang='lat' dir='ltr'>riculo</span> <span class='ocrx_word' id='word_1_141' title='bbox 564 1892 761 1943; x_wconf 79' lang='lat' dir='ltr'>barbari,</span> <span class='ocrx_word' id='word_1_142' title='bbox 797 1891 1009 1935; x_wconf 86' lang='lat' dir='ltr'>militibus</span> <span class='ocrx_word' id='word_1_143' title='bbox 1039 1892 1328 1945; x_wconf 85' lang='lat' dir='ltr'>instantibus,</span> <span class='ocrx_word' id='word_1_144' title='bbox 1357 1908 1445 1934; x_wconf 91' lang='lat' dir='ltr'>non</span> <span class='ocrx_word' id='word_1_145' title='bbox 1474 1900 1663 1951; x_wconf 86' lang='lat' dir='ltr'>possent.</span> <span class='ocrx_word' id='word_1_146' title='bbox 1696 1893 1782 1946; x_wconf 87' lang='lat' dir='ltr'>Ita,</span> 
     </span>
     <span class='ocr_line' id='line_1_22' title="bbox 393 1970 1785 2034; baseline -0.003 -17"><span class='ocrx_word' id='word_1_147' title='bbox 393 1990 529 2034; x_wconf 89' lang='lat' dir='ltr'>quum</span> <span class='ocrx_word' id='word_1_148' title='bbox 551 1971 708 2033; x_wconf 85' lang='lat' dir='ltr'>palude</span> <span class='ocrx_word' id='word_1_149' title='bbox 732 1971 942 2032; x_wconf 86' lang='lat' dir='ltr'>impedita</span> <span class='ocrx_word' id='word_1_150' title='bbox 964 1988 987 2015; x_wconf 81' lang='lat' dir='ltr'>a</span> <span class='ocrx_word' id='word_1_151' title='bbox 1012 1972 1165 2015; x_wconf 86' lang='lat' dir='ltr'>castris</span> <span class='ocrx_word' id='word_1_152' title='bbox 1187 1981 1326 2015; x_wconf 84' lang='lat' dir='ltr'>castra</span> <span class='ocrx_word' id='word_1_153' title='bbox 1348 1970 1665 2025; x_wconf 83' lang='lat' dir='ltr'>dividerentur,</span> <span class='ocrx_word' id='word_1_154' title='bbox 1690 1987 1785 2032; x_wconf 84' lang='lat' dir='ltr'>quae</span> 
     </span>
     <span class='ocr_line' id='line_1_23' title="bbox 393 2049 1784 2111; baseline -0.001 -14"><span class='ocrx_word' id='word_1_155' title='bbox 393 2052 647 2097; x_wconf 83' lang='lat' dir='ltr'>transeundi</span> <span class='ocrx_word' id='word_1_156' title='bbox 667 2051 902 2096; x_wconf 83' lang='lat' dir='ltr'>difficultas</span> <span class='ocrx_word' id='word_1_157' title='bbox 924 2050 1190 2095; x_wconf 80' lang='lat' dir='ltr'>celeritatem</span> <span class='ocrx_word' id='word_1_158' title='bbox 1216 2049 1473 2110; x_wconf 80' lang='lat' dir='ltr'>insequendi</span> <span class='ocrx_word' id='word_1_159' title='bbox 1496 2050 1670 2094; x_wconf 88' lang='lat' dir='ltr'>tardare</span> <span class='ocrx_word' id='word_1_160' title='bbox 1689 2067 1784 2111; x_wconf 90' lang='lat' dir='ltr'>pos-</span> 
     </span>
     <span class='ocr_line' id='line_1_24' title="bbox 394 2130 1784 2193; baseline -0.001 -16"><span class='ocrx_word' id='word_1_161' title='bbox 394 2144 482 2189; x_wconf 88' lang='lat' dir='ltr'>set,</span> <span class='ocrx_word' id='word_1_162' title='bbox 516 2143 646 2193; x_wconf 84' lang='lat' dir='ltr'>atque</span> <span class='ocrx_word' id='word_1_163' title='bbox 674 2132 717 2176; x_wconf 90' lang='lat' dir='ltr'>id</span> <span class='ocrx_word' id='word_1_164' title='bbox 735 2133 892 2193; x_wconf 79' lang='lat' dir='ltr'>jugum</span> <span class='ocrx_word' id='word_1_165' title='bbox 922 2131 1040 2192; x_wconf 90' lang='lat' dir='ltr'>quod</span> <span class='ocrx_word' id='word_1_166' title='bbox 1071 2142 1191 2175; x_wconf 86' lang='lat' dir='ltr'>trans</span> <span class='ocrx_word' id='word_1_167' title='bbox 1217 2130 1422 2191; x_wconf 84' lang='lat' dir='ltr'>paludem</span> <span class='ocrx_word' id='word_1_168' title='bbox 1455 2148 1577 2190; x_wconf 84' lang='lat' dir='ltr'>paene</span> <span class='ocrx_word' id='word_1_169' title='bbox 1602 2130 1655 2174; x_wconf 87' lang='lat' dir='ltr'>ad</span> <span class='ocrx_word' id='word_1_170' title='bbox 1683 2131 1784 2175; x_wconf 90' lang='lat' dir='ltr'>hos-</span> 
     </span>
     <span class='ocr_line' id='line_1_25' title="bbox 396 2210 1783 2272; baseline -0.002 -14"><span class='ocrx_word' id='word_1_171' title='bbox 396 2216 503 2258; x_wconf 86' lang='lat' dir='ltr'>tium</span> <span class='ocrx_word' id='word_1_172' title='bbox 539 2221 679 2257; x_wconf 83' lang='lat' dir='ltr'>castra</span> <span class='ocrx_word' id='word_1_173' title='bbox 717 2213 955 2272; x_wconf 82' lang='lat' dir='ltr'>pertineret</span> <span class='ocrx_word' id='word_1_174' title='bbox 994 2212 1203 2255; x_wconf 85' lang='lat' dir='ltr'>mediocri</span> <span class='ocrx_word' id='word_1_175' title='bbox 1237 2210 1351 2254; x_wconf 79' lang='lat' dir='ltr'>valle</span> <span class='ocrx_word' id='word_1_176' title='bbox 1386 2228 1409 2254; x_wconf 86' lang='lat' dir='ltr'>a</span> <span class='ocrx_word' id='word_1_177' title='bbox 1445 2211 1596 2254; x_wconf 86' lang='lat' dir='ltr'>castris</span> <span class='ocrx_word' id='word_1_178' title='bbox 1631 2227 1783 2255; x_wconf 85' lang='lat' dir='ltr'>eorum</span> 
     </span>
     <span class='ocr_line' id='line_1_26' title="bbox 397 2289 1783 2351; baseline -0.002 -13"><span class='ocrx_word' id='word_1_179' title='bbox 397 2294 649 2338; x_wconf 88' lang='lat' dir='ltr'>intercisum</span> <span class='ocrx_word' id='word_1_180' title='bbox 687 2291 1076 2345; x_wconf 85' lang='lat' dir='ltr'>animadverteret,</span> <span class='ocrx_word' id='word_1_181' title='bbox 1113 2291 1321 2351; x_wconf 90' lang='lat' dir='ltr'>pontibus</span> <span class='ocrx_word' id='word_1_182' title='bbox 1354 2289 1511 2351; x_wconf 84' lang='lat' dir='ltr'>palude</span> <span class='ocrx_word' id='word_1_183' title='bbox 1541 2300 1783 2346; x_wconf 84' lang='lat' dir='ltr'>constrata,</span> 
     </span>
     <span class='ocr_line' id='line_1_27' title="bbox 397 2370 1781 2434; baseline -0.003 -17"><span class='ocrx_word' id='word_1_184' title='bbox 397 2374 589 2434; x_wconf 83' lang='lat' dir='ltr'>legiones</span> <span class='ocrx_word' id='word_1_185' title='bbox 630 2371 840 2427; x_wconf 86' lang='lat' dir='ltr'>traducit,</span> <span class='ocrx_word' id='word_1_186' title='bbox 887 2370 1172 2431; x_wconf 85' lang='lat' dir='ltr'>celeriterque</span> <span class='ocrx_word' id='word_1_187' title='bbox 1215 2372 1257 2413; x_wconf 89' lang='lat' dir='ltr'>in</span> <span class='ocrx_word' id='word_1_188' title='bbox 1299 2387 1516 2413; x_wconf 86' lang='lat' dir='ltr'>summam</span> <span class='ocrx_word' id='word_1_189' title='bbox 1554 2370 1781 2431; x_wconf 87' lang='lat' dir='ltr'>planitiem</span> 
     </span>
     <span class='ocr_line' id='line_1_28' title="bbox 393 2450 1781 2514; baseline -0.001 -18"><span class='ocrx_word' id='word_1_190' title='bbox 393 2454 487 2514; x_wconf 82' lang='lat' dir='ltr'>jugi</span> <span class='ocrx_word' id='word_1_191' title='bbox 522 2452 740 2512; x_wconf 86' lang='lat' dir='ltr'>pervenit,</span> <span class='ocrx_word' id='word_1_192' title='bbox 776 2467 870 2511; x_wconf 81' lang='lat' dir='ltr'>quae</span> <span class='ocrx_word' id='word_1_193' title='bbox 901 2450 1058 2494; x_wconf 84' lang='lat' dir='ltr'>declivi</span> <span class='ocrx_word' id='word_1_194' title='bbox 1093 2451 1264 2511; x_wconf 84' lang='lat' dir='ltr'>fastigio</span> <span class='ocrx_word' id='word_1_195' title='bbox 1294 2450 1466 2494; x_wconf 90' lang='lat' dir='ltr'>duobus</span> <span class='ocrx_word' id='word_1_196' title='bbox 1492 2452 1546 2493; x_wconf 85' lang='lat' dir='ltr'>ab</span> <span class='ocrx_word' id='word_1_197' title='bbox 1575 2450 1781 2494; x_wconf 84' lang='lat' dir='ltr'>lateribus</span> 
     </span>
     <span class='ocr_line' id='line_1_29' title="bbox 397 2528 1781 2591; baseline -0.001 -16"><span class='ocrx_word' id='word_1_198' title='bbox 397 2532 691 2576; x_wconf 83' lang='lat' dir='ltr'>muniebatur.</span> <span class='ocrx_word' id='word_1_199' title='bbox 713 2531 779 2574; x_wconf 91' lang='lat' dir='ltr'>Ibi</span> <span class='ocrx_word' id='word_1_200' title='bbox 800 2528 1045 2591; x_wconf 82' lang='lat' dir='ltr'>legionibus</span> <span class='ocrx_word' id='word_1_201' title='bbox 1068 2531 1312 2586; x_wconf 81' lang='lat' dir='ltr'>instructis,</span> <span class='ocrx_word' id='word_1_202' title='bbox 1335 2530 1389 2574; x_wconf 87' lang='lat' dir='ltr'>ad</span> <span class='ocrx_word' id='word_1_203' title='bbox 1406 2529 1607 2574; x_wconf 88' lang='lat' dir='ltr'>ultimum</span> <span class='ocrx_word' id='word_1_204' title='bbox 1623 2531 1781 2591; x_wconf 80' lang='lat' dir='ltr'>jugum</span> 
     </span>
     <span class='ocr_line' id='line_1_30' title="bbox 398 2609 1783 2672; baseline 0 -17"><span class='ocrx_word' id='word_1_205' title='bbox 398 2612 615 2672; x_wconf 86' lang='lat' dir='ltr'>pervenit,</span> <span class='ocrx_word' id='word_1_206' title='bbox 654 2611 878 2670; x_wconf 84' lang='lat' dir='ltr'>aciemque</span> <span class='ocrx_word' id='word_1_207' title='bbox 917 2627 968 2653; x_wconf 91' lang='lat' dir='ltr'>eo</span> <span class='ocrx_word' id='word_1_208' title='bbox 1007 2609 1103 2654; x_wconf 89' lang='lat' dir='ltr'>loco</span> <span class='ocrx_word' id='word_1_209' title='bbox 1143 2611 1372 2654; x_wconf 88' lang='lat' dir='ltr'>constituit</span> <span class='ocrx_word' id='word_1_210' title='bbox 1412 2609 1527 2653; x_wconf 81' lang='lat' dir='ltr'>uncle</span> <span class='ocrx_word' id='word_1_211' title='bbox 1564 2618 1783 2655; x_wconf 86' lang='lat' dir='ltr'>tormento</span> 
     </span>
    </p>
   </div>
   <div class='ocr_carea' id='block_1_3' title="bbox 400 2690 1511 2751">
    <p class='ocr_par' dir='ltr' id='par_1_4' title="bbox 400 2690 1511 2751">
     <span class='ocr_line' id='line_1_31' title="bbox 400 2690 1511 2751; baseline -0.001 -19"><span class='ocrx_word' id='word_1_212' title='bbox 400 2693 528 2734; x_wconf 82' lang='lat' dir='ltr'>missa</span> <span class='ocrx_word' id='word_1_213' title='bbox 558 2690 642 2734; x_wconf 86' lang='lat' dir='ltr'>tela</span> <span class='ocrx_word' id='word_1_214' title='bbox 665 2692 708 2733; x_wconf 90' lang='lat' dir='ltr'>in</span> <span class='ocrx_word' id='word_1_215' title='bbox 738 2691 928 2733; x_wconf 89' lang='lat' dir='ltr'>hostium</span> <span class='ocrx_word' id='word_1_216' title='bbox 953 2707 1113 2733; x_wconf 85' lang='lat' dir='ltr'>cuneos</span> <span class='ocrx_word' id='word_1_217' title='bbox 1137 2691 1294 2751; x_wconf 83' lang='lat' dir='ltr'>conjici</span> <span class='ocrx_word' id='word_1_218' title='bbox 1325 2698 1511 2749; x_wconf 86' lang='lat' dir='ltr'>possent.</span> 
     </span>
    </p>
   </div>
  </div>
 </body>
</html>
