1972 3356
489 271 554 305 DE
583 270 740 305 BELLO
772 271 987 307 GALLICO
1019 271 1110 305 LIB.
1133 271 1236 305 VIII.
1490 268 1561 312 243

163 355 454 415 renti-eliqui,
491 357 636 399 Caesar
667 372 781 399 unus
814 355 1003 412 videret,
1029 373 1051 399 e
1087 355 1389 417 regioneyejus
1417 358 1564 398 ‘vineas

163 454 291 499 agere
336 436 548 480 adversus
592 447 812 490 montem,
852 446 893 479 ct
937 452 1116 498 aggeres
1158 437 1378 480 instruere
1413 435 1564 496 coepit,

164 535 325 579 magno
361 533 461 560 cum
492 515 641 560 labore
681 526 723 559 et
759 517 972 560 continua
1005 516 1300 560 dimicatione.
1339 515 1560 576 Oppidani

165 600 300 653 enim,
328 597 424 641 loco
450 597 677 657 superiore
705 596 1014 654 decurrentes,
1050 598 1222 640 eminus
1249 597 1341 640 sine
1368 594 1560 657 periculo

168 678 485 741 proeliabantur
501 712 511 733 ,
530 676 782 737 multosque
803 678 1091 738 pertinaciter
1109 676 1394 721 succedentes
1419 675 1569 720 vulne-

166 760 340 814 rabant,
360 768 409 801 ut
432 767 580 801 tamen
604 774 693 800 non
720 757 1049 802 deterrerentur
1069 756 1231 801 milites
1253 757 1394 800 nostri
1422 757 1567 800 vineas

166 839 380 902 proferre,
414 849 546 899 atque
569 839 786 899 -operibus
826 838 1025 883 locorum
1058 841 1233 883 vincere
1270 835 1564 882 difficultates.

165 920 330 965 Eodem
359 930 558 981 tempore
588 929 725 963 tectos
751 919 980 964 cuniculos
1007 921 1060 964 ab
1085 920 1224 963 vineis
1255 930 1391 981 agunt
1420 919 1475 963 ad
1499 936 1566 963 ca-

166 1011 243 1063 put
271 1001 425 1057 fontis,
452 1000 570 1062 quod
596 1018 733 1062 genus
761 1003 905 1062 operis
932 1003 1024 1046 sine
1057 1000 1148 1045 ullo
1180 999 1378 1062 periculo
1405 1011 1448 1044 et
1476 1002 1568 1044 sine

167 1083 418 1143 suspicione
450 1083 645 1126 hostium
674 1082 817 1126 facere
853 1082 1024 1126 licebat.
1060 1083 1315 1126 Exstruitur
1352 1097 1485 1143 agger
1523 1082 1566 1123 in

166 1163 445 1207 altitudinem
473 1163 635 1224 pedum
667 1180 733 1216 lx,
766 1162 1010 1207 collocatur
1037 1164 1081 1206 in
1112 1179 1162 1207 eo
1188 1163 1322 1206 turris
1348 1180 1377 1206 X
1403 1160 1568 1206 tabula-

169 1254 338 1300 torum,
369 1261 458 1287 non
490 1243 669 1304 quidem
698 1261 794 1304 quae
823 1244 1039 1287 moenibus
1075 1254 1323 1304 aequaretur
1347 1242 1420 1303 (id
1449 1243 1566 1285 enim

169 1324 302 1368 nullis
325 1325 531 1385 operibus
563 1324 677 1368 effici
704 1325 929 1385 poterat),
955 1324 1030 1368 sed
1057 1341 1153 1385 quae
1181 1333 1407 1385 superaret
1433 1323 1565 1366 fontis

166 1405 407 1467 fastigium.
433 1407 497 1449 Ex
524 1421 571 1448 ea
597 1422 733 1464 quum
757 1404 839 1448 tela
862 1405 1094 1450 tormentis
1113 1406 1368 1465 jacerentur
1391 1403 1446 1447 ad
1468 1403 1566 1446 fon-

166 1486 221 1529 tis
251 1485 415 1537 aditus,
439 1502 519 1528 nec
550 1486 642 1529 sine
666 1484 864 1546 periculo
889 1495 1069 1546 possent
1093 1484 1303 1545 adaquari
1331 1483 1567 1544 oppidani,

164 1583 253 1610 non
278 1575 451 1609 tantum
476 1582 634 1626 pecora
655 1576 787 1626 atque
804 1567 1030 1627 jumenta,
1055 1565 1128 1609 sed
1149 1566 1281 1609 etiam
1307 1581 1467 1626 magna
1489 1565 1568 1608 ho-

165 1649 334 1692 minum
359 1646 599 1690 multitudo
624 1647 694 1690 siti
720 1647 1075 1691 consumebatur.

228 1730 368 1773 XLII.
394 1729 498 1786 Quo
522 1726 638 1770 malo
664 1729 886 1788 perterriti
911 1727 1122 1789 oppidani
1146 1744 1282 1789 cupas
1301 1744 1425 1782 sevo,
1450 1728 1565 1788 pice,

165 1807 376 1853 scindulis
405 1807 658 1869 complent3
702 1825 774 1852 eas
805 1809 1008 1852 ardentes
1036 1809 1083 1851 in
1111 1825 1247 1869 opera
1283 1807 1563 1869 provolvunt.

166 1890 331 1935 Eodem
353 1899 552 1950 tempore
576 1890 788 1933 acerrime
806 1888 1088 1950 proeliantur,
1114 1899 1160 1933 ut
1180 1889 1234 1933 ab
1255 1889 1457 1933 incendio
1479 1906 1566 1933 res-

166 1969 410 2032 tinguendo
436 1969 720 2013 dimicatione
751 1980 793 2013 et
816 1968 1014 2031 periculo
1043 1969 1294 2014 deterreant
1323 1972 1562 2013 Romanos.

170 2054 335 2113 Magna
365 2061 546 2112 repente
573 2052 618 2094 in
648 2052 752 2112 ipsis
784 2051 993 2112 operibus
1024 2051 1203 2095 flamma
1227 2051 1407 2095 exstitit.
1430 2053 1564 2109 Quae-

166 2149 339 2193 cunque
373 2133 491 2176 enim
527 2149 607 2193 per
640 2131 785 2176 locum
823 2133 1095 2194 praecipitem
1132 2132 1266 2177 missa
1305 2142 1452 2188 erant,
1492 2149 1564 2186 ea,

168 2213 305 2257 vineis
329 2223 371 2257 et
398 2230 556 2274 aggere
583 2230 841 2274 suppressa,
866 2213 1307 2275 comprehendebant
1342 2213 1386 2256 id
1418 2214 1561 2274 ipsum

166 2294 284 2355 quod
305 2294 574 2338 morabatur.
601 2293 766 2339 Milites
791 2304 945 2339 contra
968 2296 1135 2351 nostri,
1162 2311 1419 2356 quanquam
1445 2295 1562 2355 peri·

166 2375 317 2419 culoso
333 2393 492 2437 genere
511 2375 651 2436 proelii
674 2375 857 2437 locoque
882 2376 1036 2438 iniquo
1056 2377 1391 2437 premebantur,
1414 2386 1560 2419 tamen

165 2459 315 2501 omnia
348 2458 626 2519 paratissimo
658 2458 932 2502 sustinebant
965 2459 1113 2502 animo
1143 2476 1151 2501 ε
1186 2475 1254 2501 res
1286 2458 1404 2502 enim
1437 2473 1562 2518 gere-

165 2539 294 2582 batur
324 2548 367 2582 et
392 2537 561 2582 excelso
593 2537 707 2594 loco,
738 2549 779 2582 et
809 2540 853 2582 in
881 2550 1119 2600 conspectu
1149 2540 1369 2582 exercitus
1394 2540 1561 2595 nostri,

167 2637 440 2681 magnusque
470 2622 680 2680 utrinque
712 2620 878 2665 clamor
910 2621 1156 2677 oriebatur3
1193 2621 1250 2664 ita
1284 2637 1415 2681 quam
1445 2622 1562 2681 qnis-

167 2719 250 2761 qne
285 2712 458 2763 poterat
494 2703 682 2745 maxime
727 2703 933 2763 insignis,
970 2720 1059 2763 quo
1097 2703 1244 2746 notior
1280 2703 1564 2761 testatiorque

1345 2768 1410 2813 16.
