1972 3356
635 229 701 264 DE
734 229 898 265 BELLO
929 229 1085 264 CIVILI
1115 230 1208 265 LIB.
1235 230 1284 265 Π.
1613 226 1661 264 G'}

263 313 321 355 ris
347 311 596 373 complura,
620 324 668 357 ut
689 314 743 357 ab
767 314 1019 358 hominibus
1042 314 1210 371 doctis,
1239 331 1398 376 magna
1423 331 1522 360 cum
1539 316 1661 361 mise-

262 394 452 438 ricordia
477 394 671 456 fletuque
699 396 1060 455 pronuntiantur.

325 477 448 520 XIII.
482 476 656 533 Quibus
683 476 812 520 rebus
839 477 1069 533 commoti,
1098 476 1227 538 legati
1253 477 1413 523 milites
1446 496 1498 523 ex
1525 495 1661 540 opere

262 556 512 614 deducunt,
545 558 880 618 oppugnatione
919 556 1157 613 desistunt,
1198 559 1405 619 operibus
1440 560 1661 605 custodias

262 636 531 699 relinquunt.
583 636 869 681 Induciarum
920 637 1115 697 quodam
1164 655 1322 699 genere
1362 641 1663 685 misericordia

262 717 400 774 facto,
427 717 642 763 adventus
670 719 854 763 Caesaris
884 728 1166 779 exspectatur
1192 736 1201 762 :
1234 718 1405 763 nullum
1432 737 1482 764 ex
1510 738 1661 779 muro,

262 798 432 844 nul'lum
461 816 486 843 a
512 800 673 843 nostris
698 799 889 843 mittitur
915 798 1053 843 telum
1078 817 1087 843 ε
1116 810 1163 844 ut
1191 817 1239 844 re
1264 801 1484 858 confecta,
1510 819 1664 846 omnes

261 897 412 925 curam
435 890 478 924 et
505 879 778 942 diligentiam
805 881 1054 925 remittunt.
1080 883 1227 926 Caesar
1251 884 1369 927 enim
1397 900 1474 945 per
1496 882 1663 928 litteras

261 962 484 1007 Trebonio
509 979 776 1025 magnopere
805 962 1114 1021 mandaverat,
1149 981 1203 1008 ne
1232 981 1311 1026 per
1338 965 1425 1008 vim
1448 964 1662 1027 oppidum

260 1044 503 1106 expugnari
533 1054 779 1105 pateretur,
798 1061 853 1088 ne
875 1046 1052 1107 gravius
1075 1046 1265 1107 permoti
1296 1046 1483 1102 milites,
1512 1057 1554 1091 et
1588 1046 1665 1091 de-

261 1125 463 1170 fectionis
497 1125 622 1182 odio,
653 1136 695 1170 et
721 1127 1049 1187 contemptione
1078 1128 1166 1183 sui,
1199 1137 1241 1171 et
1274 1127 1449 1173 diutino
1491 1127 1664 1182 labore,

261 1224 414 1253 omnes
441 1207 627 1269 puberes
653 1208 978 1253 interficerent:
1003 1208 1122 1270 quod
1150 1226 1193 1253 se
1218 1209 1411 1254 facturos
1428 1210 1663 1255 minaban-

263 1299 360 1345 tur3
393 1306 594 1350 aegreque
628 1299 734 1334 tunc
762 1301 866 1334 sunt
893 1292 1079 1347 retenti,
1120 1292 1226 1351 quin
1255 1292 1472 1353 oppidum
1500 1293 1664 1336 irrum-

263 1381 444 1432 perent,
477 1372 755 1432 graviterque
791 1389 887 1416 eam
927 1389 1018 1415 rem
1057 1372 1285 1427 tulerunt,
1330 1373 1450 1434 quod
1495 1374 1666 1418 stetisse

262 1467 339 1511 per
376 1452 670 1509 Trebonium,
708 1469 797 1513 quo
838 1454 984 1497 minus
1026 1453 1193 1514 oppido
1236 1455 1515 1515 potirentur,
1545 1454 1667 1498 vide-

260 1532 405 1576 batur.

325 1616 448 1658 XIV.
487 1616 545 1659 At
577 1615 723 1659 hostes
763 1615 857 1659 sine
885 1615 972 1660 fide
1003 1626 1177 1679 tempus
1215 1625 1347 1678 atque
1386 1618 1667 1661 occasionem

261 1695 427 1740 fraudis
464 1712 516 1740 ac
550 1695 641 1741 doli
667 1707 893 1758 quaerunt,
923 1698 1252 1760 interjectisque
1287 1697 1458 1760 aliquot
1492 1698 1666 1755 diebus,

263 1777 423 1821 nostris
455 1775 768 1838 languentibus
806 1788 938 1838 atque
964 1779 1113 1822 animo
1140 1780 1358 1834 remissis,
1383 1781 1551 1838 subito,
1576 1797 1667 1824 me·

262 1857 435 1902 ridiano
464 1867 680 1920 tempore,
713 1876 852 1920 quum
877 1858 989 1903 alius
1012 1859 1301 1917 discessisset,
1336 1860 1447 1905 alius
1481 1878 1534 1905 ex
1566 1861 1665 1906 diu-

265 1939 358 1983 tino
391 1938 541 1983 labore
570 1940 614 1983 in
653 1941 758 2005 ipsis
797 1941 1005 2002 operibus
1043 1943 1180 2002 quieti
1213 1958 1256 1986 se
1297 1941 1504 2000 (ledisset,
1547 1959 1669 1987 arma

264 2037 368 2065 vero
393 2023 542 2066 omnia
566 2023 758 2084 reposita
783 2033 1077 2084 contectaque
1115 2034 1280 2081 essent,
1314 2026 1452 2085 portis
1483 2042 1526 2069 se
1552 2025 1669 2069 foras

265 2113 531 2165 erumpunt,
556 2103 752 2149 secundo
776 2121 1028 2166 magnoque
1051 2115 1184 2149 vento
1204 2106 1350 2167 ignem
1376 2106 1584 2168 operibus
1604 2108 1670 2150 in-

264 2184 423 2229 ferunt.
455 2188 584 2229 Hunc
602 2186 664 2230 sic
678 2185 850 2231 distulit
876 2197 1053 2243 ventuS,
1079 2188 1143 2231 uti
1170 2204 1259 2231 uno
1283 2197 1483 2249 tempore
1511 2204 1669 2250 agger,

265 2265 430 2327 plutei,
457 2267 652 2324 testudo,
674 2269 830 2324 turris,
859 2278 1078 2313 tormenta
1106 2268 1331 2313 flammam
1359 2270 1669 2331 conciperent,

264 2358 308 2392 et
332 2349 455 2411 prius
482 2349 575 2393 haec
599 2350 749 2394 omnia
774 2360 1169 2408 consumerentur,
1197 2367 1355 2412 quam,
1383 2351 1672 2413 quemadmo-

266 2430 372 2475 dum
408 2431 655 2488 aceidisset,
690 2431 982 2477 animadverti
1009 2442 1169 2494 posset.
1217 2433 1393 2489 Nostri,
1438 2433 1671 2494 repentina

265 2511 445 2557 fortuna
471 2514 682 2574 permoti,
707 2530 850 2572 arma,
877 2531 975 2576 quae
1001 2524 1210 2576 possunt,
1236 2515 1456 2576 arripiunt
1483 2532 1492 2558 :
1523 2513 1595 2558 alii
1617 2531 1670 2559 ex

267 2595 420 2638 castris
457 2611 549 2639 sese
591 2596 778 2640 incitant
808 2613 817 2640 :
851 2595 897 2640 fit
935 2597 979 2640 in
1011 2597 1157 2642 hostes
1189 2598 1401 2658 impetus;
1441 2595 1515 2640 sed
1542 2613 1670 2641 muro

269 2677 436 2737 sagittis
467 2677 804 2738 tormentisque,
839 2677 1057 2741 fugientes
1096 2679 1322 2741 persequi,
1362 2678 1667 2740 prohihentur.
