1972 3356
362 277 436 300 222
572 262 612 296 C.
645 259 775 296 JULII
804 257 1021 294 CAESARIS
1052 255 1551 292 COMMENTARIORUM

361 349 490 392 titum
526 353 681 388 contra
711 344 950 397 Carnutes,
981 356 1093 401 quos
1126 337 1328 383 intulisse
1353 336 1517 382 bellum
1550 337 1632 381 sibi
1661 353 1763 398 que-

361 427 585 470 rebantur.
613 425 716 482 Qua
744 439 792 466 re
820 421 1018 483 cognita,
1048 436 1188 481 quum
1220 435 1310 463 non
1338 416 1528 478 amplius
1552 435 1580 460 x
1611 427 1655 461 et
1679 433 1762 462 v111

361 507 452 551 dies
475 507 518 550 in
542 504 739 550 hibernis
762 512 873 548 esset
896 511 1220 555 commoratus,
1248 499 1445 561 legiones
1467 514 1546 542 x1v
1573 508 1618 542 et
1644 515 1687 542 v1
1712 516 1764 543 ex

361 588 558 632 hibernis
586 587 640 630 ab
665 588 803 630 Arare
834 583 1003 640 educit,
1030 599 1139 644 quas
1168 581 1229 626 ibi
1254 579 1514 635 collocatas,
1540 578 1764 641 explican-

362 669 426 713 dae
457 669 522 712 rei
552 666 854 711 frumentariae
890 681 1041 721 causa,
1073 664 1303 725 superiore
1338 662 1659 707 commentario
1691 660 1767 704 de-

361 758 659 794 monstratum
693 757 770 792 est.
808 749 875 790 Ita
912 747 1014 789 cum
1044 745 1216 788 duabus
1247 743 1496 806 legionibus
1532 741 1588 786 ad
1621 758 1768 803 perse·

362 830 562 892 quendos
589 831 807 874 Carnutes
834 827 1144 889 proficiscitur.

426 915 481 958 V.
524 913 677 970 Quum
724 910 842 954 fama
881 908 1099 952 exercitus
1139 906 1194 951 ad
1238 907 1387 951 hostes
1429 915 1541 951 esset
1579 903 1768 966 perlata,

362 993 611 1039 calamitate
640 1001 891 1035 ceterorum
919 988 1038 1032 ducti
1065 990 1312 1044 Carnutes,
1341 987 1524 1031 desertis
1556 987 1663 1031 vicis
1689 1002 1770 1047 op·

361 1074 562 1136 pidisque
598 1068 975 1132 quae,tolerandae
1014 1068 1172 1112 hiemis
1214 1084 1366 1122 causa,
1406 1067 1660 1112 constitutis
1702 1083 1768 1110 re-

363 1165 495 1217 pente
524 1152 694 1214 exiguis
718 1151 774 1195 ad
802 1150 1108 1194 necessitatem
1133 1148 1351 1205 aedificiis,
1379 1147 1632 1192 incolebant
1663 1147 1770 1208 (nu-

363 1253 442 1298 per
467 1235 583 1279 enim
616 1233 775 1277 devicti
806 1229 1038 1292 complura
1063 1229 1226 1291 oppida
1253 1228 1558 1289 dimiserant),
1581 1227 1769 1290 dispersi

364 1316 640 1378 profugiunt.
663 1316 833 1369 Caesar,
855 1321 1139 1373 erumpentes
1158 1327 1210 1355 eo
1230 1311 1422 1354 maxime
1441 1319 1642 1371 tempore
1660 1325 1774 1353 acer-

363 1399 497 1441 rimas
524 1404 807 1457 tempestates
832 1410 972 1455 quum
1000 1392 1148 1437 subire
1169 1390 1331 1436 milites
1356 1389 1512 1447 nollet,
1537 1392 1583 1434 in
1607 1389 1774 1452 oppido

365 1480 617 1523 Carnutum
647 1476 834 1521 Genabo
866 1485 1009 1519 castra
1044 1474 1192 1535 ponit,
1222 1483 1355 1534 atque
1389 1474 1434 1516 in
1464 1481 1578 1516 tecta
1610 1471 1771 1533 partim

364 1557 623 1614 Gallorum,
662 1558 825 1618 partim
868 1572 986 1617 quae,
1022 1555 1233 1616 conjectis
1276 1553 1478 1598 celeriter
1517 1553 1771 1598 stramentis

366 1640 664 1684 tentoriorum
685 1636 1027 1699 integendorum
1053 1636 1212 1698 gratia,
1234 1644 1363 1679 erant
1386 1633 1667 1690 inaedificata,
1692 1634 1773 1678 mi-

365 1721 463 1766 lites
498 1721 712 1783 contegit.
748 1719 932 1780 Equites
972 1729 1120 1762 tamen
1158 1728 1203 1761 et
1238 1715 1492 1762 auxiliarios
1525 1715 1693 1777 pedites
1729 1716 1773 1758 in

367 1819 519 1848 omnes
549 1811 696 1863 partes
724 1801 863 1844 mittit
891 1815 1180 1860 quascunque
1204 1800 1363 1860 petisse
1387 1799 1649 1842 dicebantur
1676 1798 1776 1842 hos·

367 1895 442 1928 tes.
486 1884 579 1928 Nec
612 1882 802 1935 frustra3
839 1897 940 1924 nam
973 1880 1238 1941 plerumque
1274 1896 1433 1942 magna
1466 1879 1614 1941 praeda
1643 1879 1775 1941 potiti

368 1965 510 2009 nostri
544 1972 847 2008 revertuntur.
887 1962 1101 2023 Oppressi
1134 1962 1358 2006 Carnutes
1392 1961 1549 2005 hiemis
1585 1959 1777 2005 difficul-

368 2057 476 2101 tate,
495 2056 666 2090 terrore
686 2042 892 2106 periculi,
916 2060 1056 2105 quum
1076 2044 1202 2087 tectis
1224 2041 1395 2104 expulsi
1416 2041 1540 2086 nullo
1565 2040 1662 2086 loco
1685 2040 1778 2086 diu·

369 2129 458 2172 tius
481 2127 722 2171 consistere
746 2124 981 2180 auderent,
1013 2141 1094 2168 nec
1117 2122 1329 2168 silvarum
1359 2123 1561 2185 praesidio
1586 2133 1777 2185 tempes-

370 2209 534 2257 tatibus
579 2207 830 2252 durissimis
864 2207 952 2268 tegi
992 2216 1189 2267 possent,
1220 2205 1434 2267 dispersi,
1464 2222 1623 2267 magna
1652 2215 1777 2266 parte

370 2291 526 2335 amissa
547 2305 749 2345 suorum,
773 2287 1044 2349 dissipantur
1062 2288 1106 2331 in
1133 2287 1344 2331 finitimas
1368 2287 1583 2331 civitates.

434 2373 512 2417 VI.
539 2373 686 2416 Caesar
711 2380 910 2430 tempore
934 2369 1038 2413 anni
1062 2367 1325 2412 difficillimo
1350 2385 1488 2428 quum
1516 2369 1620 2412 satis
1643 2366 1777 2411 habe-

372 2462 441 2497 ret
471 2452 787 2496 convenientes
818 2466 976 2494 manus
996 2449 1230 2511 dissipare,
1252 2466 1307 2493 ne
1330 2448 1449 2510 quod
1472 2449 1648 2492 initium
1673 2445 1777 2492 belli

373 2542 650 2587 nasceretur,
686 2541 994 2593 quantumque
1034 2532 1078 2574 in
1119 2532 1292 2574 ratione
1329 2540 1462 2586 esset,
1498 2529 1775 2590 exploratum

374 2615 554 2658 haberet
573 2614 661 2668 'sub
694 2624 866 2674 tempus
893 2613 1147 2656 aestivorum
1170 2611 1343 2656 nullum
1364 2627 1587 2655 summum
1610 2608 1777 2655 bellum

376 2712 503 2756 posse
538 2695 740 2745 conflari,
779 2697 828 2740 C.
860 2695 1153 2749 Trebonium,
1183 2711 1285 2738 cum
1320 2709 1353 2737 11
1392 2691 1639 2754 legionibus
1671 2709 1778 2754 quas
