1972 3356
265 279 309 312 72
470 268 508 302 C.
540 268 669 303 JULII
699 268 914 303 CAESARIS
946 267 1439 303 COMMENTARIORUM

264 352 390 395 taniae
412 349 593 394 salutem
617 351 804 411 positam
829 360 1057 411 putarent3
1079 351 1217 394 nostri
1240 359 1408 405 autem,
1427 347 1533 409 quid
1555 349 1640 391 sinc

264 434 525 493 imperatore
540 440 585 474 et
595 430 687 474 sine
702 429 882 491 reliquis
901 430 1166 492 legionibus,
1182 428 1508 474 adolescentulo
1521 429 1645 483 duce,

266 510 432 555 efficere
458 511 861 572 possent7perspici
890 520 1104 572 cuperent
1127 528 1136 553 :
1167 520 1312 554 tamen
1341 509 1527 554 confecti
1554 509 1647 553 vul-

263 590 437 635 neribus
471 590 618 635 hostes
652 601 775 653 terga
809 602 993 635 vertere.
1029 593 1234 649 Quorum
1269 607 1430 652 magno
1464 606 1652 634 numero

260 669 514 729 interfecto,
551 673 733 717 Crassus
760 689 813 716 ex
841 673 998 717 itinere
1026 671 1242 733 oppidum
1265 672 1483 716 Sotiatum
1508 687 1648 732 oppu-

261 767 395 812 gnare
419 752 563 813 coepit.
583 752 757 809 Quibus
782 752 952 797 fortiter
973 752 1296 809 resistentibus,
1316 753 1465 796 vineas
1491 762 1650 796 turres-

260 849 345 893 que
371 831 473 893 egit.
501 830 593 887 Illi,
621 831 726 877 alias
751 834 982 894 eruptione
1013 842 1200 887 tentata,
1228 832 1334 877 alias
1358 832 1573 877 cuniculis
1595 832 1649 876 ad

258 927 463 972 aggerem
482 912 719 974 vineasque
739 914 848 957 actis
868 913 1016 974 (cujus
1041 913 1104 957 rei
1127 923 1229 957 sunt
1248 912 1378 974 longe
1398 914 1647 974 peritissimi

262 993 499 1053 Aquitani,
523 1003 757 1054 propterea
783 994 903 1054 quod
932 992 1082 1037 multis
1112 993 1218 1037 locis
1248 993 1366 1054 apud
1389 1011 1462 1038 cos
1490 994 1649 1037 aerarizc

260 1081 441 1117 secturae
471 1073 623 1134 sunt),
655 1074 730 1117 ubi
762 1073 991 1136 diligentia
1019 1084 1273 1118 nostrorum
1300 1073 1406 1117 nihil
1434 1074 1501 1118 his
1522 1074 1650 1118 rebus

262 1154 413 1214 profici
437 1171 563 1215 posse
586 1152 918 1211 intellexerunt,
944 1154 1109 1216 legatos
1134 1155 1187 1198 ad
1213 1157 1421 1199 Crassum
1448 1155 1650 1207 mittunt,

259 1251 390 1295 seque
406 1236 449 1278 in
465 1235 734 1279 deditionem
752 1246 802 1279 ut
815 1237 1020 1297 recipiat,
1036 1244 1205 1296 petunt.
1223 1236 1325 1294 Qua
1343 1252 1388 1279 re
1404 1236 1650 1296 impetrata,

261 1332 382 1360 arma
395 1315 568 1360 tradere
585 1316 715 1377 jussi,
740 1316 920 1360 faciunt.

323 1397 466 1440 XXII.
511 1398 658 1457 Atque
696 1398 739 1440 in
779 1414 829 1441 ea
862 1415 909 1441 re
948 1398 1147 1441 omnium
1183 1408 1435 1441 nostrorum
1474 1399 1652 1442 intentis

259 1476 437 1533 animis,
473 1475 558 1520 alia
593 1493 645 1521 ex
680 1488 805 1538 parte
833 1478 984 1539 oppidi
1019 1478 1395 1534 Adcantuannus,
1426 1479 1500 1539 qui
1535 1495 1651 1523 sum-

264 1575 380 1603 mam
412 1559 584 1619 imperii
614 1560 813 1615 tenebat⁷
836 1577 937 1603 cum
962 1576 1019 1605 Dc
1049 1560 1238 1615 devotis,
1269 1577 1378 1621 quos
1410 1560 1469 1604 illi
1496 1559 1652 1605 Soldu-

259 1639 347 1682 rios
380 1638 605 1700 appellant
632 1640 850 1701 (quorum
888 1641 977 1685 hzrc
1014 1650 1074 1685 cst
1105 1641 1326 1695 conditio,
1357 1643 1421 1685 uti
1449 1642 1653 1686 omnibus

266 1722 308 1763 in
325 1720 412 1763 vita
436 1720 679 1764 commodis
700 1738 786 1764 una
808 1738 908 1765 cum
932 1722 998 1766 his
1019 1722 1248 1778 fruantur,
1276 1738 1465 1783 quorum
1486 1739 1530 1765 se
1553 1723 1655 1765 ami-

264 1800 372 1844 citiae
399 1799 667 1855 dediderint3
701 1802 735 1845 si
769 1801 875 1862 quid
906 1803 956 1845 iis
989 1818 1065 1862 per
1091 1802 1180 1845 vim
1211 1801 1398 1857 accidat,
1423 1812 1499 1846 aut
1533 1819 1653 1846 eum·

260 1880 358 1925 dem
401 1897 549 1925 casum
587 1898 674 1925 una
709 1881 871 1937 ferant,
907 1891 979 1925 aut
1012 1882 1093 1926 sibi
1134 1892 1319 1927 mortem
1348 1883 1617 1927 consciscant
1645 1900 1652 1925 τ

265 1977 402 2022 neque
425 1961 569 2006 adhuc
596 1962 827 2005 hominum
855 1962 1066 2006 memoria
1091 1972 1291 2024 repertus
1315 1974 1375 2007 est
1402 1964 1653 2024 quisquam,

262 2044 336 2101 qui
348 2059 421 2095 ‚eo
440 2042 672 2088 interfecto
687 2043 755 2104 cuj
764 2060 812 2087 us
828 2060 871 2087 se
889 2044 1090 2088 amicitiae
1107 2044 1374 2100 devovisset,
1392 2054 1580 2088 mortem
1596 2061 1656 2089 re-

264 2124 477 2186 cusaret),
515 2141 616 2168 cum
647 2125 697 2168 iis
726 2124 1076 2169 Adcantuannus
1107 2126 1384 2186 eruptionem
1418 2125 1559 2170 facere
1582 2142 1655 2169 co-

262 2213 409 2259 natus,
428 2203 621 2249 clamore
644 2205 698 2249 ab
722 2221 772 2249 ea
795 2215 919 2266 parte
940 2206 1199 2249 munitionis
1224 2205 1415 2263 sublato,
1440 2223 1576 2267 quum
1600 2206 1655 2250 ad

262 2299 382 2328 arma
412 2284 571 2330 milites
603 2286 952 2340 concurrissent,
986 2287 1354 2347 vehementerque
1389 2287 1448 2331 ibi
1485 2303 1651 2348 pugna-

265 2374 355 2408 tum
380 2376 511 2422 esset,
536 2365 739 2427 repulsus
763 2367 809 2410 in
829 2367 1067 2427 oppidum,
1095 2377 1242 2410 tamen
1270 2368 1334 2411 uti
1363 2368 1513 2411 eadem
1537 2367 1655 2411 dedi-

263 2446 394 2489 tionis
417 2447 670 2491 conditione
695 2457 921 2502 uteretur,
946 2464 969 2491 a
991 2450 1148 2492 Crasso
1174 2448 1438 2508 impetravit.

326 2527 493 2570 XXIII.
526 2529 670 2572 Armis
694 2528 1007 2589 obsidibusque
1034 2530 1244 2589 acceptiS,
1271 2530 1452 2572 Crassus
1479 2529 1520 2570 in
1548 2528 1654 2573 fines

267 2607 495 2650 Vocatium
526 2617 570 2650 ct
600 2610 881 2653 Tarusatium
920 2609 1141 2669 profectus
1175 2619 1251 2653 cst.
1284 2611 1396 2653 Tum
1419 2625 1522 2651 vcro
1555 2609 1653 2653 bar-

267 2685 357 2728 bari
391 2690 620 2744 commoti,
655 2690 772 2750 quod
799 2690 1036 2751 oppidum,
1068 2700 1106 2733 ct
1143 2700 1296 2734 natura
1329 2688 1411 2734 loci
1442 2701 1480 2733 ct
1521 2707 1653 2735 manu
