<?xml version="1.0" encoding="UTF-8"?>
<!DOCTYPE html PUBLIC "-//W3C//DTD XHTML 1.0 Transitional//EN"
    "http://www.w3.org/TR/xhtml1/DTD/xhtml1-transitional.dtd">
<html xmlns="http://www.w3.org/1999/xhtml" xml:lang="en" lang="en">
 <head>
  <title>
</title>
<meta http-equiv="Content-Type" content="text/html;charset=utf-8" />
  <meta name='ocr-system' content='tesseract 3.04.00' />
  <meta name='ocr-capabilities' content='ocr_page ocr_carea ocr_par ocr_line ocrx_word'/>
</head>
<body>
  <div class='ocr_page' id='page_1' title='image "./operajoh0102caesuoft_0257.png"; bbox 0 0 1972 3356; ppageno 0'>
   <div class='ocr_carea' id='block_1_1' title="bbox 530 263 1607 304">
    <p class='ocr_par' dir='ltr' id='par_1_1' title="bbox 530 263 1607 304">
     <span class='ocr_line' id='line_1_1' title="bbox 530 263 1607 304; baseline -0.006 -1"><span class='ocrx_word' id='word_1_1' title='bbox 530 269 597 304; x_wconf 88' lang='lat' dir='ltr'>DE</span> <span class='ocrx_word' id='word_1_2' title='bbox 627 267 787 303; x_wconf 88' lang='lat' dir='ltr'>BELLO</span> <span class='ocrx_word' id='word_1_3' title='bbox 815 266 1036 302; x_wconf 89' lang='lat' dir='ltr'>GALLICO</span> <span class='ocrx_word' id='word_1_4' title='bbox 1067 268 1159 302; x_wconf 90' lang='lat' dir='ltr'>LIB.</span> <span class='ocrx_word' id='word_1_5' title='bbox 1182 266 1285 301; x_wconf 74' lang='lat' dir='ltr'>VIII.</span> <span class='ocrx_word' id='word_1_6' title='bbox 1534 263 1607 298; x_wconf 81' lang='lat'>235</span> 
     </span>
    </p>
   </div>
   <div class='ocr_carea' id='block_1_2' title="bbox 202 348 1611 2686">
    <p class='ocr_par' dir='ltr' id='par_1_2' title="bbox 203 348 1611 657">
     <span class='ocr_line' id='line_1_2' title="bbox 204 348 1609 412; baseline -0.004 -16"><span class='ocrx_word' id='word_1_7' title='bbox 204 353 248 396; x_wconf 89' lang='lat' dir='ltr'>in</span> <span class='ocrx_word' id='word_1_8' title='bbox 281 354 488 398; x_wconf 88' lang='lat' dir='ltr'>Treviros</span> <span class='ocrx_word' id='word_1_9' title='bbox 517 354 674 409; x_wconf 84' lang='lat' dir='ltr'>mittit,</span> <span class='ocrx_word' id='word_1_10' title='bbox 709 369 899 412; x_wconf 91' lang='lat' dir='ltr'>quorum</span> <span class='ocrx_word' id='word_1_11' title='bbox 933 352 1112 405; x_wconf 82' lang='lat' dir='ltr'>civitas,</span> <span class='ocrx_word' id='word_1_12' title='bbox 1143 360 1328 412; x_wconf 86' lang='lat' dir='ltr'>propter</span> <span class='ocrx_word' id='word_1_13' title='bbox 1358 348 1609 394; x_wconf 79' lang='lat' dir='ltr'>Germaniae</span> 
     </span>
     <span class='ocr_line' id='line_1_3' title="bbox 203 429 1610 495; baseline -0.003 -19"><span class='ocrx_word' id='word_1_14' title='bbox 203 434 499 492; x_wconf 90' lang='lat' dir='ltr'>vicinitatem,</span> <span class='ocrx_word' id='word_1_15' title='bbox 523 433 793 495; x_wconf 86' lang='lat' dir='ltr'>quotidianis</span> <span class='ocrx_word' id='word_1_16' title='bbox 822 433 1014 476; x_wconf 84' lang='lat' dir='ltr'>exercita</span> <span class='ocrx_word' id='word_1_17' title='bbox 1039 430 1189 486; x_wconf 85' lang='lat' dir='ltr'>bellis,</span> <span class='ocrx_word' id='word_1_18' title='bbox 1214 430 1337 475; x_wconf 89' lang='lat' dir='ltr'>cultu</span> <span class='ocrx_word' id='word_1_19' title='bbox 1368 440 1411 474; x_wconf 84' lang='lat' dir='ltr'>et</span> <span class='ocrx_word' id='word_1_20' title='bbox 1438 429 1610 473; x_wconf 86' lang='lat' dir='ltr'>feritate</span> 
     </span>
     <span class='ocr_line' id='line_1_4' title="bbox 204 512 1611 573; baseline -0.003 -15"><span class='ocrx_word' id='word_1_21' title='bbox 204 532 292 559; x_wconf 90' lang='lat' dir='ltr'>non</span> <span class='ocrx_word' id='word_1_22' title='bbox 336 515 526 560; x_wconf 90' lang='lat' dir='ltr'>multum</span> <span class='ocrx_word' id='word_1_23' title='bbox 571 532 595 559; x_wconf 91' lang='lat' dir='ltr'>a</span> <span class='ocrx_word' id='word_1_24' title='bbox 641 515 878 559; x_wconf 88' lang='lat' dir='ltr'>Germanis</span> <span class='ocrx_word' id='word_1_25' title='bbox 918 512 1172 568; x_wconf 80' lang='lat' dir='ltr'>differebat,</span> <span class='ocrx_word' id='word_1_26' title='bbox 1210 529 1353 573; x_wconf 89' lang='lat' dir='ltr'>neque</span> <span class='ocrx_word' id='word_1_27' title='bbox 1394 512 1611 572; x_wconf 86' lang='lat' dir='ltr'>imperata</span> 
     </span>
     <span class='ocr_line' id='line_1_5' title="bbox 204 593 1164 657; baseline -0.002 -18"><span class='ocrx_word' id='word_1_28' title='bbox 204 613 420 657; x_wconf 87' lang='lat' dir='ltr'>unquam,</span> <span class='ocrx_word' id='word_1_29' title='bbox 442 597 526 640; x_wconf 89' lang='lat' dir='ltr'>nisi</span> <span class='ocrx_word' id='word_1_30' title='bbox 548 596 745 640; x_wconf 80' lang='lat' dir='ltr'>exercitu</span> <span class='ocrx_word' id='word_1_31' title='bbox 764 604 940 651; x_wconf 88' lang='lat' dir='ltr'>coacta,</span> <span class='ocrx_word' id='word_1_32' title='bbox 966 593 1164 638; x_wconf 83' lang='lat' dir='ltr'>faciebat.</span> 
     </span>
    </p>

    <p class='ocr_par' dir='ltr' id='par_1_3' title="bbox 202 673 1611 1934">
     <span class='ocr_line' id='line_1_6' title="bbox 267 673 1610 736; baseline -0.004 -15"><span class='ocrx_word' id='word_1_33' title='bbox 267 679 431 722; x_wconf 85' lang='lat' dir='ltr'><strong>XXVI.</strong></span> <span class='ocrx_word' id='word_1_34' title='bbox 463 677 649 720; x_wconf 81' lang='lat' dir='ltr'>Interim</span> <span class='ocrx_word' id='word_1_35' title='bbox 680 677 728 720; x_wconf 90' lang='lat' dir='ltr'>C.</span> <span class='ocrx_word' id='word_1_36' title='bbox 767 676 981 719; x_wconf 85' lang='lat' dir='ltr'>Caninius</span> <span class='ocrx_word' id='word_1_37' title='bbox 1011 673 1203 736; x_wconf 86' lang='lat' dir='ltr'>legatus,</span> <span class='ocrx_word' id='word_1_38' title='bbox 1231 690 1371 734; x_wconf 88' lang='lat' dir='ltr'>quum</span> <span class='ocrx_word' id='word_1_39' title='bbox 1402 691 1610 734; x_wconf 87' lang='lat' dir='ltr'>magnam</span> 
     </span>
     <span class='ocr_line' id='line_1_7' title="bbox 202 753 1611 801; baseline -0.003 0"><span class='ocrx_word' id='word_1_40' title='bbox 202 756 537 801; x_wconf 85' lang='lat' dir='ltr'>multitudinem</span> <span class='ocrx_word' id='word_1_41' title='bbox 565 757 822 801; x_wconf 89' lang='lat' dir='ltr'>convenisse</span> <span class='ocrx_word' id='word_1_42' title='bbox 848 756 1045 800; x_wconf 90' lang='lat' dir='ltr'>hostium</span> <span class='ocrx_word' id='word_1_43' title='bbox 1072 756 1117 798; x_wconf 91' lang='lat' dir='ltr'>in</span> <span class='ocrx_word' id='word_1_44' title='bbox 1142 755 1250 798; x_wconf 84' lang='lat' dir='ltr'>fines</span> <span class='ocrx_word' id='word_1_45' title='bbox 1276 754 1510 799; x_wconf 88' lang='lat' dir='ltr'>Pictonum</span> <span class='ocrx_word' id='word_1_46' title='bbox 1540 753 1611 797; x_wconf 92' lang='lat' dir='ltr'>lit-</span> 
     </span>
     <span class='ocr_line' id='line_1_8' title="bbox 205 836 1609 898; baseline -0.003 -16"><span class='ocrx_word' id='word_1_47' title='bbox 205 839 307 882; x_wconf 83' lang='lat' dir='ltr'>teris</span> <span class='ocrx_word' id='word_1_48' title='bbox 345 839 601 898; x_wconf 84' lang='lat' dir='ltr'>nuntiisque</span> <span class='ocrx_word' id='word_1_49' title='bbox 637 837 816 882; x_wconf 89' lang='lat' dir='ltr'>Duratii</span> <span class='ocrx_word' id='word_1_50' title='bbox 849 846 1134 898; x_wconf 86' lang='lat' dir='ltr'>cognosceret</span> <span class='ocrx_word' id='word_1_51' title='bbox 1171 836 1271 898; x_wconf 83' lang='lat' dir='ltr'>(qui</span> <span class='ocrx_word' id='word_1_52' title='bbox 1312 845 1528 896; x_wconf 84' lang='lat' dir='ltr'>perpetuo</span> <span class='ocrx_word' id='word_1_53' title='bbox 1564 836 1609 878; x_wconf 93' lang='lat' dir='ltr'>in</span> 
     </span>
     <span class='ocr_line' id='line_1_9' title="bbox 204 917 1608 980; baseline -0.001 -18"><span class='ocrx_word' id='word_1_54' title='bbox 204 919 399 963; x_wconf 82' lang='lat' dir='ltr'>amicitia</span> <span class='ocrx_word' id='word_1_55' title='bbox 427 922 735 963; x_wconf 87' lang='lat' dir='ltr'>Romanorum</span> <span class='ocrx_word' id='word_1_56' title='bbox 760 928 1090 980; x_wconf 80' lang='lat' dir='ltr'>permanserat,</span> <span class='ocrx_word' id='word_1_57' title='bbox 1117 935 1256 979; x_wconf 90' lang='lat' dir='ltr'>quum</span> <span class='ocrx_word' id='word_1_58' title='bbox 1280 934 1381 978; x_wconf 89' lang='lat' dir='ltr'>pars</span> <span class='ocrx_word' id='word_1_59' title='bbox 1405 917 1608 978; x_wconf 64' lang='lat' dir='ltr'>quaedam</span> 
     </span>
     <span class='ocr_line' id='line_1_10' title="bbox 202 1000 1610 1062; baseline -0.001 -18"><span class='ocrx_word' id='word_1_60' title='bbox 202 1002 390 1045; x_wconf 88' lang='lat' dir='ltr'>civitatis</span> <span class='ocrx_word' id='word_1_61' title='bbox 415 1002 508 1062; x_wconf 84' lang='lat' dir='ltr'>ejus</span> <span class='ocrx_word' id='word_1_62' title='bbox 535 1000 813 1062; x_wconf 75' lang='lat' dir='ltr'>defecisset),</span> <span class='ocrx_word' id='word_1_63' title='bbox 840 1000 895 1044; x_wconf 84' lang='lat' dir='ltr'>ad</span> <span class='ocrx_word' id='word_1_64' title='bbox 919 1000 1135 1062; x_wconf 88' lang='lat' dir='ltr'>oppidum</span> <span class='ocrx_word' id='word_1_65' title='bbox 1157 1001 1408 1044; x_wconf 88' lang='lat' dir='ltr'>Lemonum</span> <span class='ocrx_word' id='word_1_66' title='bbox 1430 1008 1610 1043; x_wconf 87' lang='lat' dir='ltr'>conten-</span> 
     </span>
     <span class='ocr_line' id='line_1_11' title="bbox 203 1080 1609 1143; baseline -0.001 -18"><span class='ocrx_word' id='word_1_67' title='bbox 203 1081 280 1125; x_wconf 85' lang='lat' dir='ltr'>dit.</span> <span class='ocrx_word' id='word_1_68' title='bbox 319 1083 424 1140; x_wconf 83' lang='lat' dir='ltr'>Quo</span> <span class='ocrx_word' id='word_1_69' title='bbox 462 1099 601 1143; x_wconf 87' lang='lat' dir='ltr'>quum</span> <span class='ocrx_word' id='word_1_70' title='bbox 638 1081 923 1138; x_wconf 82' lang='lat' dir='ltr'>adventaret,</span> <span class='ocrx_word' id='word_1_71' title='bbox 964 1091 1096 1142; x_wconf 87' lang='lat' dir='ltr'>atque</span> <span class='ocrx_word' id='word_1_72' title='bbox 1130 1098 1183 1125; x_wconf 83' lang='lat' dir='ltr'>ex</span> <span class='ocrx_word' id='word_1_73' title='bbox 1219 1081 1406 1142; x_wconf 87' lang='lat' dir='ltr'>captivis</span> <span class='ocrx_word' id='word_1_74' title='bbox 1445 1080 1609 1125; x_wconf 86' lang='lat' dir='ltr'>certius</span> 
     </span>
     <span class='ocr_line' id='line_1_12' title="bbox 204 1161 1609 1223; baseline 0 -18"><span class='ocrx_word' id='word_1_75' title='bbox 204 1174 486 1223; x_wconf 84' lang='lat' dir='ltr'>cognosceret</span> <span class='ocrx_word' id='word_1_76' title='bbox 512 1162 664 1207; x_wconf 89' lang='lat' dir='ltr'>multis</span> <span class='ocrx_word' id='word_1_77' title='bbox 693 1163 927 1207; x_wconf 88' lang='lat' dir='ltr'>hominum</span> <span class='ocrx_word' id='word_1_78' title='bbox 952 1162 1148 1207; x_wconf 90' lang='lat' dir='ltr'>millibus</span> <span class='ocrx_word' id='word_1_79' title='bbox 1172 1180 1196 1207; x_wconf 91' lang='lat' dir='ltr'>a</span> <span class='ocrx_word' id='word_1_80' title='bbox 1215 1165 1472 1218; x_wconf 81' lang='lat' dir='ltr'>Dumnaco,</span> <span class='ocrx_word' id='word_1_81' title='bbox 1498 1161 1609 1205; x_wconf 88' lang='lat' dir='ltr'>duce</span> 
     </span>
     <span class='ocr_line' id='line_1_13' title="bbox 203 1243 1609 1304; baseline -0.002 -15"><span class='ocrx_word' id='word_1_82' title='bbox 203 1243 422 1301; x_wconf 89' lang='lat' dir='ltr'>Andium,</span> <span class='ocrx_word' id='word_1_83' title='bbox 450 1245 689 1288; x_wconf 82' lang='lat' dir='ltr'>Duratium</span> <span class='ocrx_word' id='word_1_84' title='bbox 722 1243 921 1288; x_wconf 90' lang='lat' dir='ltr'>clausum</span> <span class='ocrx_word' id='word_1_85' title='bbox 948 1245 1136 1288; x_wconf 87' lang='lat' dir='ltr'>Lemoni</span> <span class='ocrx_word' id='word_1_86' title='bbox 1168 1243 1438 1304; x_wconf 88' lang='lat' dir='ltr'>oppugnari,</span> <span class='ocrx_word' id='word_1_87' title='bbox 1466 1259 1609 1303; x_wconf 88' lang='lat' dir='ltr'>neque</span> 
     </span>
     <span class='ocr_line' id='line_1_14' title="bbox 205 1324 1609 1386; baseline 0 -19"><span class='ocrx_word' id='word_1_88' title='bbox 205 1324 401 1369; x_wconf 84' lang='lat' dir='ltr'>infirmas</span> <span class='ocrx_word' id='word_1_89' title='bbox 437 1325 631 1386; x_wconf 80' lang='lat' dir='ltr'>legiones</span> <span class='ocrx_word' id='word_1_90' title='bbox 664 1325 864 1369; x_wconf 84' lang='lat' dir='ltr'>hostibus</span> <span class='ocrx_word' id='word_1_91' title='bbox 903 1326 1180 1369; x_wconf 85' lang='lat' dir='ltr'>committere</span> <span class='ocrx_word' id='word_1_92' title='bbox 1221 1324 1428 1380; x_wconf 82' lang='lat' dir='ltr'>auderet,</span> <span class='ocrx_word' id='word_1_93' title='bbox 1465 1334 1609 1367; x_wconf 83' lang='lat' dir='ltr'>castra</span> 
     </span>
     <span class='ocr_line' id='line_1_15' title="bbox 205 1404 1609 1466; baseline -0.001 -18"><span class='ocrx_word' id='word_1_94' title='bbox 205 1407 377 1450; x_wconf 88' lang='lat' dir='ltr'>munito</span> <span class='ocrx_word' id='word_1_95' title='bbox 416 1404 513 1449; x_wconf 88' lang='lat' dir='ltr'>loco</span> <span class='ocrx_word' id='word_1_96' title='bbox 550 1406 710 1466; x_wconf 86' lang='lat' dir='ltr'>posuit.</span> <span class='ocrx_word' id='word_1_97' title='bbox 751 1408 1037 1462; x_wconf 81' lang='lat' dir='ltr'>Dumnacus,</span> <span class='ocrx_word' id='word_1_98' title='bbox 1071 1423 1209 1466; x_wconf 89' lang='lat' dir='ltr'>quum</span> <span class='ocrx_word' id='word_1_99' title='bbox 1248 1405 1609 1466; x_wconf 83' lang='lat' dir='ltr'>appropinquare</span> 
     </span>
     <span class='ocr_line' id='line_1_16' title="bbox 205 1485 1608 1548; baseline -0.002 -18"><span class='ocrx_word' id='word_1_100' title='bbox 205 1487 443 1530; x_wconf 85' lang='lat' dir='ltr'>Caninium</span> <span class='ocrx_word' id='word_1_101' title='bbox 467 1489 766 1548; x_wconf 74' lang='lat' dir='ltr'>cognovisset,</span> <span class='ocrx_word' id='word_1_102' title='bbox 796 1488 934 1548; x_wconf 90' lang='lat' dir='ltr'>copiis</span> <span class='ocrx_word' id='word_1_103' title='bbox 964 1487 1171 1531; x_wconf 88' lang='lat' dir='ltr'>omnibus</span> <span class='ocrx_word' id='word_1_104' title='bbox 1199 1486 1254 1530; x_wconf 87' lang='lat' dir='ltr'>ad</span> <span class='ocrx_word' id='word_1_105' title='bbox 1285 1485 1479 1547; x_wconf 79' lang='lat' dir='ltr'>legiones</span> <span class='ocrx_word' id='word_1_106' title='bbox 1504 1502 1608 1528; x_wconf 92' lang='lat' dir='ltr'>con-</span> 
     </span>
     <span class='ocr_line' id='line_1_17' title="bbox 204 1567 1607 1629; baseline -0.001 -19"><span class='ocrx_word' id='word_1_107' title='bbox 204 1568 356 1623; x_wconf 90' lang='lat' dir='ltr'>versis,</span> <span class='ocrx_word' id='word_1_108' title='bbox 391 1577 533 1611; x_wconf 85' lang='lat' dir='ltr'>castra</span> <span class='ocrx_word' id='word_1_109' title='bbox 570 1570 875 1612; x_wconf 87' lang='lat' dir='ltr'>Romanorum</span> <span class='ocrx_word' id='word_1_110' title='bbox 911 1585 1171 1629; x_wconf 81' lang='lat' dir='ltr'>oppugnare</span> <span class='ocrx_word' id='word_1_111' title='bbox 1209 1568 1416 1611; x_wconf 84' lang='lat' dir='ltr'>instituit.</span> <span class='ocrx_word' id='word_1_112' title='bbox 1453 1567 1607 1623; x_wconf 82' lang='lat' dir='ltr'>Quum</span> 
     </span>
     <span class='ocr_line' id='line_1_18' title="bbox 203 1647 1608 1710; baseline -0.001 -19"><span class='ocrx_word' id='word_1_113' title='bbox 203 1647 453 1709; x_wconf 86' lang='lat' dir='ltr'>complures</span> <span class='ocrx_word' id='word_1_114' title='bbox 479 1648 569 1692; x_wconf 86' lang='lat' dir='ltr'>dies</span> <span class='ocrx_word' id='word_1_115' title='bbox 600 1649 645 1692; x_wconf 88' lang='lat' dir='ltr'>in</span> <span class='ocrx_word' id='word_1_116' title='bbox 672 1650 1005 1710; x_wconf 78' lang='lat' dir='ltr'>oppugnatione</span> <span class='ocrx_word' id='word_1_117' title='bbox 1035 1649 1400 1709; x_wconf 84' lang='lat' dir='ltr'>consumpsisset,</span> <span class='ocrx_word' id='word_1_118' title='bbox 1426 1657 1489 1703; x_wconf 88' lang='lat' dir='ltr'>et,</span> <span class='ocrx_word' id='word_1_119' title='bbox 1513 1664 1608 1691; x_wconf 90' lang='lat' dir='ltr'>ma-</span> 
     </span>
     <span class='ocr_line' id='line_1_19' title="bbox 203 1729 1608 1791; baseline 0 -19"><span class='ocrx_word' id='word_1_120' title='bbox 203 1746 290 1790; x_wconf 88' lang='lat' dir='ltr'>gno</span> <span class='ocrx_word' id='word_1_121' title='bbox 324 1746 507 1773; x_wconf 88' lang='lat' dir='ltr'>suorum</span> <span class='ocrx_word' id='word_1_122' title='bbox 549 1730 834 1784; x_wconf 85' lang='lat' dir='ltr'>detrimento,</span> <span class='ocrx_word' id='word_1_123' title='bbox 876 1729 1043 1774; x_wconf 86' lang='lat' dir='ltr'>nullam</span> <span class='ocrx_word' id='word_1_124' title='bbox 1085 1741 1259 1791; x_wconf 88' lang='lat' dir='ltr'>partem</span> <span class='ocrx_word' id='word_1_125' title='bbox 1304 1731 1608 1774; x_wconf 90' lang='lat' dir='ltr'>munitionum</span> 
     </span>
     <span class='ocr_line' id='line_1_20' title="bbox 203 1809 1607 1872; baseline 0.001 -19"><span class='ocrx_word' id='word_1_126' title='bbox 203 1809 449 1854; x_wconf 85' lang='lat' dir='ltr'>convellere</span> <span class='ocrx_word' id='word_1_127' title='bbox 487 1812 717 1872; x_wconf 86' lang='lat' dir='ltr'>potuisset,</span> <span class='ocrx_word' id='word_1_128' title='bbox 752 1829 903 1855; x_wconf 87' lang='lat' dir='ltr'>rursus</span> <span class='ocrx_word' id='word_1_129' title='bbox 933 1812 989 1855; x_wconf 84' lang='lat' dir='ltr'>ad</span> <span class='ocrx_word' id='word_1_130' title='bbox 1027 1811 1318 1855; x_wconf 88' lang='lat' dir='ltr'>obsidendum</span> <span class='ocrx_word' id='word_1_131' title='bbox 1356 1814 1607 1856; x_wconf 87' lang='lat' dir='ltr'>Lemonum</span> 
     </span>
     <span class='ocr_line' id='line_1_21' title="bbox 203 1890 328 1934; baseline 0.016 -2"><span class='ocrx_word' id='word_1_132' title='bbox 203 1890 328 1934; x_wconf 88' lang='lat' dir='ltr'>redit.</span> 
     </span>
    </p>

    <p class='ocr_par' dir='ltr' id='par_1_4' title="bbox 203 1972 1606 2686">
     <span class='ocr_line' id='line_1_22' title="bbox 268 1972 1606 2035; baseline 0.002 -20"><span class='ocrx_word' id='word_1_133' title='bbox 268 1973 458 2016; x_wconf 73' lang='lat' dir='ltr'>XXVII.</span> <span class='ocrx_word' id='word_1_134' title='bbox 488 1972 656 2015; x_wconf 82' lang='lat' dir='ltr'>Eodem</span> <span class='ocrx_word' id='word_1_135' title='bbox 677 1983 877 2033; x_wconf 87' lang='lat' dir='ltr'>tempore</span> <span class='ocrx_word' id='word_1_136' title='bbox 898 1975 946 2018; x_wconf 85' lang='lat' dir='ltr'>C.</span> <span class='ocrx_word' id='word_1_137' title='bbox 973 1974 1135 2017; x_wconf 88' lang='lat' dir='ltr'>Fabius</span> <span class='ocrx_word' id='word_1_138' title='bbox 1159 1972 1330 2035; x_wconf 86' lang='lat' dir='ltr'>legatus</span> <span class='ocrx_word' id='word_1_139' title='bbox 1355 1973 1606 2035; x_wconf 85' lang='lat' dir='ltr'>complures</span> 
     </span>
     <span class='ocr_line' id='line_1_23' title="bbox 204 2053 1605 2116; baseline 0.003 -21"><span class='ocrx_word' id='word_1_140' title='bbox 204 2053 403 2096; x_wconf 85' lang='lat' dir='ltr'>civitates</span> <span class='ocrx_word' id='word_1_141' title='bbox 434 2054 479 2096; x_wconf 92' lang='lat' dir='ltr'>in</span> <span class='ocrx_word' id='word_1_142' title='bbox 516 2053 647 2097; x_wconf 86' lang='lat' dir='ltr'>fidem</span> <span class='ocrx_word' id='word_1_143' title='bbox 679 2055 861 2115; x_wconf 86' lang='lat' dir='ltr'>recipit,</span> <span class='ocrx_word' id='word_1_144' title='bbox 899 2054 1125 2098; x_wconf 87' lang='lat' dir='ltr'>obsidibus</span> <span class='ocrx_word' id='word_1_145' title='bbox 1157 2054 1325 2111; x_wconf 82' lang='lat' dir='ltr'>firmat,</span> <span class='ocrx_word' id='word_1_146' title='bbox 1356 2054 1605 2116; x_wconf 86' lang='lat' dir='ltr'>litterisque</span> 
     </span>
     <span class='ocr_line' id='line_1_24' title="bbox 205 2134 1605 2198; baseline 0.003 -21"><span class='ocrx_word' id='word_1_147' title='bbox 205 2136 253 2177; x_wconf 77' lang='lat' dir='ltr'>C.</span> <span class='ocrx_word' id='word_1_148' title='bbox 281 2134 456 2178; x_wconf 81' lang='lat' dir='ltr'>Caninii</span> <span class='ocrx_word' id='word_1_149' title='bbox 485 2134 534 2178; x_wconf 82' lang='lat' dir='ltr'>fit</span> <span class='ocrx_word' id='word_1_150' title='bbox 562 2135 724 2178; x_wconf 87' lang='lat' dir='ltr'>certior</span> <span class='ocrx_word' id='word_1_151' title='bbox 753 2152 849 2195; x_wconf 82' lang='lat' dir='ltr'>quae</span> <span class='ocrx_word' id='word_1_152' title='bbox 881 2136 924 2179; x_wconf 90' lang='lat' dir='ltr'>in</span> <span class='ocrx_word' id='word_1_153' title='bbox 954 2136 1212 2180; x_wconf 86' lang='lat' dir='ltr'>Pictonibus</span> <span class='ocrx_word' id='word_1_154' title='bbox 1241 2147 1465 2198; x_wconf 81' lang='lat' dir='ltr'>gerantur.</span> <span class='ocrx_word' id='word_1_155' title='bbox 1491 2138 1605 2194; x_wconf 87' lang='lat' dir='ltr'>Qui-</span> 
     </span>
     <span class='ocr_line' id='line_1_25' title="bbox 203 2214 1604 2277; baseline 0.004 -20"><span class='ocrx_word' id='word_1_156' title='bbox 203 2214 286 2258; x_wconf 90' lang='lat' dir='ltr'>bus</span> <span class='ocrx_word' id='word_1_157' title='bbox 329 2215 458 2258; x_wconf 90' lang='lat' dir='ltr'>rebus</span> <span class='ocrx_word' id='word_1_158' title='bbox 496 2216 704 2277; x_wconf 82' lang='lat' dir='ltr'>cognitis,</span> <span class='ocrx_word' id='word_1_159' title='bbox 740 2217 1036 2277; x_wconf 77' lang='lat' dir='ltr'>proficiscitur</span> <span class='ocrx_word' id='word_1_160' title='bbox 1071 2217 1124 2261; x_wconf 90' lang='lat' dir='ltr'>ad</span> <span class='ocrx_word' id='word_1_161' title='bbox 1159 2217 1374 2262; x_wconf 77' lang='lat' dir='ltr'>auxilium</span> <span class='ocrx_word' id='word_1_162' title='bbox 1413 2219 1604 2263; x_wconf 86' lang='lat' dir='ltr'>Duratio</span> 
     </span>
     <span class='ocr_line' id='line_1_26' title="bbox 206 2295 1605 2362; baseline 0.004 -23"><span class='ocrx_word' id='word_1_163' title='bbox 206 2295 453 2341; x_wconf 71' lang='lat' dir='ltr'>terendum.</span> <span class='ocrx_word' id='word_1_164' title='bbox 478 2299 536 2342; x_wconf 93' lang='lat' dir='ltr'>At</span> <span class='ocrx_word' id='word_1_165' title='bbox 560 2300 842 2354; x_wconf 79' lang='lat' dir='ltr'>Dumnacus,</span> <span class='ocrx_word' id='word_1_166' title='bbox 867 2299 1061 2343; x_wconf 85' lang='lat' dir='ltr'>adventu</span> <span class='ocrx_word' id='word_1_167' title='bbox 1084 2299 1207 2343; x_wconf 83' lang='lat' dir='ltr'>Fabii</span> <span class='ocrx_word' id='word_1_168' title='bbox 1232 2301 1431 2361; x_wconf 84' lang='lat' dir='ltr'>cognito,</span> <span class='ocrx_word' id='word_1_169' title='bbox 1453 2300 1605 2362; x_wconf 82' lang='lat' dir='ltr'>despe-</span> 
     </span>
     <span class='ocr_line' id='line_1_27' title="bbox 205 2377 1603 2441; baseline 0.004 -21"><span class='ocrx_word' id='word_1_170' title='bbox 205 2387 301 2422; x_wconf 84' lang='lat' dir='ltr'>rata</span> <span class='ocrx_word' id='word_1_171' title='bbox 324 2377 483 2434; x_wconf 83' lang='lat' dir='ltr'>salute,</span> <span class='ocrx_word' id='word_1_172' title='bbox 507 2379 542 2422; x_wconf 89' lang='lat' dir='ltr'>si</span> <span class='ocrx_word' id='word_1_173' title='bbox 561 2379 715 2423; x_wconf 89' lang='lat' dir='ltr'>eodem</span> <span class='ocrx_word' id='word_1_174' title='bbox 737 2389 935 2441; x_wconf 85' lang='lat' dir='ltr'>tempore</span> <span class='ocrx_word' id='word_1_175' title='bbox 953 2390 1132 2425; x_wconf 86' lang='lat' dir='ltr'>coactus</span> <span class='ocrx_word' id='word_1_176' title='bbox 1154 2391 1262 2425; x_wconf 88' lang='lat' dir='ltr'>esset</span> <span class='ocrx_word' id='word_1_177' title='bbox 1287 2390 1327 2424; x_wconf 88' lang='lat' dir='ltr'>et</span> <span class='ocrx_word' id='word_1_178' title='bbox 1350 2384 1603 2426; x_wconf 86' lang='lat' dir='ltr'>Romanum</span> 
     </span>
     <span class='ocr_line' id='line_1_28' title="bbox 205 2460 1605 2524; baseline 0.003 -22"><span class='ocrx_word' id='word_1_179' title='bbox 205 2469 435 2503; x_wconf 83' lang='lat' dir='ltr'>externum</span> <span class='ocrx_word' id='word_1_180' title='bbox 460 2460 676 2504; x_wconf 89' lang='lat' dir='ltr'>sustinere</span> <span class='ocrx_word' id='word_1_181' title='bbox 699 2461 894 2519; x_wconf 87' lang='lat' dir='ltr'>hostem,</span> <span class='ocrx_word' id='word_1_182' title='bbox 921 2472 963 2506; x_wconf 88' lang='lat' dir='ltr'>et</span> <span class='ocrx_word' id='word_1_183' title='bbox 989 2463 1204 2523; x_wconf 84' lang='lat' dir='ltr'>respicere</span> <span class='ocrx_word' id='word_1_184' title='bbox 1228 2479 1277 2506; x_wconf 86' lang='lat' dir='ltr'>ac</span> <span class='ocrx_word' id='word_1_185' title='bbox 1301 2464 1456 2506; x_wconf 87' lang='lat' dir='ltr'>timere</span> <span class='ocrx_word' id='word_1_186' title='bbox 1481 2463 1605 2524; x_wconf 85' lang='lat' dir='ltr'>oppi-</span> 
     </span>
     <span class='ocr_line' id='line_1_29' title="bbox 206 2540 1604 2604; baseline 0.004 -21"><span class='ocrx_word' id='word_1_187' title='bbox 206 2540 364 2596; x_wconf 82' lang='lat' dir='ltr'>danos,</span> <span class='ocrx_word' id='word_1_188' title='bbox 388 2551 570 2601; x_wconf 88' lang='lat' dir='ltr'>repente</span> <span class='ocrx_word' id='word_1_189' title='bbox 588 2558 640 2585; x_wconf 82' lang='lat' dir='ltr'>ex</span> <span class='ocrx_word' id='word_1_190' title='bbox 662 2558 714 2585; x_wconf 94' lang='lat' dir='ltr'>eo</span> <span class='ocrx_word' id='word_1_191' title='bbox 738 2541 836 2587; x_wconf 92' lang='lat' dir='ltr'>loco</span> <span class='ocrx_word' id='word_1_192' title='bbox 857 2560 957 2587; x_wconf 81' lang='lat' dir='ltr'>cuin</span> <span class='ocrx_word' id='word_1_193' title='bbox 981 2543 1319 2604; x_wconf 81' lang='lat' dir='ltr'>eopiisrecedit3</span> <span class='ocrx_word' id='word_1_194' title='bbox 1335 2561 1415 2587; x_wconf 88' lang='lat' dir='ltr'>nec</span> <span class='ocrx_word' id='word_1_195' title='bbox 1433 2560 1477 2588; x_wconf 92' lang='lat' dir='ltr'>se</span> <span class='ocrx_word' id='word_1_196' title='bbox 1500 2545 1604 2589; x_wconf 85' lang='lat' dir='ltr'>satis</span> 
     </span>
     <span class='ocr_line' id='line_1_30' title="bbox 206 2622 1606 2686; baseline 0.004 -21"><span class='ocrx_word' id='word_1_197' title='bbox 206 2631 353 2666; x_wconf 87' lang='lat' dir='ltr'>tutum</span> <span class='ocrx_word' id='word_1_198' title='bbox 385 2622 478 2666; x_wconf 87' lang='lat' dir='ltr'>fore</span> <span class='ocrx_word' id='word_1_199' title='bbox 513 2623 779 2680; x_wconf 83' lang='lat' dir='ltr'>arbitratur,</span> <span class='ocrx_word' id='word_1_200' title='bbox 816 2626 897 2669; x_wconf 87' lang='lat' dir='ltr'>nisi</span> <span class='ocrx_word' id='word_1_201' title='bbox 927 2624 1093 2669; x_wconf 74' lang='lat' dir='ltr'>{lumen</span> <span class='ocrx_word' id='word_1_202' title='bbox 1121 2625 1338 2686; x_wconf 83' lang='lat' dir='ltr'>Ligerim,</span> <span class='ocrx_word' id='word_1_203' title='bbox 1365 2625 1485 2685; x_wconf 85' lang='lat' dir='ltr'>quod</span> <span class='ocrx_word' id='word_1_204' title='bbox 1513 2637 1606 2671; x_wconf 86' lang='lat' dir='ltr'>erat</span> 
     </span>
    </p>
   </div>
   <div class='ocr_carea' id='block_1_3' title="bbox 207 2705 1604 2768">
    <p class='ocr_par' dir='ltr' id='par_1_5' title="bbox 207 2705 1604 2768">
     <span class='ocr_line' id='line_1_31' title="bbox 207 2705 1604 2768; baseline 0.004 -23"><span class='ocrx_word' id='word_1_205' title='bbox 207 2713 340 2764; x_wconf 80' lang='lat' dir='ltr'>ponte</span> <span class='ocrx_word' id='word_1_206' title='bbox 369 2714 552 2764; x_wconf 82' lang='lat' dir='ltr'>propter</span> <span class='ocrx_word' id='word_1_207' title='bbox 584 2705 937 2766; x_wconf 77' lang='lat' dir='ltr'>magnitudinem</span> <span class='ocrx_word' id='word_1_208' title='bbox 969 2706 1314 2762; x_wconf 86' lang='lat' dir='ltr'>transeundum,</span> <span class='ocrx_word' id='word_1_209' title='bbox 1343 2708 1490 2768; x_wconf 85' lang='lat' dir='ltr'>copias</span> <span class='ocrx_word' id='word_1_210' title='bbox 1518 2718 1604 2752; x_wconf 83' lang='lat' dir='ltr'>tra-</span> 
     </span>
    </p>
   </div>
  </div>
 </body>
</html>
