1972 3356
598 213 665 248 DE
693 211 857 248 BELLO
887 210 1040 247 CIVILI
1069 211 1162 246 LIB.
1191 212 1256 248 III.
1547 222 1618 258 ¹09

223 298 502 360 Pompeianis
530 297 659 342 rebus
685 296 890 342 studebat
912 313 922 339 ε
950 297 1173 354 Petreius,
1202 312 1384 341 summae
1411 294 1618 340 nobilita-

225 382 279 425 tis
315 378 594 436 adolescens,
629 380 716 424 suis
751 395 801 422 ac
834 394 1014 422 suorum
1052 377 1210 439 opibus
1239 379 1454 422 Caesarem
1491 377 1620 421 enixe

221 462 418 523 juvabaL

291 545 503 589 XXXVI.
542 542 799 603 Eodemque
836 552 1037 602 tempore
1073 541 1300 585 Domitius
1338 542 1382 585 in
1410 541 1621 586 Macedo-

230 628 347 670 niam
376 624 494 669 venit
514 640 522 666 :
544 632 587 667 et
607 639 746 684 quum
766 622 822 667 ad
846 639 945 666 eum
975 622 1226 682 frequentes
1251 623 1481 666 civitatum
1503 621 1622 684 lega-

228 708 367 751 tiones
387 704 624 750 convenire
643 704 895 765 coepissent,
913 704 1169 747 nuntiatum
1195 712 1259 746 est
1280 702 1432 747 adesse
1451 704 1624 764 Scipio-

229 805 327 832 nem
343 803 443 831 cum
459 784 726 848 legionibus,
743 801 902 846 magna
919 794 962 829 et
978 784 1189 846 opinione
1201 793 1245 828 et
1263 783 1378 828 fama
1394 785 1621 828 omnium:

227 885 326 913 nam
353 866 611 930 plerumque
634 867 679 910 in
705 866 899 910 novitate
923 865 1039 910 fama
1063 865 1295 910 antecedit.
1318 867 1401 910 Hic
1425 865 1550 911 nullo
1578 867 1621 910 in

226 949 322 994 loco
350 946 622 993 Macedoniae
655 957 880 1003 moratus,
912 965 1074 1010 magno
1106 948 1275 1009 impetu
1304 947 1534 993 contendit
1568 947 1623 992 ad

223 1031 493 1087 Domitium,
514 1039 555 1073 et
582 1046 719 1090 quum
747 1029 802 1073 ab
826 1047 878 1074 eo
904 1028 1044 1074 millia
1071 1046 1281 1091 passuum
1302 1047 1363 1074 xx
1389 1029 1624 1084 abfuisset,

225 1113 371 1157 subito
390 1129 435 1156 se
458 1111 512 1156 ad
536 1112 736 1156 Cassium
754 1112 1010 1173 Longinum
1033 1112 1076 1155 in
1095 1110 1368 1156 Thessaliam
1389 1113 1623 1156 convertit.

227 1197 324 1238 Hoc
349 1192 458 1238 adeo
483 1191 683 1238 celeriter
708 1192 836 1249 fecit,
861 1204 908 1237 ut
934 1191 1063 1237 simul
1089 1192 1239 1237 adesse
1268 1203 1311 1237 et
1336 1194 1486 1237 venire
1512 1210 1627 1237 nun-

227 1276 440 1320 tiaretur:
462 1285 506 1319 et
526 1292 616 1336 quo
641 1275 723 1319 iter
742 1274 989 1337 expeditius
1009 1274 1192 1332 faceret,
1214 1277 1277 1319 M.
1301 1275 1547 1319 Favonium
1571 1273 1626 1318 ad

229 1356 393 1400 flumen
415 1355 768 1413 Haliacmonem,
790 1356 910 1417 quod
934 1356 1246 1401 Macedoniam
1269 1374 1293 1401 a
1313 1355 1538 1401 Thessalia
1563 1355 1627 1400 di-

230 1437 362 1492 vidit,
387 1454 487 1482 cum
512 1438 770 1482 cohortibus
793 1454 878 1482 viu
907 1438 1111 1498 praesidio
1136 1438 1467 1500 impedimentis
1494 1437 1628 1500 legio-

229 1535 335 1562 num
375 1517 580 1580 reliquit‚
621 1516 941 1580 castellumque
982 1519 1041 1562 ihi
1081 1520 1244 1563 muniri
1272 1520 1419 1580 jussit.
1462 1520 1629 1565 Eodem

228 1609 428 1661 tempore
447 1600 669 1661 equitatus
694 1601 810 1662 regis
830 1602 968 1662 Cotys
989 1600 1045 1644 ad
1063 1611 1206 1646 castra
1226 1601 1365 1646 Cassii
1383 1600 1630 1657 advolavit,

226 1681 303 1743 qui
333 1681 503 1726 circum
539 1680 812 1726 Thessaliam
846 1699 938 1727 esse
974 1693 1277 1728 consueverat.
1316 1686 1430 1728 Tum
1470 1685 1630 1728 timore

228 1764 491 1824 perterritus
515 1764 713 1819 Cassius,
738 1764 918 1825 cognito
943 1765 1163 1825 Scipionis
1192 1764 1412 1822 adventu,
1437 1766 1630 1827 visisque

230 1843 478 1904 equitibus,
505 1860 617 1904 quos
648 1845 867 1905 Scipionis
898 1861 990 1889 esse
1022 1845 1343 1902 arbitrabatur,
1371 1846 1426 1890 ad
1457 1856 1631 1891 montes

231 1941 277 1970 se
303 1925 521 1970 convertit
550 1926 625 1986 qui
650 1924 922 1970 Thessaliam
951 1926 1162 1988 cingunt,
1185 1937 1317 1988 atque
1345 1944 1397 1972 ex
1428 1928 1494 1972 his
1525 1927 1632 1973 locis

231 2007 511 2053 Ambraciam
537 2024 689 2052 versus
715 2008 796 2052 iter
817 2007 960 2053 facere
983 2009 1130 2070 coepit.
1155 2012 1215 2054 At
1237 2010 1512 2071 Scipionem,
1533 2026 1634 2071 pro-

233 2097 463 2149 perantem
491 2089 644 2150 sequi,
673 2087 827 2134 litterae
856 2099 960 2134 sunt
986 2100 1231 2135 consecutae
1258 2108 1282 2135 a
1309 2093 1373 2136 M.
1406 2091 1631 2148 Favonio,

235 2170 484 2215 Domitium
512 2188 613 2216 cum
639 2171 888 2234 legionibus
913 2171 1089 2229 adesse,
1115 2191 1258 2235 neque
1282 2190 1328 2218 se
1353 2172 1633 2235 praesidium,

234 2251 310 2296 ubi
330 2252 597 2297 constitutus
618 2263 752 2310 esset,
775 2254 870 2299 sine
891 2254 1056 2300 auxilio
1078 2256 1297 2317 Scipionis
1320 2266 1469 2301 tenere
1489 2272 1631 2318 posse.

234 2333 411 2391 Quibus
440 2333 596 2380 litteris
623 2336 841 2398 acceptis,
870 2336 1105 2382 consilium
1135 2338 1285 2400 Scipio
1316 2338 1488 2399 iterque
1512 2354 1634 2382 com-

234 2425 403 2472 mutat3
436 2418 638 2462 Cassium
676 2419 800 2480 sequi
830 2419 1023 2478 desistit,
1052 2421 1249 2466 Favonio
1277 2419 1491 2466 auxilium
1521 2419 1635 2464 ferre

235 2498 476 2543 contendit.
514 2501 698 2561 Itaque,
727 2499 798 2545 die
833 2519 883 2546 ac
913 2512 1041 2547 nocte
1073 2503 1334 2547 continuato
1369 2502 1553 2559 itinere,
1581 2501 1637 2545 ad

235 2596 336 2624 eum
364 2582 583 2642 pervenit,
605 2593 694 2627 tam
720 2594 975 2645 opportuno
1003 2595 1218 2647 tempore,
1246 2595 1294 2629 ut
1319 2582 1450 2629 simul
1476 2583 1636 2629 Domi-

236 2660 342 2706 tiani
367 2665 586 2709 exercitus
612 2664 755 2726 pulvis
785 2677 1059 2724 cerneretur,
1090 2678 1133 2713 et
1163 2667 1293 2730 primi
1322 2676 1634 2712 antecursores
