1972 3356
426 240 470 277 44
630 236 667 268 cz.
696 235 823 268 JULII
855 233 1068 268 cAEsAms
1099 233 1581 270 COMMENTARIORUM

424 328 470 361 ut
496 317 694 360 timorem
715 314 970 358 adversariis
995 317 1174 358 minuat.
1198 316 1394 359 Petreius
1413 325 1542 375 atque
1562 317 1763 362 Afranius
1777 353 1788 375 ,

421 396 566 439 oblata
593 394 817 451 facultate,
847 396 891 438 in
914 404 1054 438 castra
1089 411 1180 438 sese
1208 394 1412 438 referunt.
1448 397 1618 453 Caesar,
1641 399 1786 456 praesi-

422 476 503 519 diis
525 476 567 518 in
596 475 817 518 montibus
843 474 1086 535 dispositis,
1121 474 1240 518 omni
1268 473 1321 518 ad
1348 474 1522 518 Iberum
1557 474 1789 520 intercluso

422 557 594 612 itinere,
629 572 760 615 quam
796 555 992 615 proxime
1042 564 1184 615 potest
1219 554 1411 598 hostium
1459 556 1609 598 castris
1651 565 1791 599 castra

421 637 672 680 communit.

485 718 686 760 LXXIII.
705 719 883 760 Postero
908 715 1001 770 die,
1024 715 1153 759 duces
1169 715 1514 759 adversariorum
1531 715 1792 776 perturbati,

422 796 539 857 quod
583 813 756 840 omnem
790 796 851 839 rei
895 795 1185 839 frumentariae
1219 795 1494 855 fluminisque
1530 795 1644 839 Iberi
1675 811 1793 856 spem

423 876 698 932 dimiserant,
732 875 785 919 de
818 874 996 935 reliquis
1016 875 1146 918 rebus
1173 874 1494 918 consultabant.
1522 877 1627 919 Erat
1658 891 1793 918 unum

424 959 527 1013 iter,
572 956 758 1000 Ilerdam
797 957 829 1000 si
870 957 1027 999 reverti
1061 954 1247 1009 vellent;
1287 955 1492 1010 alterum,
1521 956 1555 999 si
1585 958 1791 999 Tarraco-

423 1052 522 1079 nem
547 1046 758 1096 peterent.
796 1037 900 1078 Haec
929 1033 1255 1078 consiliantibus
1286 1035 1364 1087 eis,
1395 1035 1635 1089 nuntiatur,
1661 1051 1794 1095 aqua-

422 1126 537 1159 tores
572 1116 625 1158 ab
663 1116 856 1174 equitatu
899 1115 1037 1174 premi
1070 1123 1234 1157 nostro.
1263 1115 1363 1171 Qua
1396 1131 1441 1157 re
1470 1115 1664 1174 cognita,
1700 1130 1793 1157 cre-

425 1195 524 1238 bras
557 1195 761 1238 stationes
796 1193 1035 1254 disponunt
1062 1194 1257 1253 equitum
1293 1203 1335 1237 et
1371 1194 1616 1237 cohortium
1646 1191 1797 1236 alaria-

423 1292 520 1318 rum
544 1310 555 1331 ,
589 1274 934 1336 legionariasque
976 1274 1245 1334 interjiciunt
1284 1274 1507 1328 cohortes,
1548 1272 1796 1333 vallumque

425 1371 475 1397 ex
516 1356 666 1398 castris
691 1354 746 1398 ad
775 1370 932 1414 aquam
967 1353 1125 1397 ducere
1164 1354 1401 1413 incipiunt,
1432 1363 1478 1396 ut
1508 1353 1619 1397 intra
1651 1354 1795 1397 muni—

423 1435 613 1489 tionem,
647 1444 686 1477 et
715 1435 805 1477 sine
830 1435 1008 1490 timore,
1044 1443 1085 1476 et
1110 1434 1200 1477 sine
1235 1434 1492 1477 stationibus
1517 1433 1667 1493 aquari
1696 1449 1795 1493 pos-

425 1523 534 1557 sent.
562 1513 611 1558 Id
637 1531 745 1574 opus
773 1514 886 1556 inter
909 1529 952 1556 se
979 1514 1175 1556 Petreius
1204 1522 1334 1572 atque
1367 1512 1569 1558 Afranius
1598 1513 1794 1572 partiun-

426 1603 526 1643 tur,
567 1594 736 1653 ipsique
776 1592 1026 1652 perficiendi
1062 1593 1204 1653 operis
1244 1609 1372 1636 causa
1411 1592 1581 1653 longius
1617 1608 1796 1653 progre-

425 1673 618 1716 (liuntur.

490 1755 692 1796 LXXIV.
730 1753 932 1808 Quorum
959 1752 1147 1795 discessu
1172 1751 1352 1796 liberam
1381 1754 1494 1795 nacti
1524 1751 1679 1795 milites
1706 1752 1796 1795 col-

429 1832 673 1892 loquiorum
708 1831 982 1887 facultatem,
1016 1831 1148 1892 vulgo
1172 1832 1438 1892 procedunt,
1464 1842 1506 1874 et
1529 1847 1659 1891 quem
1684 1832 1798 1891 quis-

427 1913 571 1971 quein
597 1913 749 1955 castris
777 1923 930 1955 notum
957 1922 1032 1954 aut
1059 1913 1322 1972 municipem
1349 1911 1555 1967 habebat,
1580 1912 1799 1971 conquirit

428 2002 558 2052 atque
597 2002 760 2036 evocat.
801 1993 995 2036 Primum
1035 2001 1171 2052 agunt
1203 1992 1362 2052 gratias
1394 2007 1544 2034 omnes
1570 1991 1798 2046 omnibus,

428 2071 543 2132 quod
564 2073 643 2115 sibi
666 2072 905 2133 perterritis
930 2071 1069 2132 pridie
1088 2073 1406 2132 pepercissent3
1431 2087 1580 2115 eorum
1601 2087 1645 2114 se
1670 2071 1800 2113 bene-

427 2151 524 2196 ficio
549 2153 706 2195 vivere.
735 2151 903 2195 Deinde
928 2152 1201 2211 imperatoris
1226 2151 1355 2194 fidem
1380 2160 1599 2210 quaerunt,
1628 2160 1799 2194 rectene

429 2249 472 2274 se
498 2231 556 2274 illi
580 2233 665 2274 sint
687 2232 982 2287 commissuri3
1006 2242 1071 2286 et,
1101 2232 1217 2292 quod
1246 2249 1333 2275 non
1363 2232 1415 2275 ab
1449 2232 1571 2275 initio
1598 2230 1798 2283 fecerint,

427 2328 635 2371 armaque
655 2312 772 2371 quod
795 2329 891 2356 cuin
920 2312 1170 2355 hominibus
1193 2312 1442 2355 necessariis
1470 2321 1511 2355 et
1540 2310 1799 2371 consangui-

428 2392 519 2434 neis
542 2390 827 2443 contulerint,
858 2400 1116 2451 queruntur.
1143 2393 1220 2435 His
1246 2392 1470 2452 provocati
1501 2389 1771 2434 sermonibus
1789 2423 1799 2441 ‚
1856 2420 1862 2425 -

428 2470 557 2514 fidem
583 2471 635 2514 ab
660 2472 920 2532 imperatore
941 2470 994 2513 de
1015 2473 1173 2514 Petreii
1194 2482 1235 2515 et
1251 2471 1416 2515 Afranii
1439 2471 1528 2514 vita
1546 2478 1724 2531 petunt,
1746 2485 1800 2511 ne

428 2549 543 2607 quod
570 2550 612 2593 in
640 2567 683 2593 se
707 2549 842 2594 scelus
860 2551 1130 2609 concepisse,
1147 2568 1228 2594 neu
1256 2567 1354 2594 suos
1373 2549 1613 2610 prodidisse
1629 2547 1800 2591 videan-

429 2638 511 2670 tur.
540 2630 711 2685 Quibus
752 2630 1015 2673 confirmatis
1047 2630 1194 2685 rebus,
1223 2648 1265 2673 se
1292 2630 1435 2673 statim
1464 2629 1583 2689 signa
1622 2626 1800 2671 transla-
