1972 3356
563 223 627 258 DE
661 222 820 258 BELLO
850 222 1005 258 ClvlLl
1037 222 1129 257 LIB.
1161 223 1228 257 ΙΙΙ.
1523 234 1591 268 1¹7

194 316 257 350 tes
271 307 567 367 Pompeianos
588 317 775 369 egerunt
795 317 837 351 et
857 317 982 369 terga
1003 316 1173 350 vertere
1196 316 1435 366 coegerunt
1463 323 1471 349 :
1496 309 1592 367 qui-

194 387 276 431 bus
306 387 359 431 ad
389 388 696 449 recipiendum
723 398 863 433 crates
893 388 1094 443 directae,
1122 386 1404 450 longuriique
1432 388 1593 449 objecti

193 480 238 513 et
274 471 487 515 institutae
514 470 639 514 fossae
674 487 835 531 magno
863 469 1179 530 impedimento
1209 469 1403 513 fuerunt.
1439 470 1594 514 Nostri

192 568 321 607 vem,
341 552 418 612 qui
438 550 542 595 satis
562 551 787 594 habebant
806 551 900 594 sine
919 550 1189 594 detrimento
1211 550 1453 608 discedere,
1472 568 1594 595 com-

192 631 396 693 pluribus
429 632 700 686 interfeetis,
736 632 933 692 quinque
966 631 1150 675 omnino
1180 646 1363 675 suorum
1395 633 1593 688 amissis,

193 713 461 774 quietissime
475 730 519 757 se
533 722 820 774 receperunt,
845 711 1066 774 pauloque
1085 713 1193 756 citra
1212 728 1314 755 eum
1333 711 1478 757 locum
1497 730 1593 757 mo-

192 796 300 849 rati,
324 793 420 839 aliis
435 794 764 855 comprehensis
780 793 967 838 collibus
983 828 993 846 ‚
1010 794 1279 837 munitiones
1294 793 1591 855 perfecerunt.

255 877 439 921 XLVII.
470 878 577 920 Erat
604 892 717 920 nova
746 886 788 920 et
814 876 1021 920 inusitata
1047 874 1152 920 belli
1191 877 1326 932 ratio,
1365 893 1500 936 quum
1532 886 1596 920 tot

188 956 465 1003 castellorum
504 975 717 1014 numero,
758 967 970 1020 tantoque
1006 959 1174 1020 spatio,
1210 967 1253 1002 et
1286 959 1417 1002 tantis
1447 960 1593 1002 muni-

190 1039 410 1096 tionibus,
437 1050 479 1084 et
508 1050 601 1084 toto
637 1039 881 1085 obsidionis
909 1057 1091 1102 genere,
1122 1049 1216 1084 tum
1249 1041 1379 1084 etiam
1415 1038 1595 1101 reliquis

189 1121 334 1166 rebus.
374 1124 491 1168 Nam
525 1122 794 1184 quicumque
828 1121 1017 1167 alterum
1052 1122 1253 1166 obsidere
1290 1123 1436 1167 conati
1466 1132 1596 1177 sunt,

190 1203 415 1265 perculsos
444 1214 575 1266 atque
604 1204 803 1250 infirmos
825 1205 972 1249 hostes
997 1205 1162 1259 adorti,
1188 1215 1265 1249 aut
1294 1204 1449 1267 proelio
1475 1221 1598 1266 supe-

189 1295 332 1342 ratos,
380 1296 458 1331 aut
505 1285 651 1347 aliqua
699 1286 945 1331 offensione
991 1297 1214 1348 permotos
1257 1288 1596 1342 continuerunt,

188 1368 421 1429 quumipsi
438 1384 625 1412 numero
641 1368 831 1412 militum
857 1369 1144 1429 equitumque
1165 1378 1446 1430 praestarent:
1465 1385 1596 1412 causa

186 1460 334 1493 autem
365 1449 608 1494 obsidionis
647 1451 738 1494 haec
764 1450 853 1494 fere
882 1467 973 1494 esse
999 1451 1253 1506 consuevit,
1289 1461 1337 1494 ut
1372 1450 1597 1494 frumento

187 1530 333 1576 hostes
374 1531 711 1592 prohibeantur.
755 1532 904 1576 Caesar
940 1532 1146 1576 inferiore
1181 1531 1372 1576 militum
1411 1549 1597 1576 numero

186 1612 466 1670 continebat,
483 1630 620 1674 quum
642 1613 703 1657 illi
730 1614 931 1657 omnium
961 1630 1111 1658 rerum
1137 1615 1265 1675 copia
1291 1614 1596 1659 abundarent:

185 1693 382 1755 quotidie
404 1696 522 1739 enim
548 1712 735 1758 magnus
766 1695 963 1756 undiquc
991 1697 1170 1740 navium
1200 1714 1413 1741 numerus
1441 1714 1599 1741 conve-

186 1776 356 1833 niebat,
383 1793 481 1837 quae
506 1786 806 1820 commeatum
832 1786 1174 1837 supportarent3
1195 1795 1336 1838 neque
1365 1777 1478 1823 ullus
1496 1778 1598 1821 flare

186 1867 345 1901 ventus
372 1866 567 1917 poterat,
599 1858 707 1918 quin
733 1856 882 1917 aliqua
909 1875 961 1901 ex
995 1868 1120 1918 parte
1144 1858 1384 1902 secundum
1418 1876 1596 1904 cursum

187 1938 414 1982 haberent.
439 1941 537 1999 Ipse
554 1949 728 1995 autem,
748 1939 1023 2001 consumptis
1050 1939 1257 1984 omnibus
1272 1938 1402 2002 longe
1425 1939 1598 2001 lateque

187 2020 443 2076 frumentis,
471 2021 655 2065 summis
668 2031 761 2065 erat
789 2021 831 2064 in
849 2022 1064 2083 angustiis
1089 2038 1095 2064 z
1125 2020 1198 2065 sed
1227 2032 1372 2066 tamen
1394 2022 1488 2066 haec
1509 2022 1597 2066 sin-

187 2101 329 2163 gulari
360 2101 571 2162 patientia
603 2101 760 2146 milites
804 2102 1014 2146 ferebant.
1053 2102 1422 2147 Recordabantur
1459 2103 1597 2160 enim,

187 2183 341 2227 eadem
374 2200 418 2228 se
453 2185 680 2245 superiore
705 2201 823 2229 anno
849 2186 892 2228 in
924 2185 1135 2246 Hispania
1166 2201 1418 2246 perpessos⁷
1449 2183 1599 2228 labore

186 2275 228 2309 et
255 2266 468 2326 patientia
496 2267 738 2311 maximum
767 2265 931 2311 bellum
961 2266 1199 2311 confecisse
1233 2284 1242 2310 :
1281 2267 1599 2323 meminerant,

186 2346 241 2391 ad
269 2346 461 2392 Alesiam
491 2364 696 2410 magnam
725 2365 768 2392 se
793 2349 985 2410 inopiam
1013 2365 1268 2410 perpessos,
1299 2348 1440 2394 multo
1467 2350 1599 2394 etiam

189 2430 401 2490 majorem
430 2429 485 2473 ad
512 2430 775 2488 Avaricum,
803 2431 1097 2475 maximarum
1127 2447 1171 2475 se
1189 2432 1390 2493 gentium
1409 2432 1597 2476 victores

186 2509 450 2555 discessisse.
475 2511 603 2567 Non,
633 2510 717 2555 illis
730 2511 947 2557 hordeum
970 2530 1107 2574 quum
1134 2512 1334 2569 daretur,
1358 2530 1447 2557 nou
1478 2512 1601 2574 legu—

188 2592 308 2637 mina
333 2592 595 2638 recusabant
625 2611 633 2637 :
660 2610 794 2655 pecus
821 2611 951 2653 vero,
979 2596 1103 2656 cujus
1134 2596 1193 2638 rei
1221 2612 1393 2639 summa
1424 2605 1518 2640 erat
1547 2612 1600 2638 ex

189 2674 326 2734 Epiro
351 2676 474 2737 copia
495 2710 505 2733 ,
531 2692 691 2736 magno
719 2677 764 2720 in
789 2676 957 2722 honore
978 2677 1211 2721 habebant.
