1972 3356
440 243 488 279 30
645 244 683 279 C.
709 243 838 278 JULII
866 241 1080 277 CAESARIS
1112 242 1592 281 COMMENTARIORUM

441 328 559 371 horis
583 342 631 382 v,
656 326 880 386 nostrique
907 327 1081 387 gravius
1114 343 1138 370 a
1172 311 1453 372 multitudine
1477 340 1806 389 premerentur,

438 407 707 467 consumptis
733 405 935 450 omnibus
950 405 1045 450 telis
1061 440 1072 463 ,
1087 405 1240 467 gladiis
1257 406 1481 464 districtis,
1502 408 1711 469 impetum
1733 410 1809 454 ad-

438 501 584 529 versus
611 495 803 529 montem
830 486 875 529 in
899 486 1098 530 cohortes
1130 485 1317 543 faciunt,
1343 488 1578 548 paucisque
1605 487 1780 549 dejectis
1796 524 1807 542 ‚

437 564 627 626 reliquos
656 582 745 610 sese
766 576 1018 610 convertere
1051 576 1227 627 cogunt.
1263 567 1484 612 Submotis
1518 568 1597 613 sub
1631 586 1808 614 murum

436 646 710 702 cohortibus,
738 663 787 691 ac
815 645 1027 690 nonnulla
1059 656 1182 707 parte
1203 656 1384 708 propter
1411 657 1621 692 terrorem
1652 649 1697 693 in
1726 666 1806 710 op-

436 725 588 787 pidum
630 725 886 788 compulsis,
929 725 1067 771 facilis
1114 736 1178 770 est
1220 728 1378 771 nostris
1426 739 1623 789 receptus
1666 728 1805 773 datus.

436 808 666 868 Equitatus
699 816 844 851 autem
872 817 1020 851 noster
1046 807 1099 850 ab
1135 816 1320 867 utroque
1345 807 1498 864 latere,
1524 809 1604 853 etsi
1632 808 1808 870 dejectis

436 898 567 948 atque
591 888 869 932 inferioribus
895 885 1001 931 locis
1034 888 1310 945 constiterat,
1338 897 1482 932 tamen
1512 889 1556 932 in
1587 905 1807 933 summum

431 968 586 1030 jugum
601 969 762 1012 virtute
787 968 1042 1022 connititur,
1067 977 1198 1027 atque
1218 968 1332 1011 inter
1350 967 1455 1012 duas
1479 969 1591 1013 acies
1609 971 1808 1030 perequi-

436 1058 529 1092 tans
563 1046 905 1092 commodiorem
949 1062 998 1090 ac
1026 1047 1231 1090 tutiorem
1261 1048 1419 1091 nostris
1457 1058 1679 1109 receptum
1719 1049 1806 1092 dat.

435 1130 501 1172 Ita
521 1128 643 1171 vario
668 1126 904 1171 certamine
925 1136 1169 1187 pugnatum
1194 1136 1270 1170 est.
1293 1127 1443 1171 Nostri
1467 1127 1511 1171 in
1538 1128 1679 1188 primo
1703 1145 1809 1172 con-

434 1224 583 1267 gressu
620 1208 794 1252 circiter
831 1223 918 1252 Lxx
945 1205 1220 1261 ceciderunt;
1250 1208 1294 1250 in
1320 1207 1386 1250 his
1411 1208 1466 1265 Q.
1501 1207 1727 1269 Fulginius
1758 1225 1809 1252 ex

435 1288 576 1349 primo
598 1288 769 1332 hastato
797 1287 979 1350 legionis
1005 1303 1097 1343 XIV,
1126 1288 1222 1348 qui,
1248 1297 1428 1349 propter
1452 1289 1653 1333 eximiam
1673 1290 1810 1334 virtu-

435 1378 542 1423 tem,
571 1385 622 1412 ex
640 1368 916 1413 inferioribus
939 1367 1167 1412 ordinibus
1189 1369 1232 1411 in
1250 1385 1350 1412 eum
1372 1367 1516 1413 locum
1536 1379 1806 1429 pervenerat.

434 1448 735 1493 Vulnerantur
770 1447 955 1509 amplius
993 1464 1063 1494 Dc.
1106 1451 1170 1493 Ex
1201 1448 1447 1492 Afranianis
1486 1448 1808 1493 interficiuntur

433 1530 482 1572 T.
513 1526 732 1584 Caecilius,
765 1529 895 1589 primi
920 1527 996 1589 pili
1021 1529 1242 1584 centurio,
1271 1539 1314 1572 et
1341 1537 1499 1589 praeter
1527 1544 1627 1573 eum
1658 1539 1807 1573 centu-

436 1609 579 1652 riones
607 1624 676 1665 IV,
705 1608 862 1653 milites
889 1608 1078 1670 amplius
1104 1625 1168 1654 cc.

497 1690 679 1734 XLVII.
713 1688 797 1733 Sed
822 1689 913 1733 haec
948 1690 1040 1750 ejus
1085 1688 1169 1732 (liei
1210 1688 1436 1749 praefertur
1474 1690 1647 1749 opinio,
1680 1700 1729 1733 ut
1760 1706 1803 1734 se

435 1770 606 1829 utrique
642 1770 886 1830 superiores
927 1768 1168 1812 discessisse
1207 1768 1522 1823 existimarent3
1556 1769 1808 1826 Afraniani,

433 1849 571 1909 quod,
602 1865 738 1909 quum
777 1864 868 1892 esse
904 1848 1102 1892 omnium
1137 1847 1301 1908 judicio
1338 1847 1565 1892 inferiores
1608 1847 1808 1893 videren-

434 1940 525 1986 tur,
545 1930 742 1973 cominus
767 1938 854 1972 tam
882 1927 958 1972 diu
986 1929 1222 1985 stetissent,
1248 1938 1291 1972 et
1316 1938 1567 1972 nostrorum
1594 1929 1806 1990 impetum

433 2010 758 2066 sustinuissent,
794 2019 835 2053 et
875 2010 999 2053 initio
1026 2008 1169 2053 locum
1207 2007 1512 2069 tumulumque
1549 2010 1806 2066 tenuissent,

433 2107 528 2151 quae
551 2107 682 2134 causa
704 2089 929 2152 pugnandi
957 2089 1123 2144 fuerat,
1149 2099 1191 2134 et
1214 2099 1385 2133 nostros
1410 2090 1554 2151 primo
1572 2104 1806 2150 congressu

433 2181 555 2232 terga
591 2181 761 2215 vertere
797 2170 1055 2232 coegissent3
1096 2171 1234 2214 nostri
1280 2179 1447 2226 autem,
1481 2168 1620 2230 quod,
1654 2170 1807 2229 iniquo

433 2250 529 2296 loco
575 2261 705 2312 atque
749 2251 906 2313 impari
947 2252 1166 2312 congressi
1202 2267 1405 2307 numero,
1453 2252 1647 2312 quinque
1689 2249 1808 2293 horis

433 2331 636 2393 proelium
665 2332 992 2387 sustinuissent,
1025 2331 1143 2392 quod
1181 2341 1373 2376 montem
1406 2330 1559 2394 gladiis
1596 2329 1805 2374 districtis

434 2411 754 2468 ascendissent,
782 2411 901 2474 quod
927 2428 978 2456 ex
1003 2411 1099 2456 loco
1125 2413 1348 2473 superiore
1380 2421 1502 2473 terga
1525 2420 1693 2455 vertere
1732 2408 1806 2453 ad-

435 2493 645 2537 versarios
687 2494 957 2555 coegissent,
996 2502 1125 2553 atque
1157 2494 1202 2537 in
1228 2492 1440 2554 oppidum
1475 2488 1801 2552 compulissent.

434 2571 501 2616 Illi
526 2589 625 2617 eum
655 2573 893 2631 tumulum,
917 2589 997 2634 pro
1021 2590 1108 2633 quo
1134 2583 1376 2635 pugnatum
1399 2581 1482 2626 est,
1511 2569 1679 2631 magnis
1708 2583 1807 2628 ope-

434 2652 554 2697 ribus
577 2655 850 2707 munierunt,
868 2652 1202 2716 praesidiumque
1224 2653 1281 2697 ibi
1308 2659 1562 2713 posuerunt.
