1972 3356
281 307 351 331 120
502 298 540 333 C.
573 298 701 333 JULII
730 297 948 336 CAESARIS
974 299 1454 338 COMMENTARIORUM

276 378 385 436 lent,
400 397 479 424 nec
498 381 652 424 virtuti
667 380 787 425 locus
811 382 1167 443 relinquebatur,
1190 401 1333 445 neque
1347 385 1401 428 ab
1421 393 1542 427 tanta
1556 375 1665 428 mul-

277 459 467 503 titudine
489 461 690 520 conjecta
711 461 797 506 tela
814 463 1000 507 conferti
1014 464 1153 507 vitare
1176 473 1394 525 poterant.
1415 466 1580 508 Tamen
1604 473 1671 507 tot

276 539 565 584 incommodis
588 541 850 598 conflictati,
865 542 1015 588 multis
1028 543 1287 589 vulneribus
1310 544 1519 605 acceptis,
1544 545 1672 586 resis-

275 619 444 676 tebant,
462 629 504 664 et
518 637 679 683 magna
694 633 818 683 parte
833 623 920 668 diei
933 635 1196 686 consumpta
1209 659 1220 681 ,
1235 641 1371 686 quum
1382 642 1405 668 a
1422 625 1565 686 prima
1576 622 1673 668 luce

274 699 329 743 ad
346 700 502 745 horam
525 712 726 747 octavam
747 715 1041 766 pugnaretur,
1062 705 1193 762 nihil,
1212 705 1332 767 quod
1355 706 1458 768 ipsis
1472 715 1584 750 esset
1606 705 1673 748 in-

275 780 459 842 dignum
476 818 487 840 ,
506 785 859 829 committebant.
884 788 999 830 Tum
1017 789 1066 832 T.
1083 786 1332 843 Balventio,
1354 787 1431 847 qui
1446 787 1673 848 superiore

275 877 391 906 anno
418 864 612 924 primum
637 864 776 926 pilum
807 865 1020 924 duxerat,
1050 868 1146 911 viro
1175 867 1279 911 forti
1309 877 1352 912 et
1382 884 1551 929 magnae
1575 883 1675 910 auc-

275 944 487 1002 toritatis,
519 955 759 1007 utrumque
784 946 928 991 femur
956 947 1130 1010 tragula
1155 948 1426 1009 transjicitur
1458 965 1466 991 :
1497 948 1554 1004 Q.
1583 948 1674 992 Lu-

274 1025 447 1082 canius,
479 1026 679 1087 ejusdem
711 1027 900 1083 ordinis,
931 1028 1166 1072 fortissime
1196 1045 1420 1090 pugnans,
1453 1027 1559 1072 dum
1594 1028 1676 1071 cir-

274 1117 512 1151 cumvento
535 1107 627 1152 filio
657 1109 882 1165 subvenit,
913 1109 1181 1154 interficitur
1206 1128 1214 1153 :
1241 1112 1290 1154 L.
1318 1112 1468 1165 Cotta,
1487 1109 1674 1172 legatus,

274 1204 427 1232 omnes
461 1189 665 1233 cohortes
693 1189 959 1250 ordinesque
993 1189 1254 1247 adhortans,
1287 1191 1331 1234 in
1364 1190 1597 1234 adversum
1628 1207 1676 1234 os

273 1267 410 1313 funda
430 1268 699 1316 vulneratur.

337 1351 548 1396 XXXVI.
573 1352 651 1396 His
673 1353 802 1397 rebus
829 1363 1057 1415 permotus
1081 1355 1139 1412 Q.
1165 1355 1364 1398 Titurius
1380 1389 1391 1409 ,
1415 1370 1553 1415 quum
1576 1370 1676 1414 pro-

276 1430 346 1474 cul
384 1432 690 1495 Ambiorigem
723 1451 823 1479 suos
860 1436 1168 1480 cohortantem
1194 1436 1512 1497 conspexisset,
1540 1436 1677 1479 inter-

276 1522 447 1572 pretem
470 1530 621 1570 suum,
642 1516 723 1559 Cn.
750 1517 1039 1577 Pompeium,
1061 1517 1115 1561 ad
1140 1534 1241 1561 eum
1266 1517 1424 1572 mittit,
1451 1525 1676 1577 rogatum,

275 1603 325 1637 ut
354 1593 438 1637 sibi
470 1593 774 1657 militibusque
805 1607 970 1657 parcat.
1003 1597 1083 1642 Illc
1111 1596 1377 1658 appellatus,
1413 1595 1641 1657 respondit
1669 1614 1676 1639 :

276 1695 296 1715 «
320 1676 364 1719 Si
393 1674 499 1719 velit
531 1693 679 1721 secum
704 1676 918 1738 colloqui,
943 1677 1096 1733 liccre;
1124 1695 1319 1739 sperare,
1344 1695 1368 1721 a
1392 1677 1678 1722 multitudine

278 1744 506 1816 impetrari
542 1773 696 1818 posse,
736 1758 855 1819 quod
889 1758 943 1802 ad
984 1759 1176 1803 militum
1216 1759 1401 1803 salutem
1440 1760 1678 1820 pertincat3

278 1837 371 1897 ipse
388 1854 492 1881 vero
513 1837 623 1881 nihil
647 1840 845 1883 nocitum
863 1840 938 1895 iri,
957 1841 1092 1901 inque
1112 1858 1208 1884 eam
1227 1858 1321 1884 rem
1341 1858 1385 1884 se
1405 1857 1529 1884 suam
1547 1839 1678 1884 fidem

279 1919 576 1978 interponere.
601 1939 621 1960 »
650 1918 730 1963 Ille
755 1937 856 1966 cum
880 1922 1013 1965 Cotta
1037 1922 1186 1965 saucio
1207 1922 1528 1977 communicat,
1553 1921 1588 1964 si
1615 1921 1683 1963 vi-

278 1997 430 2042 deatur
450 2033 462 2055 ,
502 2016 651 2060 pugna
675 2010 725 2044 ut
748 2001 983 2058 excedant,
1009 2011 1052 2045 et
1074 2019 1175 2046 cum
1199 2002 1454 2063 Ambiorige
1479 2018 1566 2045 una
1595 1999 1681 2044 col-

280 2075 520 2136 loquantur
547 2096 555 2122 :
581 2096 757 2140 sperare
784 2117 794 2136 ,
820 2082 873 2125 ab
896 2099 947 2126 eo
969 2082 1022 2127 de
1046 2100 1123 2127 sua
1152 2100 1202 2127 ac
1227 2082 1420 2126 militum
1441 2080 1582 2126 salute
1602 2083 1681 2125 im-

279 2166 451 2217 petrare
481 2175 620 2219 posse.
651 2163 781 2206 Cotta
810 2181 854 2207 se
882 2163 937 2207 ad
962 2174 1184 2208 armatum
1213 2164 1382 2208 hostem
1414 2164 1582 2208 iturum
1607 2179 1679 2206 ne-

280 2248 373 2299 gat,
397 2249 532 2299 atque
554 2241 596 2284 in
621 2259 672 2285 eo
700 2245 911 2288 constitit.

345 2322 578 2367 XXXVII.
617 2324 825 2382 Sabinus,
855 2344 966 2386 quos
998 2328 1041 2371 in
1069 2330 1299 2388 praesentia
1326 2329 1529 2373 tribunos
1561 2326 1676 2371 mili-

282 2411 375 2445 tum
399 2403 565 2447 circum
590 2422 633 2448 se
665 2405 853 2449 habebat
884 2416 924 2450 et
950 2408 1198 2467 primorum
1222 2409 1430 2453 ordinum
1459 2409 1678 2452 centurio-

282 2500 378 2533 1163,
407 2500 450 2527 sc
473 2486 593 2545 sequi
617 2487 742 2546 jubet
766 2505 774 2530 :
794 2498 837 2531 et
857 2504 993 2548 quum
1014 2491 1197 2550 propius
1218 2490 1517 2551 Ambiorigem
1538 2505 1678 2533 acces-

283 2564 425 2619 sisset,
451 2565 598 2625 jussus
630 2584 750 2611 arma
777 2568 986 2629 abjicere,
1019 2570 1284 2630 imperatum
1324 2570 1449 2623 facit;
1476 2570 1676 2629 suisque,

287 2654 331 2686 ut
354 2644 467 2689 idem
489 2646 675 2699 faciant,
695 2649 895 2709 imperat.
919 2651 1123 2702 Interim,
1145 2650 1249 2693 dum
1273 2650 1326 2693 dc
1348 2649 1676 2693 conditionibus

288 2724 400 2767 inter
423 2743 465 2768 sc
491 2737 647 2786 agunt,
674 2727 935 2789 longiorque
961 2730 1161 2774 consulto
1192 2731 1245 2773 ab
1272 2730 1526 2791 Ambiorige
1553 2731 1676 2776 insti-
