1972 3356
297 277 317 311 3
329 276 371 312 18
667 277 821 312 NOTAE
849 277 899 312 IN
929 277 1305 314 COMMENTARIA

348 355 434 390 Cir.
465 355 492 388 Ι.
526 352 729 389 Pharnace
752 361 942 402 Superato.
963 352 1062 390 Vide
1082 355 1180 390 Bell.
1209 357 1345 400 Alexa,
1367 369 1448 404 cap.
1471 356 1531 402 76.
1553 378 1605 384 —
1622 358 1687 392 Ul-

298 415 442 451 terioris
455 415 659 464 Hispanioe
672 417 818 464 potitus
837 424 942 452 esset.
961 415 1060 451 Vide
1079 417 1198 452 Dion.
1219 417 1319 454 Cass.
1331 445 1341 463 ,
1366 417 1433 454 lib.
1458 431 1556 454 xun
1572 445 1582 463 ,
1607 430 1688 466 cap.

294 477 364 522 28,
394 477 455 513 32.
488 498 542 504 --
578 478 797 514 Muneribus
821 479 972 513 dandis.
999 479 1118 514 DloN.
1144 479 1266 523 Ciss„
1298 492 1422 525 xmu,
1449 479 1512 524 15,
1543 493 1602 529 19.
1636 501 1690 508 —

297 539 531 574 Provinciam
553 548 717 576 vastare.
744 541 864 576 Dion.
880 542 980 576 Cass.
996 567 1005 584 ,
1032 553 1155 585 xL111,
1189 541 1249 576 30.
1264 543 1387 577 —De
1416 542 1480 578 Cn.
1495 543 1688 590 Pompeio.

295 600 512 648 Conjiciunt
544 601 608 637 alii
632 618 647 634 «
665 603 827 648 Caesare3
845 618 860 634 »
891 602 996 650 quod
1021 602 1174 650 quidem
1204 604 1432 640 narrationis
1466 617 1584 641 nexus
1609 617 1686 652 po-

293 663 434 699 stulare
457 663 641 700 videatur.

347 726 433 763 cip,
466 727 517 763 ΙΙ.
553 727 676 774 Quum
700 726 817 762 celeri
835 725 1086 772 festinatione
1119 727 1175 762 ad
1207 727 1343 763 bellum
1367 727 1633 774 conficiendum
1653 729 1690 764 in

293 787 520 835 Hispaniam
550 789 727 826 venisset.
759 789 882 833 Quam
920 788 1179 837 longissimam
1215 789 1338 834 viam,
1368 796 1460 825 teste
1497 790 1691 838 Appiano,

293 848 474 886 vicesimo
506 851 670 899 septimo
689 850 751 886 die
777 851 953 886 absolvit.
977 852 1061 887 Hoc
1080 858 1203 887 autem
1222 852 1261 886 in
1284 851 1420 888 itinere
1434 850 1691 896 conficiendo,

292 923 428 958 poema
451 913 644 960 quoddam
659 940 669 957 ,
689 912 750 948 cui
770 912 901 949 titulus
925 915 1024 956 lter,
1047 913 1302 960 composuisse
1321 913 1449 949 fertur.

347 975 433 1011 Cn.
461 976 528 1010 VI.
561 976 609 1010 Ut
632 975 702 1010 υιζτ
723 975 762 1009 in
782 987 828 1010 ea
851 975 959 1010 coede
976 976 1101 1023 pauci
1122 974 1342 1023 effugerent.
1372 975 1538 1012 Laborat
1559 977 1691 1012 hiclo-

291 1048 374 1081 cus,
397 1043 436 1072 ut
464 1043 554 1084 pote
582 1036 801 1080 obscurior,
827 1048 939 1084 quam
965 1042 1065 1071 certe
1086 1035 1160 1071 dici
1174 1036 1292 1083 possit
1317 1036 1486 1073 Caesarne
1507 1051 1554 1073 an
1574 1040 1689 1074 Pom—

292 1098 396 1145 peius
418 1098 562 1134 vicerit.
583 1098 623 1134 Si
645 1105 771 1134 tamen
796 1098 915 1133 Dioni
936 1097 1065 1134 Cassio
1090 1096 1218 1148 (x1,111
1234 1125 1243 1143 ,
1271 1098 1339 1148 33)
1361 1098 1564 1145 credimus,
1579 1102 1692 1136 Pom-

292 1160 381 1208 peio
401 1160 560 1196 feliciter
582 1160 735 1197 cessisse
756 1160 931 1208 proelium
956 1160 1114 1195 videtur.

344 1222 430 1260 Cn».
456 1223 542 1258 VII.
560 1223 656 1269 Quoe
672 1236 697 1258 a
725 1223 906 1258 Trebonio
934 1221 1229 1271 transfugerant.
1256 1222 1408 1259 Caesaris
1434 1223 1571 1271 legato.
1592 1223 1692 1259 Vide

291 1286 476 1330 CAssxuM,
500 1298 629 1330 xmu,
656 1297 717 1334 29.

344 1346 430 1383 CAP.
458 1348 564 1383 VIII.
585 1348 751 1395 Propter
772 1346 1182 1393 terroefecundltatem.
1203 1346 1357 1382 Monuit
1385 1347 1578 1392 Davisius,
1593 1359 1692 1395 prae-

291 1416 403 1444 eunte
417 1409 571 1458 Lipsio,
597 1407 930 1453 infecunditatem,
956 1416 992 1445 et
1018 1410 1131 1457 paulo
1159 1415 1246 1456 post
1270 1421 1343 1444 non
1368 1410 1477 1445 nimis·
1495 1411 1692 1458 copiosam

291 1472 531 1519 aquationem
559 1471 762 1520 legendum
790 1471 931 1517 videri,
957 1478 993 1507 et
1013 1471 1158 1507 confert
1182 1471 1382 1515 strabon„
1408 1471 1473 1507 lib.
1497 1484 1561 1507 ιιι.

1462 1535 1611 1569 Monus.

343 1595 428 1631 Cap,
468 1597 589 1633 XVII.
617 1596 707 1632 Cum
731 1596 874 1632 Catone
896 1597 1087 1632 Lusitano.
1121 1596 1270 1643 Legunt
1295 1594 1358 1630 alii
1384 1612 1396 1626 r·
1415 1608 1499 1631 cum
1524 1596 1691 1631 Antonio

293 1656 497 1702 Lusitano,
516 1674 530 1689 »
551 1658 654 1704 cujus
681 1658 853 1705 quidem,
876 1665 916 1692 ut
940 1657 1088 1692 comitis
1112 1657 1414 1701 Tullio‚mentio
1442 1665 1496 1693 est
1518 1657 1557 1692 in
1581 1671 1611 1693 c.
1631 1656 1689 1693 18.

300 1717 474 1754 Ceterum
489 1719 613 1755 omnis
626 1719 690 1755 illa
701 1719 870 1755 narratio
885 1719 991 1766 quasi
1011 1718 1268 1754 inextricabili
1289 1718 1510 1755 confusione
1530 1720 1690 1755 laborat.

345 1780 431 1817 Cn».
479 1781 621 1816 XXIV.
660 1781 862 1815 Soricaria.
901 1780 1092 1827 Hispaniae
1124 1779 1327 1815 citerioris
1358 1780 1562 1828 oppidum,
1589 1781 1691 1829 quod

291 1840 406 1883 infra,
433 1854 514 1890 cap.
548 1854 617 1886 27,
647 1842 787 1877 Sort'tia
815 1841 962 1877 dicitur.

344 1903 430 1939 Cap.
465 1904 601 1939 XXVI.
637 1904 672 1939 S.
707 1904 748 1939 V.
777 1904 820 1939 G.
848 1905 896 1939 E.
926 1904 968 1938 V.
997 1903 1171 1938 Formula
1210 1903 1442 1952 epistolaris,
1482 1916 1563 1951 quae
1591 1903 1690 1940 idem

291 1973 399 2000 sonat
419 1979 461 2001 ac
487 1984 501 1998 «
520 1966 565 2003 Si.
583 1966 736 2011 valetis,
761 1966 910 2014 gaudeo
935 1979 942 2000 :
972 1977 1042 2014 ego
1071 1967 1191 2002 valeo.
1212 1983 1226 1997 υ
1250 1965 1344 2001 Vide
1366 1966 1521 2010 Cutem,
1547 1966 1666 2014 Epist.
1681 1993 1690 2010 ,

294 2040 335 2062 ix
351 2055 362 2072 ,
387 2041 421 2075 9.

343 2090 428 2126 cip.
448 2091 585 2126 XXXI.
607 2091 787 2139 Utptope
808 2090 929 2125 nostri
950 2088 1167 2135 dissiderent
1190 2090 1368 2125 victoriae.
1389 2089 1584 2136 Nusquam
1599 2089 1690 2124 alias

290 2165 379 2188 sane
403 2153 538 2188 Caesari
566 2152 684 2199 majus
714 2152 902 2188 imminuit
937 2152 1157 2199 periculum.
1192 2152 1267 2195 Cf.,
1294 2152 1341 2188 de
1367 2151 1482 2199 ipsius
1507 2150 1688 2198 despera-

291 2214 418 2259 tione,
449 2216 685 2259 Prummu„
716 2215 837 2256 Cema,
871 2213 943 2258 563
980 2215 1098 2249 Vsu„
1136 2216 1322 2258 erssnc„
1366 2226 1428 2255 ιι,
1462 2211 1529 2257 55;
1552 2214 1691 2257 Fron„

293 2290 355 2324 iv,
394 2277 462 2322 82;
494 2278 632 2321 Sumu,
657 2278 753 2323 Jul.‚
795 2276 863 2321 363
905 2277 1185 2325 praesertimque
1231 2279 1350 2312 Dion.
1397 2278 1497 2311 CAss.
1512 2303 1521 2320 ,
1562 2287 1665 2311 xmu
1680 2303 1690 2319 ‚

293 2339 363 2383 36,
391 2338 453 2375 38.

343 2403 428 2437 Cap.
454 2401 638 2437 XXXIII.
666 2401 849 2449 Scapula.
877 2399 952 2445 Qui
982 2400 1152 2435 Baeticam
1176 2413 1327 2436 omnem
1351 2413 1370 2436 a
1398 2401 1538 2436 Caesare
1565 2399 1689 2436 abdu-

293 2475 375 2498 cere
403 2463 481 2510 jam
511 2470 596 2499 ante
625 2469 782 2498 conatus
815 2468 918 2506 erat,
944 2474 1054 2509 quam
1080 2462 1147 2497 Cn.
1171 2463 1371 2511 Pompeius
1404 2463 1441 2497 in
1468 2461 1687 2509 Hispaniam

294 2526 469 2562 venisset.

345 2589 431 2625 Cn.
454 2589 574 2626 XLII.
607 2588 780 2624 Cassium
801 2589 838 2623 in
858 2588 980 2623 medio
993 2587 1088 2633 soro
1115 2586 1265 2633 nefarie
1287 2587 1487 2635 interficere
1499 2587 1686 2623 voluistis.

292 2649 415 2694 Vide,
441 2663 482 2686 ea
503 2650 550 2686 de
569 2662 630 2694 re,
660 2652 759 2686 Bell.
785 2652 918 2692 Alex„
945 2662 975 2685 c.
1005 2648 1065 2684 52.

352 2713 521 2758 Quarum
547 2713 720 2748 laudibus
740 2721 777 2748 et
795 2713 941 2748 virtute.
968 2712 1096 2747 Cetera
1117 2711 1399 2755 desiderantur,
1426 2724 1504 2758 quae
1521 2717 1624 2759 petas
1644 2709 1687 2744 li-
