1972 3356
342 213 392 247 80
558 214 597 248 C.
624 212 754 247 JULII
785 210 1004 245 CAESARIS
1034 208 1524 244 COMMENTARIORUM

341 298 525 343 Caesaris
545 297 590 339 in
611 312 655 339 se
679 293 904 339 beneficiis
932 292 994 337 illi
1021 293 1297 348 amicissimi3
1320 300 1564 337 conventus
1585 292 1640 349 is,
1664 292 1739 352 qui

341 395 393 421 ex
409 377 539 420 variis
561 375 794 436 generibus
819 384 1063 431 constaret3
1087 384 1227 418 terror
1241 390 1293 418 ex
1309 371 1611 434 superioribus
1630 389 1743 433 proe—

341 457 409 501 liis
428 473 627 518 magnus.
656 459 812 518 Itaque
838 456 890 500 de
913 455 1136 500 deditione
1160 471 1313 500 omnes
1337 453 1483 516 palam
1507 452 1744 514 loqueban-

341 547 428 595 tur,
454 548 498 582 et
523 554 625 582 eum
650 539 695 582 P.
711 539 830 583 Attio
855 537 1064 600 agebant,
1092 554 1144 581 ne
1168 553 1245 581 sua
1273 535 1512 598 pertinacia
1538 534 1741 578 omnium

341 618 543 663 fortunas
571 618 823 681 perturbari
855 618 998 663 vellet.
1021 621 1124 663 Haee
1148 634 1287 680 quum
1311 626 1566 679 agerentur,
1596 616 1743 660 nuntii

340 700 554 763 praemissi
577 701 631 745 ab
660 717 762 763 rege
788 700 903 745 Juba
933 710 1173 756 venerunt,
1193 700 1270 760 qui
1298 697 1420 742 illum
1447 714 1547 742 cum
1570 697 1743 759 magnis

340 782 476 843 copiis
491 781 641 826 adesse
665 781 863 827 dicerent
878 817 890 837 ,
912 792 956 826 et
981 782 1034 826 de
1055 781 1253 826 custodia
1279 797 1329 825 ae
1349 779 1603 824 defensione
1618 779 1742 823 urbis

340 863 629 908 hortarentur
654 881 663 908 :
690 881 790 925 quae
818 881 884 908 res
915 881 1068 908 eorum
1093 863 1348 925 perterritos
1374 862 1546 905 animos
1574 860 1740 905 confir-

341 945 490 990 mavit.

404 1028 638 1071 XXXVII.
665 1027 1003 1071 Nuntiabantur
1022 1028 1114 1071 haee
1141 1027 1294 1071 eadem
1326 1026 1533 1079 Curioni,
1562 1024 1636 1069 sed
1665 1023 1744 1068 ali-

341 1107 552 1169 quamdiu
577 1108 682 1152 fides
707 1108 799 1152 fieri
822 1125 911 1152 non
928 1118 1101 1171 poterat
1124 1126 1131 1152 t
1151 1118 1318 1153 tantam
1343 1107 1534 1151 habebat
1563 1122 1743 1150 suarum

341 1205 490 1233 rerum
539 1188 765 1234 fiduciam!
811 1191 992 1251 jamque
1028 1191 1212 1235 Caesaris
1249 1190 1292 1232 in
1322 1189 1533 1250 Hispania
1567 1204 1636 1232 res
1681 1203 1745 1231 εε-

340 1270 493 1315 cundae
519 1272 562 1315 in
589 1271 782 1316 Africam
812 1273 979 1317 nuntiis
1006 1289 1056 1316 ae
1083 1271 1238 1316 litteris
1261 1270 1610 1332 perferebantur.
1634 1269 1744 1327 Qui-

340 1352 422 1397 bus
447 1353 653 1398 omnibus
683 1354 813 1399 rebus
840 1353 1059 1411 sublatus,
1089 1352 1198 1398 nihil
1228 1364 1381 1398 eontra
1419 1369 1462 1397 se
1488 1367 1636 1414 regem
1674 1352 1743 1395 ni-

341 1451 495 1480 surum
520 1435 815 1479 existimabat.
844 1434 931 1480 Sed
956 1435 1031 1478 ubi
1059 1436 1190 1479 certis
1220 1434 1476 1479 auctoribus
1503 1433 1741 1493 comperit,

341 1517 487 1560 minus
501 1532 530 1559 v
547 1526 588 1560 et
615 1533 677 1560 xx
690 1515 886 1560 millibus
910 1515 1041 1577 longe
1071 1516 1125 1560 ab
1141 1516 1270 1560 Utica
1287 1515 1380 1575 ejus
1403 1514 1552 1576 copias
1572 1514 1744 1569 abesse,

341 1596 504 1642 relictis
546 1598 897 1655 munitionibus,
931 1614 1023 1642 sese
1058 1598 1103 1642 in
1133 1607 1277 1642 eastra
1321 1595 1529 1642 Cornelia
1564 1595 1742 1656 recepit.

342 1681 440 1722 Huc
469 1677 741 1723 frumentum
775 1690 1082 1741 comportare,
1114 1688 1258 1723 eastra
1287 1678 1484 1731 munire,
1511 1678 1741 1722 materiam

341 1761 542 1805 conferre
580 1761 733 1822 eoepit,
764 1761 1000 1821 statimque
1028 1761 1071 1803 in
1109 1759 1303 1804 Siciliam
1342 1759 1490 1814 misit,
1517 1759 1579 1802 uti
1620 1774 1651 1802 11
1689 1756 1746 1802 le-

341 1843 491 1904 giones
529 1841 813 1903 reliquusque
850 1843 1071 1902 equitatus
1112 1840 1166 1884 ad
1211 1857 1254 1883 se
1288 1840 1553 1884 mitteretur.
1590 1840 1746 1884 Castra

340 1933 464 1968 erant
492 1923 547 1967 ad
572 1922 739 1967 bellum
754 1922 1007 1967 ducendum
1034 1922 1280 1983 aptissima,
1308 1931 1466 1965 natura
1486 1919 1568 1964 loci
1587 1929 1630 1964 et
1655 1936 1747 1964 rnu-

341 2005 531 2060 nitione,
555 2015 598 2049 et
623 2006 757 2049 maris
786 2005 1145 2066 propinquitate,
1174 2013 1217 2047 et
1247 2019 1371 2064 aquae
1399 2011 1442 2046 et
1466 2000 1566 2045 salis
1595 2002 1744 2062 eopia,

341 2088 467 2148 eujus
498 2103 658 2148 magna
694 2087 757 2130 vis
786 2087 877 2147 jam
913 2103 965 2129 ex
1003 2086 1214 2147 proximis
1244 2094 1337 2128 erat
1372 2082 1522 2128 salinis
1559 2099 1612 2127 eo
1645 2099 1745 2126 eon-

341 2178 475 2229 gesta.
507 2169 609 2213 Non
638 2169 819 2212 materia
848 2166 1134 2211 multitudine
1162 2166 1395 2219 arborum,
1435 2181 1523 2208 non
1554 2164 1745 2208 frumen·

343 2259 463 2307 tum,
501 2251 626 2311 eujus
655 2259 782 2293 erant
804 2247 1046 2311 plenissimi
1074 2249 1194 2310 agri,
1228 2247 1414 2291 deficere
1444 2255 1632 2308 poterat.
1660 2246 1743 2288 Ita-

341 2348 427 2392 que
461 2333 662 2375 omnium
701 2348 883 2375 suorum
917 2347 1136 2374 consensu
1177 2330 1314 2375 Curio
1354 2326 1548 2389 reliquas
1592 2326 1742 2387 copias

342 2423 620 2474 exspectare,
648 2422 691 2457 et
716 2411 883 2456 bellum
911 2411 1071 2456 ducere
1096 2411 1292 2472 parabat.

409 2496 664 2539 XXXVIII.
694 2496 771 2539 His
800 2494 1049 2537 constitutis
1085 2494 1240 2544 rebus,
1276 2492 1559 2553 probatisque
1598 2489 1742 2533 eonsi-

344 2574 434 2629 liis,
458 2592 510 2619 ex
531 2576 725 2638 perfugis
749 2574 1009 2637 quibusdam
1037 2573 1270 2635 oppidanis
1297 2572 1445 2628 audit,
1467 2571 1651 2621 Jubam,
1677 2587 1742 2614 re-

347 2666 549 2700 vocatum
589 2657 775 2702 finitimo
802 2655 918 2701 bello
955 2665 998 2699 et
1034 2656 1342 2701 controversiis
1377 2653 1741 2714 Leptitanorum,
