1972 3356
577 213 644 248 DE
673 212 835 248 BELLO
865 212 1016 248 CIVILI
1046 214 1138 248 LIB.
1168 214 1233 250 111.
1540 212 1589 260 95

204 297 326 342 Orici
358 305 488 358 atque
516 295 758 358 Apolloniae
795 306 949 358 gestae,
984 297 1233 359 Dyrrachio
1261 297 1444 355 timens,
1473 297 1588 342 diur-

206 379 272 423 nis
305 395 356 423 eo
391 379 702 440 nocturnisque
736 379 964 423 itineribus
987 379 1225 424 contendit.
1252 379 1356 436 Quo
1384 378 1512 424 simul
1540 396 1590 424 ac

205 462 350 505 Caesar
365 460 721 522 appropinquare
738 459 980 512 dicebatur,
998 468 1145 504 tantus
1163 471 1305 505 terror
1321 461 1475 505 incidit
1495 461 1590 522 ejus

205 542 433 596 exercitui,
457 539 576 602 quod
602 556 843 602 properans
866 549 1042 583 noctem
1067 540 1153 584 diei
1177 544 1486 602 conjunxerat,
1511 560 1589 587 ne-

205 639 289 684 que
307 623 388 667 iter
406 622 721 678 intermiserat,
747 629 796 664 ut
822 636 943 681 paene
968 637 1119 664 omnes
1144 621 1188 664 in
1212 622 1348 682 Epiro
1372 622 1592 668 finitimis-

206 720 290 765 que
312 702 560 765 regionibus
578 702 703 763 signa
727 700 1051 763 relinquerent,
1080 700 1330 763 complures
1355 719 1477 747 arma
1493 721 1594 765 pro-

201 786 407 845 jicerent,
435 800 484 828 ac
507 783 617 845 fugae
637 782 776 827 simile
804 783 884 827 iter
906 782 1143 827 videretur.
1171 782 1275 837 Sed,
1296 800 1433 844 quum
1454 802 1592 847 prope

205 865 495 926 Dyrrachium
518 866 750 926 Pompeius
773 865 1061 919 constitisset,
1086 874 1315 926 castraque
1334 867 1489 910 metari
1507 867 1594 928 jus-

206 946 352 1003 sisset,
378 946 611 1008 perterrito
637 946 767 990 etiam
796 955 888 990 tum
909 947 1124 1004 exercitu,
1142 947 1347 1009 princeps
1370 948 1592 992 Labienus

204 1027 427 1089 procedit,
449 1027 656 1089 juratque
677 1044 721 1072 se
740 1044 841 1072 eum
864 1044 954 1072 non
973 1027 1249 1072 deserturum
1265 1063 1276 1085 ,
1301 1028 1593 1091 eumdemque

205 1125 354 1154 casum
388 1109 666 1167 subiturum,
706 1126 1027 1171 quemcumque
1065 1110 1103 1154 ei
1138 1109 1315 1154 fortuna
1355 1111 1591 1156 tribuisset.

205 1192 300 1234 Hoc
337 1189 451 1234 idem
483 1189 640 1252 reliqui
672 1191 824 1252 jurant
862 1189 990 1253 legati
1023 1207 1032 1234 t
1063 1191 1144 1235 hos
1186 1191 1356 1236 tribuni
1400 1191 1594 1237 militurn

206 1271 572 1333 centurionesque
601 1282 861 1333 sequuntur,
897 1282 1028 1333 atque
1056 1271 1171 1316 idern
1204 1274 1349 1317 omnis
1379 1274 1595 1318 exercitus

203 1352 334 1412 jurat.
360 1354 518 1408 Caesar,
543 1363 850 1414 praeoccupato
875 1354 1028 1398 itinere
1045 1353 1099 1398 ad
1119 1354 1435 1415 Dyrrachium,
1463 1355 1595 1399 finem

208 1434 474 1495 properandi
487 1433 609 1491 facit,
626 1443 856 1495 castraque
868 1434 922 1478 ad
938 1434 1099 1478 flumen
1122 1437 1288 1495 Apsum
1306 1436 1431 1496 ponit
1448 1437 1491 1480 in
1506 1436 1599 1481 fini-

203 1513 286 1557 bus
299 1513 666 1576 Apolloniatium,
685 1525 734 1559 ut
753 1514 912 1577 vigiliis
929 1515 1202 1577 castellisque
1222 1516 1334 1561 bene
1355 1519 1519 1562 meritae
1535 1520 1597 1563 ci-

205 1593 360 1638 vitates
384 1604 487 1640 tutae
507 1606 649 1641 essent
673 1596 901 1657 praesidio,
927 1597 1074 1658 ibique
1100 1596 1372 1658 reliquarum
1397 1616 1448 1644 ex
1472 1599 1598 1644 Italia

205 1673 427 1737 legionum
455 1679 691 1723 adventum
719 1689 992 1740 exspectare,
1019 1689 1061 1724 et
1086 1680 1166 1724 sub
1192 1679 1379 1742 pellibus
1406 1682 1599 1727 hiemare

207 1758 447 1802 constituit.
469 1760 565 1804 Hoc
582 1758 696 1803 idem
719 1761 953 1821 Pompeius
976 1760 1101 1816 facit;
1122 1771 1163 1806 et
1186 1771 1306 1807 trans
1327 1763 1492 1808 flumen
1518 1767 1602 1826 Ap-

207 1855 303 1882 sum
324 1839 475 1900 positis
490 1841 643 1884 castris
658 1875 669 1893 ,
689 1857 739 1884 eo
761 1841 907 1902 copias
924 1857 1076 1886 omnes
1098 1842 1348 1905 auxiliaque
1372 1845 1599 1890 conduxit.

273 1921 394 1964 XIV.
423 1919 639 1979 Calenus,
664 1920 939 1983 legionibus,
966 1923 1280 1986 equitibusque
1306 1926 1530 1971 Brundisii
1555 1928 1599 1972 in

209 2017 339 2046 naves
365 2002 606 2064 impositis,
632 2013 681 2046 ut
703 2013 796 2047 erat
820 2013 1087 2066 praeceptum
1111 2021 1135 2049 a
1161 2006 1359 2064 Caesare,
1385 2018 1600 2069 quantum

209 2083 388 2127 navium
428 2083 679 2128 facultatem
714 2084 925 2143 habebat,
964 2102 1095 2130 naves
1134 2085 1290 2145 solvit,
1330 2088 1604 2152 paulumque

211 2181 465 2226 progressus
489 2182 513 2210 a
538 2176 691 2228 portu,
717 2165 883 2212 litteras
906 2183 931 2212 a
953 2169 1125 2213 Caesare
1148 2171 1330 2232 accipit,
1355 2172 1516 2233 quibus
1536 2183 1603 2218 est

210 2245 369 2290 certior
393 2244 557 2303 factus,
581 2256 737 2309 portus
757 2246 973 2310 litoraque
995 2251 1143 2294 omnia
1164 2249 1374 2297 classibus
1393 2253 1599 2300 adversa-

211 2327 379 2371 riorum
408 2330 560 2374 teneri.
588 2330 692 2387 Quo
716 2331 919 2393 cognito,
945 2348 990 2376 se
1021 2332 1066 2376 in
1101 2342 1281 2395 portum
1311 2336 1494 2397 recipit,
1523 2354 1603 2382 na-

210 2424 369 2470 vesque
403 2426 555 2455 omnes
591 2421 782 2456 revocat.
816 2414 918 2457 Una
948 2430 998 2457 ex
1036 2414 1107 2472 iis,
1151 2431 1247 2476 quae
1282 2418 1600 2477 perseveravit,

211 2505 352 2551 neque
377 2491 561 2553 imperio
589 2491 742 2538 Caleni
771 2493 1111 2557 obtemperavit,
1138 2496 1258 2557 quod
1286 2507 1380 2541 erat
1407 2499 1499 2542 sine
1519 2500 1602 2543 mi-

212 2567 359 2616 litibus
380 2607 392 2630 ,
442 2574 704 2636 privatoque
756 2575 939 2622 consilio
992 2577 1409 2636 administrabatur,
1460 2578 1600 2624 delata

212 2651 420 2712 Oricum,
451 2664 581 2715 atque
614 2672 638 2700 a
670 2655 829 2702 Bibulo
865 2669 1113 2723 expugnata
1149 2669 1212 2704 est
1240 2678 1249 2704 :
1280 2661 1355 2721 qui
1383 2659 1437 2704 (le
1466 2662 1601 2706 servis
