1972 3356
507 264 575 299 DE
601 263 764 298 BELLO
793 261 1011 298 GALLICO
1041 263 1131 297 LIB.
1155 262 1239 296 VII.
1502 269 1573 302 217

243 349 489 393 LXXXIX.
530 352 714 393 Postero
751 348 821 392 die
857 347 1216 407 Vercingetorix,
1253 343 1442 389 concilio
1470 359 1576 386 con-

177 438 335 471 vocato
351 463 362 484 ,
388 449 407 469 «
432 428 475 472 id
504 446 548 473 se
575 428 741 472 bellum
767 428 1008 487 suscepisse
1032 444 1121 470 non
1147 443 1326 470 suarum
1349 424 1581 468 necessita-

179 518 293 563 tum,
332 508 406 552 sed
447 509 694 552 communis
734 507 950 551 libertatis
990 523 1143 562 causa,
1183 506 1480 559 demonstrat,
1517 513 1580 557 et,

179 588 386 648 quoniam
411 590 465 632 sit
495 588 683 632 fortunae
707 586 980 640 cedendum,
1004 586 1060 630 ad
1084 596 1321 646 utramque
1349 602 1443 629 rem
1470 601 1513 628 se
1537 582 1582 626 il-

180 667 230 711 lis
265 668 446 724 offerre,
482 686 558 712 seu
588 677 730 711 morte
765 684 841 711 sua
875 667 1089 710 Romanis
1120 665 1389 721 satisfacere,
1420 681 1495 709 seu
1522 665 1582 707 vi-

180 765 283 791 vum
314 748 485 792 tradere
514 748 664 792 velint.
694 768 714 788 ))
742 749 991 792 Mittuntur
1015 747 1069 791 de
1099 747 1167 790 his
1194 747 1325 790 rebus
1355 746 1410 789 ad
1439 747 1582 790 Caesa-

179 845 270 872 rem
306 828 450 890 legati.
483 830 615 874 Jubet
655 846 778 873 arma
815 828 951 884 tradi,
990 828 1212 888 principes
1243 826 1444 888 produci.
1483 828 1581 887 Ipse

176 910 220 952 in
250 910 498 953 munitione
530 927 612 970 pro
648 910 802 954 castris
832 909 1061 964 consedit,
1086 926 1137 952 eo
1169 908 1302 952 duces
1325 906 1584 968 producun-

175 999 259 1032 tur.
292 992 632 1053 Vercingetorix
656 990 853 1048 deditur,
880 1007 1001 1035 arma
1025 991 1339 1052 projiciuntur.
1366 991 1584 1032 Reserva-

176 1071 228 1114 tis
250 1070 403 1115 AEduis
426 1082 558 1133 atque
579 1073 811 1129 Arvernis,
833 1073 867 1116 si
893 1089 972 1132 per
995 1089 1068 1116 eos
1096 1072 1296 1115 civitates
1320 1085 1584 1130 recuperare

174 1162 340 1212 posset,
367 1169 418 1196 ex
446 1152 627 1214 reliquis
652 1154 836 1214 captivis
867 1163 961 1197 toto
992 1153 1188 1197 exercitu
1214 1153 1359 1214 capita
1384 1149 1584 1212 singula,

174 1232 332 1292 praedae
357 1235 561 1289 nomine,
591 1234 832 1278 distribuit.

239 1316 335 1358 XC.
368 1315 447 1358 His
477 1315 607 1359 rebus
641 1315 873 1372 confectis,
905 1316 950 1359 in
977 1315 1142 1360 AEduos
1176 1315 1495 1376 proficiscitur,
1523 1315 1584 1358 ci-

175 1395 359 1438 vitatem
388 1397 561 1456 recipit.
590 1398 653 1440 Eo
684 1395 816 1457 legati
842 1396 897 1439 ab
927 1396 1138 1440 Arvernis
1167 1396 1286 1439 missi
1318 1412 1414 1455 quae
1441 1396 1581 1456 impe-

175 1486 292 1519 raret
327 1493 371 1519 se
402 1475 596 1520 facturos
632 1476 915 1537 pollicentur.
957 1479 1155 1538 Imperat
1187 1492 1400 1537 magnum
1429 1492 1584 1519 nume-

174 1573 274 1601 rum
302 1557 523 1601 obsidum.
561 1559 780 1620 Legiones
811 1558 856 1601 in
889 1558 1075 1602 hiberna
1106 1558 1257 1601 mittit.
1292 1557 1585 1618 Captivorum

173 1638 348 1682 circiter
377 1656 436 1682 XX
464 1637 603 1682 millia
632 1639 784 1684 AEduis
817 1639 1123 1700 Arvernisque
1153 1638 1313 1682 reddit.
1348 1640 1397 1681 T.
1427 1638 1585 1682 Labie-

173 1736 280 1763 num
315 1737 417 1763 cum
450 1737 483 1764 11
512 1719 762 1782 legionibus
799 1731 842 1765 et
881 1722 1082 1782 equitatu
1114 1722 1159 1763 in
1192 1721 1420 1781 Sequanos
1454 1719 1587 1781 profi-

174 1802 276 1845 cisci
313 1802 470 1862 jubet;
512 1801 615 1846 huic
648 1804 710 1846 M.
750 1803 1063 1863 Sempronium
1102 1800 1323 1846 Rutilium
1363 1801 1583 1845 attribuit.

174 1885 224 1927 C.
256 1882 443 1925 Fabium
481 1892 523 1926 et
550 1884 599 1926 L.
634 1883 886 1926 Minucium
916 1881 1114 1926 Basilum
1142 1899 1243 1926 cum
1269 1898 1302 1926 11
1336 1881 1585 1944 legionibus

176 1965 219 2006 in
248 1964 400 2007 Remis
428 1962 635 2020 collocat,
665 1980 720 2007 ne
749 1980 881 2023 quam
908 1980 933 2007 a
962 1963 1163 2006 finitimis
1192 1962 1438 2007 Bellovacis
1470 1962 1585 2007 cala-

178 2044 377 2088 mitatem
399 2045 632 2105 accipiant.
660 2048 709 2090 C.
736 2045 981 2089 Antistium
1005 2044 1228 2106 Reginum
1254 2045 1299 2087 in
1322 2045 1585 2088 Ambivare-

178 2135 264 2176 tos,
295 2127 343 2168 T.
372 2127 571 2170 Sextium
601 2127 644 2169 in
678 2126 918 2187 Bituriges,
948 2127 997 2170 C.
1032 2126 1271 2170 Caninium
1302 2124 1508 2169 Rebilum
1542 2127 1584 2168 in

176 2209 398 2263 Rutenos,
422 2224 523 2251 cum
543 2206 727 2268 singulis
744 2205 1015 2269 legionibus,
1035 2207 1187 2251 mittit.
1213 2208 1269 2264 Q.
1293 2205 1492 2250 Tullium
1513 2208 1585 2251 Ci-

177 2304 381 2332 ceronem
401 2298 444 2331 et
463 2290 510 2332 P.
535 2288 783 2350 Sulpicium
802 2287 1025 2335 Cabilloni
1044 2298 1087 2332 et
1101 2289 1350 2332 Matiscone
1370 2289 1414 2331 in
1432 2288 1584 2332 AEduis

176 2368 228 2411 ad
268 2370 465 2425 Ararim,
500 2370 563 2413 rei
601 2370 902 2414 frumentariae
937 2387 1085 2426 causa,
1120 2367 1326 2413 collocat.
1376 2371 1476 2430 Ipse
1512 2371 1584 2414 Bi-

176 2449 329 2493 bracte
356 2450 552 2494 hiemare
576 2452 818 2495 constituit.
850 2452 928 2495 His
956 2452 1085 2495 rebus
1111 2450 1267 2494 litteris
1298 2451 1481 2496 Caesaris
1509 2469 1583 2495 co-

178 2532 311 2592 gnitis
337 2534 511 2588 Romae,
537 2531 709 2576 dierum
733 2550 794 2576 xx
823 2532 1088 2594 supplicatio
1112 2532 1338 2576 indicitur.
