1972 3356
416 300 447 311 ΝΚ
454 299 512 312 Um
516 300 1018 315 mmmmmvwwwm⁴nwwvm
1022 304 1081 316 vm«-
1085 304 1129 316 RQ
1133 305 1272 318 'AUWNUWW
1276 306 1332 319 WV!
1336 307 1706 321 “wrbmmmmmv
1710 308 1771 320 ww

642 511 1517 586 COMMENTARIORUM

416 731 588 825 DE
662 733 1082 829 BELLO
1161 735 1734 830 GALLICO

787 974 981 1017 LIBER
1025 975 1373 1019 OCTAVUS*.

662 1356 1065 1412 PRAEFATIO
1107 1357 1175 1412 A.
1227 1358 1493 1414 HIRTII.

381 1551 660 1638 COACTUS
692 1591 875 1636 assiduis
906 1594 991 1637 tuis
1027 1594 1233 1651 vocibus,
1270 1593 1427 1650 Balbe,
1461 1610 1599 1654 quum
1629 1594 1778 1654 quoti-

380 1679 511 1724 diana
539 1697 635 1725 mea
666 1682 884 1726 recusatio
915 1699 1005 1727 non
1029 1682 1301 1727 difficultatis
1331 1682 1678 1739 excusationem,
1702 1682 1776 1726 sed

381 1770 549 1814 inertiae
590 1771 814 1815 videretur
848 1772 1205 1832 deprecationem
1239 1773 1423 1829 habere,
1463 1771 1773 1817 difficillimam

383 1877 474 1904 rem
496 1862 681 1921 suscepi.
710 1862 894 1905 Caesaris
918 1863 1056 1905 nostri
1081 1864 1438 1907 Commentarios
1458 1880 1608 1906 rerum
1631 1873 1775 1924 gesta-

382 1967 481 1994 rum
496 1949 653 1996 Galliae
664 1967 754 1995 non
765 1953 1074 2013 comparandis
1089 1953 1391 2015 superioribus
1403 1962 1535 2014 atque
1550 1954 1779 2014 insequen-

384 2039 501 2083 tibus
516 2040 609 2101 ejus
627 2041 804 2101 scriptis
825 2043 1059 2098 contexui3
1076 2043 1453 2104 novissimumque
1469 2043 1779 2104 imperfectum

380 2130 434 2173 ab
459 2129 589 2173 rebus
610 2131 743 2191 gestis
768 2129 1045 2176 Alexandriae
1071 2132 1239 2176 confeci
1264 2149 1402 2193 usque
1422 2132 1478 2176 ad
1499 2133 1667 2176 exitum
1690 2149 1780 2176 non

382 2218 563 2279 quidem
581 2218 721 2264 civilis
741 2219 1049 2279 dissensionis,
1072 2223 1196 2283 cujus
1216 2221 1347 2265 finem
1370 2221 1542 2266 nullum
1557 2221 1780 2277 videmus,

382 2308 455 2352 sed
489 2309 589 2352 vitae
623 2310 820 2355 Caesaris.
846 2310 970 2368 Quos
995 2312 1166 2355 utinam
1195 2312 1270 2372 qui
1292 2311 1439 2374 legent
1470 2313 1581 2357 scire
1612 2312 1781 2373 possint

382 2416 515 2459 quam
546 2400 713 2444 invitus
748 2401 1014 2461 susceperim
1054 2401 1331 2459 scribendos,
1376 2418 1464 2462 quo
1503 2401 1672 2446 facilius
1709 2417 1781 2444 ca-

435 2543 451 2557 *
480 2545 537 2579 De
574 2552 724 2580 auctore
755 2545 844 2580 libri
874 2545 998 2580 octavi
1035 2545 1081 2581 de
1113 2546 1217 2581 Bello
1254 2545 1418 2590 Gallico,
1450 2553 1485 2581 et
1518 2545 1702 2580 librorum
1734 2544 1781 2580 de

384 2605 657 2650 Alexandrino,
686 2607 881 2651 Africano,
915 2613 1025 2654 atque
1053 2608 1258 2655 Hispanico
1289 2608 1412 2651 Bello,
1440 2607 1543 2651 vide,
1574 2606 1613 2640 in
1641 2605 1780 2641 Praefa—

383 2666 487 2702 tione
505 2675 642 2703 nostrae
661 2668 821 2705 editioni
838 2667 1012 2714 praefixa,
1036 2670 1293 2705 testimonium
1312 2668 1479 2705 Suetonii
1500 2675 1534 2702 et
1549 2667 1782 2702 eruditorum

385 2728 689 2775 conjectationes.
