1972 3356
481 284 546 320 DE
577 284 737 319 BELLO
768 284 984 318 GALLICO
1017 283 1108 318 LIB.
1134 282 1236 316 VIII.
1486 294 1562 328 229

222 368 319 410 XV.
344 368 547 425 Barbari,
576 368 730 412 confisi
758 367 841 411 loci
868 377 1045 421 natura,
1070 383 1206 427 quum
1233 366 1444 409 dimicare
1469 383 1558 408 non

160 458 435 502 recusarent,
467 449 501 491 si
535 449 646 492 forte
677 448 867 491 Romani
900 447 1047 491 subire
1081 445 1236 490 collem
1270 456 1559 500 conarentur,

159 525 462 588 paulatimque
492 529 640 589 copias
671 528 927 571 distributas
956 527 1178 570 dimittere
1207 544 1297 570 non
1326 527 1562 582 auderent,

160 624 214 651 ne
237 607 421 668 dispersi
445 608 837 668 perturbarentur,
866 607 910 650 in
941 608 1031 650 acie
1054 617 1410 667 permanserunt.
1438 608 1561 664 Quo—

159 704 257 731 rum
292 688 537 748 pertinacia
572 688 765 749 cognita,
808 689 974 742 Caesar,
1008 687 1164 748 viginti
1201 687 1458 730 cohortibus
1498 688 1563 730 in-

160 769 356 823 structis,
381 770 623 829 castrisque
647 785 698 813 eo
724 768 821 812 loco
843 769 1039 823 metatis,
1065 768 1228 812 muniri
1251 768 1378 828 jubet
1403 778 1560 812 castra.

156 848 382 893 Absolutis
410 849 640 910 operibus,
673 849 869 911 legiones
901 866 983 910 pro
1012 848 1129 892 vallo
1165 850 1403 893 instructas
1431 847 1565 893 collo-

158 939 252 985 cat3
283 930 452 990 equites
485 930 666 974 frenatis
700 931 823 991 equis
853 931 897 974 in
931 930 1196 973 stationibus
1224 929 1434 990 disponit.
1465 929 1564 973 Bel·

158 1009 326 1066 lovaci,
354 1027 493 1071 quum
520 1013 745 1055 Romanos
776 1011 830 1055 ad
869 1010 1191 1071 insequendum
1229 1020 1406 1070 paratos
1440 1010 1563 1054 vide-

157 1102 278 1148 rent,
308 1108 452 1152 neque
491 1103 755 1153 pernoctare
785 1102 860 1135 aut
889 1091 1055 1135 diutius
1086 1107 1344 1151 permanere
1375 1092 1468 1134 sine
1502 1091 1561 1134 ci-

159 1172 292 1216 bariis
316 1172 470 1216 eodem
499 1171 596 1217 loco
624 1182 822 1234 possent,
849 1171 934 1216 tale
964 1171 1200 1215 consilium
1225 1173 1292 1215 sui
1320 1170 1561 1232 recipiendi

158 1253 368 1297 inierunt.
393 1255 649 1312 Fasces,uti
669 1254 960 1298 consederant
988 1254 1205 1314 (namque
1228 1254 1272 1296 in
1297 1254 1389 1297 acie
1413 1253 1563 1297 sedere

157 1332 311 1377 Gallos
337 1351 569 1379 consuesse
597 1336 899 1396 superioribus
931 1335 1263 1378 commentariis
1289 1334 1561 1378 declaratum

157 1414 270 1476 est),
316 1425 662 1460 stramentorum
708 1433 758 1460 ac
794 1415 1109 1477 virgultorum,
1153 1433 1344 1476 quorum
1389 1434 1561 1460 summa

157 1506 249 1540 erat
274 1497 318 1540 in
343 1498 496 1540 castris
524 1499 668 1558 copia,
695 1514 773 1558 per
803 1515 959 1541 manus
993 1498 1110 1540 inter
1145 1514 1188 1540 se
1223 1496 1426 1554 traditos,
1459 1509 1561 1542 ante

156 1578 293 1621 aciem
333 1577 686 1634 collocaverunt,
722 1589 1008 1638 extremoque
1050 1587 1247 1638 tempore
1288 1578 1398 1634 diei,
1436 1580 1561 1641 signo

157 1660 468 1719 pronuntiatO,
511 1677 600 1704 uno
639 1670 838 1721 tempore
875 1659 1183 1703 incenderunt.
1221 1662 1287 1703 Ila
1329 1663 1560 1705 continens

158 1740 335 1784 flamma
369 1742 517 1802 copias
548 1758 698 1785 omnes
726 1751 910 1802 repente
938 1758 960 1784 a
992 1751 1232 1801 conspectu
1263 1742 1369 1785 texit
1397 1745 1561 1786 Roma-

155 1838 330 1881 norum.
354 1822 489 1878 Quod
513 1822 589 1871 ubi
614 1822 794 1877 accidit,
816 1821 991 1864 barbari
1015 1821 1402 1867 vehementissimo
1427 1840 1557 1874 cursu

156 1903 377 1964 fugerunt.

221 1984 340 2027 XVI.
380 1984 546 2037 Caesar,
586 1982 665 2027 etsi
699 1983 938 2027 discessum
976 1983 1169 2027 hostium
1209 1984 1557 2030 animadvertere,

157 2079 246 2105 non
280 2072 472 2123 poterat,
516 2063 729 2107 incendiis
766 2065 1006 2124 oppositis,
1046 2074 1190 2107 tamen
1234 2064 1277 2107 id
1322 2065 1555 2109 consilium

156 2159 293 2202 quum
323 2143 435 2205 fugae
461 2161 588 2188 causa
620 2145 779 2188 initum
809 2145 1127 2205 suspicaretur,
1156 2144 1350 2206 legiones
1377 2163 1555 2207 promo·

156 2232 250 2279 vet,
278 2233 442 2268 turmas
472 2225 608 2268 mittit
633 2225 687 2268 ad
724 2225 1039 2285 insequendum
1072 2243 1080 2268 :
1113 2227 1225 2286 ipse,
1254 2227 1417 2271 veritus
1450 2229 1554 2274 insi-

157 2304 270 2358 dias,
299 2322 353 2348 ne
386 2304 497 2348 forte
534 2306 577 2348 in
613 2305 766 2349 eodem
802 2304 899 2349 loco
933 2306 1190 2350 subsisteret
1227 2307 1385 2362 hostis,
1423 2318 1552 2369 atque

157 2384 313 2429 elicere
336 2395 508 2429 nostros
530 2387 573 2429 in
593 2385 737 2431 locum
758 2397 992 2430 conaretur
1012 2387 1213 2447 iniquum
1230 2423 1240 2443 ,
1262 2388 1430 2432 tardius
1452 2406 1552 2450 pro-

156 2467 283 2511 cedit.
308 2468 491 2527 Equites
521 2485 658 2528 quum
686 2470 849 2512 intrare
869 2469 1041 2512 fumum
1067 2479 1108 2512 et
1135 2468 1354 2519 flammam
1385 2470 1550 2515 densis-

157 2551 310 2593 simam
346 2550 574 2604 timerent,
614 2566 683 2605 ac,
723 2550 756 2593 si
792 2553 868 2611 qui
906 2550 1108 2610 cupidius
1150 2550 1441 2606 intraverant,
1476 2552 1547 2594 vix

156 2648 335 2675 suorum
367 2628 449 2691 ipsi
485 2631 651 2691 priores
682 2641 826 2691 partes
856 2631 1133 2675 adverterent
1167 2647 1404 2691 equorum,
1442 2632 1547 2675 insi-

159 2712 250 2754 dias,
278 2712 427 2767 veriti,
451 2710 632 2755 liberam
665 2711 916 2756 facultatem
947 2713 1011 2756 sui
1039 2711 1281 2773 recipiendi
1307 2710 1546 2755 Bellovacis
