1972 3356
539 247 605 282 DE
633 246 795 282 BELLO
825 245 1041 282 GALLICO
1072 247 1161 282 LIB.
1185 248 1249 282 VI.
1370 239 1373 241 ’
1522 244 1591 289 145

207 326 455 373 mortalium
479 330 522 373 vi
545 346 594 374 ac
618 339 835 391 potestate
860 330 1109 392 disputant,
1136 341 1178 375 et
1198 332 1424 392 juventuti
1449 342 1594 376 trans-

205 409 328 454 dunt.

269 494 368 538 XV.
393 491 593 538 Alterum
619 509 756 553 genus
784 501 847 535 est
874 494 1088 552 equitum.
1111 494 1191 548 Hi,
1215 510 1352 553 quum
1380 504 1443 538 est
1467 511 1596 550 usus,

207 584 336 633 atque
361 572 540 633 aliquod
566 571 733 615 bellum
758 571 912 615 incidit
943 572 1079 632 (quod
1106 583 1207 617 ante
1228 576 1411 619 Caesaris
1436 575 1599 619 adven-

207 666 301 698 tum
320 652 411 696 fere
435 653 672 712 quotannis
693 651 894 695 accidere
915 651 1107 707 solebat,
1128 654 1193 696 uti
1214 664 1290 697 aut
1314 655 1397 715 ipsi
1416 656 1600 715 injurias

208 734 442 787 inferrent,
469 742 544 776 aut
568 731 711 776 illatas
736 731 1092 795 propulsarent),
1116 751 1269 777 omnes
1293 735 1336 777 in
1359 734 1477 779 bello
1506 752 1602 779 ver-

208 823 360 858 santur
377 830 386 857 :
407 823 539 874 atque
556 830 710 857 eorum
729 823 779 857 ut
799 814 986 874 quisque
1004 823 1067 857 est
1089 831 1249 877 genere
1271 816 1498 876 copiisque
1517 832 1605 860 am-

206 894 447 956 plissimus,
477 895 538 938 ita
570 894 784 955 plurimos
810 895 978 938 circum
1009 912 1053 938 se
1084 901 1308 940 ambactos
1336 895 1604 958 clientesque

206 976 385 1020 habent.
413 978 538 1020 Hanc
559 992 694 1019 unam
718 976 904 1037 gratiam
930 976 1265 1037 potentiamque
1292 988 1527 1021 noverunt.

269 1059 391 1102 XVI.
430 1059 565 1101 Natio
601 1067 667 1101 est
701 1057 901 1100 omnium
927 1055 1161 1101 Gallorum
1191 1058 1431 1102 admodum
1461 1058 1607 1103 dedita

212 1138 523 1200 religionibus3
546 1148 677 1198 atque
700 1138 755 1181 ob
781 1154 877 1181 cam
902 1154 1100 1195 causam,
1121 1140 1194 1199 qui
1221 1150 1324 1183 sunt
1344 1140 1491 1184 affecti
1513 1157 1610 1201 gra-

214 1220 406 1263 vioribus
434 1218 621 1275 morbis,
651 1220 815 1279 quique
845 1219 890 1262 in
918 1217 1084 1279 proeliis
1111 1220 1407 1281 periculisque
1432 1238 1611 1265 versan-

211 1310 306 1354 tur,
340 1309 417 1343 aut
444 1316 525 1360 pro
548 1299 742 1342 victimis
769 1299 972 1343 homines
1002 1299 1256 1353 immolant,
1282 1311 1355 1345 aut
1382 1319 1427 1345 se
1452 1303 1611 1346 immo·

211 1379 378 1424 laturos
405 1389 586 1436 vovent,
612 1379 971 1440 administrisque
992 1380 1047 1423 ad
1072 1398 1120 1424 ea
1146 1382 1359 1426 sacrificia
1382 1383 1614 1427 druidibus

213 1472 428 1517 utuntur3
451 1461 598 1523 quod,
622 1479 703 1522 pro
728 1463 816 1505 vita
845 1462 1037 1506 hominis
1062 1463 1146 1505 nisi
1177 1462 1370 1507 hominis
1398 1465 1488 1507 vita
1515 1464 1615 1508 red-

213 1543 367 1599 datur,
409 1559 499 1586 non
540 1559 665 1603 posse
702 1541 830 1586 aliter
869 1542 1054 1586 deorum
1094 1543 1414 1588 immortalium
1449 1562 1615 1589 numen

217 1623 382 1684 placari
405 1624 681 1667 arbitrantur
708 1641 716 1667 :
742 1622 1007 1684 publiceque
1032 1624 1230 1685 ejusdem
1254 1627 1427 1686 generis
1451 1626 1616 1671 habent

216 1705 416 1749 instituta
445 1704 668 1749 sacrificia.
704 1703 793 1750 Alii
828 1705 1011 1748 immani
1042 1705 1351 1768 magnitudine
1381 1705 1618 1751 simulacra

216 1787 399 1844 habent,
423 1803 616 1848 quorum
640 1796 846 1830 contexta
865 1787 1106 1831 viminibus
1130 1787 1329 1831 membra
1344 1788 1455 1832 vivis
1478 1788 1617 1832 homi-

215 1868 343 1912 nibus
375 1867 623 1929 complent,
652 1868 813 1928 quibus
843 1868 1084 1923 succensis,
1115 1868 1410 1913 circumventi
1441 1869 1619 1914 flamma

215 1949 527 1993 exanimantur
561 1949 778 1991 homines.
817 1946 1042 2007 Supplicia
1079 1963 1232 1991 eorum
1267 1949 1343 2008 qui
1382 1950 1427 1992 in
1469 1950 1618 2006 furto,

217 2039 294 2073 aut
317 2030 362 2072 in
384 2028 638 2086 latrocinio,
661 2038 737 2072 aut
757 2028 904 2088 aliqua
925 2044 1039 2071 noxa
1062 2028 1150 2071 sint
1169 2028 1495 2089 comprehensi,
1522 2047 1620 2091 gra-

220 2111 332 2154 tiora
352 2109 434 2154 diis
455 2109 780 2154 immortalibus
799 2125 891 2153 esse
912 2108 1188 2152 arbitrantur
1208 2126 1216 2152 :
1239 2110 1336 2166 sed,
1359 2127 1497 2171 quum
1524 2112 1620 2172 ejus

221 2191 393 2252 generis
431 2191 559 2252 copia
594 2190 763 2247 deficit,
800 2191 931 2234 etiam
969 2189 1025 2233 ad
1063 2191 1370 2235 innocentium
1403 2191 1622 2253 supplicia

221 2270 509 2317 descendunt.

283 2354 427 2397 XVII.
467 2354 613 2398 Deum
637 2356 827 2399 maxime
855 2357 1132 2401 Mercurium
1161 2355 1327 2401 colunt.
1353 2355 1496 2416 Hujus
1519 2365 1625 2400 sunt

222 2433 415 2495 plurima
447 2433 682 2479 simulacra
717 2454 726 2480 :
758 2436 880 2483 hunc
913 2438 1115 2481 omnium
1154 2439 1432 2481 inventorem
1461 2437 1623 2481 artium

223 2515 398 2572 ferunt,
426 2516 546 2561 hunc
576 2517 750 2561 viarum
785 2528 917 2580 atque
949 2520 1160 2563 itinerum
1195 2519 1381 2576 ducem,
1413 2519 1535 2562 hunc
1571 2517 1627 2562 ad

225 2607 418 2657 quaestus
449 2599 648 2658 pecuniae
672 2609 1035 2660 mercaturasque
1072 2600 1235 2644 habere
1263 2600 1353 2643 vim
1388 2600 1628 2643 maximam

226 2677 514 2723 arbitrantur.
546 2681 652 2723 Post
683 2679 826 2740 hunc,
860 2679 1139 2741 Apollinem,
1173 2691 1217 2725 et
1247 2682 1461 2737 Martem,
1486 2690 1527 2724 et
1553 2682 1628 2724 Jo-

423 2777 449 2803 1.
1385 2778 1438 2806 10
