1972 3356
648 226 714 261 DE
744 225 912 261 BELLO
942 226 1096 262 CIVILI
1130 226 1223 261 LIB.
1256 226 1306 260 II.
1639 224 1686 270 67

282 310 388 356 lum.
420 312 552 356 Ratio
582 320 730 355 autem
760 311 851 355 haec
880 321 976 355 erat
1002 309 1132 367 belli,
1156 322 1206 355 ut
1233 326 1279 354 se
1303 323 1405 354 cum
1431 309 1607 354 duabus
1634 309 1691 354 le-

280 393 485 454 gionibus
523 392 671 437 Gades
707 391 955 448 conferret,
988 408 1121 435 naves
1152 391 1517 453 frumentumque
1557 409 1690 436 omne

281 474 340 518 ibi
370 474 617 518 contineret
644 490 653 517 :
683 472 964 517 Provinciam
993 473 1110 516 enim
1135 489 1314 516 omnem
1342 474 1529 517 Caesaris
1557 473 1689 517 rebus

279 554 423 600 favere
441 564 725 616 cognoverat,
748 556 801 597 In
823 552 967 597 insula
983 587 994 609 ,
1021 553 1248 596 frumento
1272 553 1547 614 navibusque
1572 572 1693 598 com-

279 637 468 699 paratis,
500 634 665 679 bellum
705 635 807 679 duci
850 651 940 678 non
982 632 1160 678 difficile
1199 634 1491 678 existimabat.
1528 638 1690 691 Caesar,

278 720 358 763 etsi
388 716 538 763 multis
570 718 915 777 necessariisque
942 716 1074 760 rebus
1105 717 1150 760 in
1179 714 1355 760 Italiam
1381 717 1690 773 revocabatur,

278 810 426 844 tamen
454 799 747 844 constituerat
773 797 940 842 nullam
970 807 1139 859 partem
1169 796 1270 842 belli
1298 799 1343 841 in
1371 798 1595 859 Hispaniis
1623 816 1690 842 re-

278 880 501 942 linquere,
529 880 647 942 quod
672 897 833 943 magna
856 897 949 925 esse
970 881 1171 941 Pompeii
1195 879 1411 924 beneficia
1433 890 1475 924 et
1504 897 1690 943 magnas

277 961 504 1008 clientelas
534 964 578 1007 in
607 964 826 1009 Citeriore
844 963 1079 1008 Provincia
1104 962 1287 1007 sciebat.

341 1046 468 1089 XIX.
513 1047 694 1106 Itaque,
728 1043 901 1089 duabus
937 1042 1189 1106 legionibus
1225 1045 1369 1089 missis
1409 1046 1454 1089 in
1490 1043 1688 1089 Ulterio-

278 1144 370 1172 rein
405 1128 667 1189 Hispaniam
701 1144 804 1172 cum
835 1127 894 1185 Q.
936 1127 1111 1184 Cassio,
1162 1126 1343 1170 tribuno
1383 1125 1551 1188 plebis,
1597 1127 1690 1188 ipse

279 1226 380 1253 cum
418 1225 476 1254 Dc
510 1209 733 1270 equitibus
762 1209 934 1270 magnis
972 1208 1205 1253 itineribus
1246 1207 1553 1270 progreditur,
1592 1208 1686 1252 edi—

280 1305 493 1352 ctumque
530 1292 781 1353 praemittit,
810 1291 866 1334 ad
917 1308 1051 1352 quam
1087 1290 1204 1334 diem
1239 1291 1524 1352 magistratus
1566 1291 1688 1351 prin-

278 1373 486 1434 cipesque
529 1374 730 1417 omnium
760 1374 991 1417 civitatum
1029 1373 1108 1417 sibi
1150 1389 1241 1416 esse
1275 1381 1435 1433 praesto
1467 1371 1689 1416 Cordubae

279 1452 420 1498 vellet.
452 1456 557 1512 Quo
584 1454 730 1499 edicto
760 1464 853 1498 tota
881 1455 1112 1516 provincia
1140 1452 1428 1515 pervulgato,
1462 1452 1582 1496 nulla
1606 1453 1690 1496 fuit

276 1536 451 1592 civitas,
492 1537 602 1596 quin
641 1536 697 1580 ad
738 1536 781 1580 id
807 1547 982 1598 tempus
1006 1547 1177 1598 partem
1212 1545 1390 1580 senatus
1431 1534 1689 1580 Cordubam

277 1617 490 1675 mitteret,
520 1616 724 1662 nullusve
752 1619 860 1662 civis
888 1635 1099 1662 romanus
1128 1617 1261 1679 paulo
1296 1618 1467 1672 notior,
1495 1617 1604 1677 quin
1632 1615 1686 1660 ad

278 1698 393 1743 diem
420 1702 692 1745 conveniret.
731 1699 872 1746 Simul
893 1702 985 1762 ipse
1013 1699 1235 1745 Cordubae
1263 1708 1508 1744 conventus
1536 1715 1616 1760 per
1645 1715 1690 1743 se

279 1791 429 1842 portas
464 1783 658 1826 Varroni
698 1781 880 1838 clausit,
919 1781 1141 1826 custodias
1179 1781 1440 1843 vigiliasque
1469 1783 1514 1825 in
1558 1798 1688 1826 muro

279 1863 565 1925 turribusque
585 1863 814 1925 disposuit.
839 1863 1058 1908 Cohortes
1087 1862 1218 1917 duas,
1243 1879 1341 1924 quae
1362 1862 1586 1907 Colonicae
1607 1879 1687 1924 ap-

279 1943 583 2006 pellabantur,
599 1962 739 2007 quum
756 1962 808 1990 eo
823 1962 927 1990 casu
943 1945 1167 1989 venissent
1179 1978 1190 2000 ‚
1207 1943 1361 1988 tuendi
1386 1943 1540 2006 oppidi
1556 1960 1690 1988 causa

279 2027 399 2090 apud
426 2045 471 2072 se
498 2029 695 2072 retinuit.
725 2027 890 2072 Iisdem
924 2027 1079 2071 diebus
1109 2029 1455 2083 Carmonenses,
1492 2043 1591 2087 quae
1624 2036 1690 2070 est

280 2108 413 2172 longe
428 2109 680 2154 firmissima
695 2111 832 2154 totius
861 2110 1102 2171 provinciae
1128 2109 1302 2166 civitas,
1322 2107 1523 2153 deductis
1544 2108 1687 2153 tribus

281 2192 326 2234 in
350 2207 495 2235 arcem
518 2190 673 2253 oppidi
703 2191 964 2235 cohortibus
989 2207 1014 2234 a
1036 2192 1240 2234 Varrone
1266 2189 1494 2251 praesidio,
1529 2206 1608 2252 per
1644 2205 1690 2233 se

281 2272 485 2317 cohortes
509 2273 657 2334 ejecit,
682 2282 919 2335 portasque
954 2271 1187 2334 praeclusit.

347 2357 450 2400 XX.
477 2357 575 2399 Hoc
602 2371 706 2399 vero
733 2356 870 2418 magis
894 2371 1134 2417 properare
1157 2357 1324 2412 Varro,
1353 2364 1397 2399 ut
1429 2371 1530 2399 cum
1555 2353 1690 2416 legio-

282 2435 411 2483 nibus
438 2454 571 2498 quam
600 2437 797 2498 primum
824 2436 973 2482 Gades
999 2436 1311 2493 contenderet,
1341 2452 1396 2480 ne
1426 2436 1584 2480 itinere
1613 2446 1690 2481 aut

285 2519 469 2581 trajectu
506 2517 877 2564 intercluderetur
905 2537 914 2563 :
946 2528 1067 2563 tanta
1093 2535 1143 2562 ac
1166 2528 1256 2562 tam
1296 2517 1488 2562 secunda
1518 2518 1563 2561 in
1591 2519 1688 2562 Cae-

284 2618 425 2647 sarem
472 2600 678 2646 voluntas
708 2602 952 2646 Provinciae
992 2601 1312 2663 reperiebatur.
1359 2602 1600 2662 Progresso
1648 2600 1688 2643 ei

288 2683 417 2744 paulo
443 2683 617 2747 longius
644 2683 799 2728 litterae
826 2700 850 2728 a
871 2683 1072 2729 Gadibus
1099 2682 1370 2739 redduntur,
1399 2681 1528 2726 simul
1557 2691 1690 2743 atque

1470 2761 1511 2808 5.
