1972 3356
533 229 599 264 DE
629 228 794 264 BELLO
825 226 1158 263 HISPANIENSI.
1470 223 1515 258 28
1526 236 1537 257 1

156 326 267 361 esset
287 314 443 360 allatus
459 350 470 372 ,
493 331 593 359 cum
612 331 665 359 111
679 313 926 376 legionibus
953 322 1015 356 est
1042 311 1266 374 profectus
1290 320 1358 355 :et
1373 345 1384 367 ,
1405 325 1542 371 quum

157 397 212 441 ad
247 413 320 441 eos
349 396 770 458 appropinquasset,
802 395 902 456 fuga
933 394 1159 455 perterriti
1191 391 1320 437 multi
1350 402 1453 437 sunt
1477 391 1543 435 in-

156 477 350 534 terfecti,
378 476 626 539 complures
658 476 799 537 capti3
835 476 879 518 in
907 474 1067 535 quibus
1106 473 1194 517 duo
1226 475 1507 518 centuriones
1534 490 1543 516 ε

156 558 285 603 multi
324 568 533 619 praeterea
574 558 704 601 armis
745 556 862 600 exuti
909 554 1141 616 fugerunt3
1186 571 1377 614 quorum
1422 564 1546 599 scuta

159 651 260 685 sunt
288 640 423 685 relata
451 656 583 685 Lxxx.

221 724 277 766 X.
302 722 556 782 Insequenti
587 719 684 764 luce
730 719 968 780 Arguetius
997 734 1049 762 ex
1071 716 1196 761 Italia
1225 734 1325 761 cum
1348 719 1547 779 equitatu

159 804 292 846 venit.
317 805 360 846 Is
378 803 500 863 signa
522 800 871 862 Saguntinorum
892 797 1044 843 retulit
1058 815 1108 854 v,
1130 815 1226 859 quae
1247 799 1300 842 ab
1316 798 1548 860 oppidanis

157 883 288 943 cepit.
307 883 396 925 Suo
411 881 506 925 loco
522 881 792 943 praeteritum
811 890 872 924 est
885 915 896 936 ,
913 879 1032 940 quod
1048 880 1216 941 equites
1235 896 1287 924 ex
1302 878 1427 924 Italia
1447 898 1546 924 cum

156 965 397 1025 Asprenate
434 962 488 1007 ad
532 965 745 1007 Caesarem
790 963 1023 1006 venissent.
1060 964 1120 1005 Ea
1150 971 1278 1006 nocte
1314 963 1551 1023 Pompeius

158 1054 299 1090 castra
333 1061 411 1088 sua
440 1044 658 1100 incendit,
693 1054 736 1087 et
762 1043 817 1087 ad
842 1043 1097 1088 Cordubam
1122 1060 1273 1087 versus
1300 1044 1383 1087 iter
1409 1042 1550 1087 facere

157 1127 301 1188 coepit.
323 1128 441 1181 Rex,
469 1126 647 1169 nomine
675 1125 808 1176 Indo,
839 1126 913 1185 qui
934 1141 1035 1169 cum
1061 1125 1258 1185 equitatu
1280 1142 1379 1169 suas
1404 1126 1551 1186 copias

159 1208 423 1262 adduxerat,
449 1207 555 1252 dum
585 1207 786 1269 cupidius
798 1224 955 1268 agmen
978 1206 1329 1250 adversariorum
1355 1207 1550 1268 insequi-

160 1299 254 1345 tur⁷
277 1306 301 1333 a
328 1287 574 1333 vernaculis
599 1288 847 1350 legionariis
875 1297 1083 1349 exceptus
1106 1297 1194 1344 est,
1222 1297 1265 1331 et
1283 1287 1550 1331 interfectus.

223 1372 303 1414 XI.
332 1372 512 1414 Postero
541 1370 609 1414 die
636 1371 803 1431 equites
836 1370 974 1414 nostri
1005 1368 1180 1431 longius
1216 1368 1270 1413 ad
1298 1368 1552 1414 Cordubam

159 1470 310 1498 versus
349 1453 569 1514 prosecuti
605 1462 707 1496 sunt
752 1469 846 1508 eos,
894 1452 970 1512 qui
1018 1461 1286 1495 commeatus
1327 1450 1380 1495 ad
1410 1460 1553 1495 castra

163 1534 362 1596 Pompeii
390 1551 441 1578 ex
473 1532 638 1595 oppido
672 1533 909 1595 portabant
940 1550 948 1576 :
976 1550 1028 1577 ex
1063 1533 1114 1577 iis
1142 1534 1260 1594 capti
1296 1549 1323 1577 L
1346 1549 1447 1577 cum
1479 1533 1551 1593 ju-

162 1616 322 1660 mentis
344 1614 398 1659 ad
416 1625 567 1659 nostra
584 1614 763 1658 adducti
792 1624 894 1658 sunt
908 1623 1064 1658 castra.
1085 1613 1256 1658 Eodem
1271 1613 1341 1657 die
1360 1614 1418 1671 Q.
1436 1615 1556 1658 Mar-

162 1698 278 1754 cius,
301 1696 503 1740 tribunus
528 1695 718 1740 militum
733 1696 807 1757 qui
833 1695 986 1739 fuisset
1005 1696 1224 1756 Pompeii,
1241 1694 1295 1739 ad
1317 1712 1396 1739 nos
1414 1705 1555 1739 trans-

163 1778 296 1839 fugit,
325 1787 368 1821 et
394 1778 533 1821 noctis
563 1777 692 1820 tertia
722 1775 869 1837 vigilia
889 1776 931 1818 in
957 1775 1123 1837 oppido
1145 1777 1358 1819 acerrime
1384 1792 1555 1837 pugna·

164 1870 259 1904 tum
279 1868 363 1914 est,
388 1859 621 1920 ignemque
646 1856 833 1901 multum
850 1858 1086 1914 miserunt,
1103 1857 1164 1901 sic
1179 1866 1226 1900 ut
1242 1873 1373 1900 omne
1394 1873 1530 1918 genus
1545 1891 1556 1912 ‚

164 1941 324 2002 quibus
349 1941 461 2002 ignis
476 1957 554 2002 per
570 1940 714 2000 jactus
732 1937 885 1983 solitus
914 1948 979 1982 est
993 1939 1106 1982 mitti
1123 1973 1134 1993 ,
1153 1948 1441 1982 exerceretur.
1463 1941 1558 1982 Hoc

163 2023 395 2084 praeterito.
425 2032 647 2082 tempore,
682 2022 731 2066 C.
774 2019 1032 2064 Fundanius
1063 2036 1196 2080 eques
1232 2035 1468 2076 romanus,
1506 2036 1557 2064 ex

163 2104 315 2149 castris
338 2103 688 2148 adversariorum
712 2101 766 2145 ad
790 2119 868 2146 nos
898 2101 1145 2163 transfugit.

231 2187 332 2229 XII.
372 2187 553 2229 Postero
589 2184 661 2229 die
698 2201 748 2228 ex
790 2183 962 2246 legione
990 2182 1224 2228 vernacula
1262 2182 1421 2227 milites
1457 2193 1560 2227 sunt

165 2267 283 2327 capti
309 2265 363 2309 ab
391 2266 614 2327 equitibus
642 2266 803 2310 nostris
828 2265 943 2322 duo,
969 2267 1044 2327 qui
1073 2265 1306 2321 dixerunt,
1340 2281 1384 2309 se
1411 2281 1559 2308 servos

166 2363 270 2391 esse.
288 2348 440 2405 Quum
465 2347 691 2404 venirent,
717 2347 1001 2408 cognitisunt
1026 2364 1050 2390 a
1073 2345 1287 2390 militibus
1303 2381 1314 2402 ,
1334 2346 1410 2407 qui
1433 2355 1559 2389 antea

166 2444 267 2473 cum
287 2427 424 2471 Fabio
464 2437 508 2472 et
539 2428 676 2472 Pedio
712 2428 908 2487 fuerant,
942 2439 985 2473 et
1016 2446 1037 2472 a
1064 2428 1287 2473 Trebonio
1317 2427 1560 2489 transfuge-

166 2519 280 2554 rant.
309 2509 384 2553 Eis
411 2508 466 2553 ad
496 2509 812 2570 ignoscendum
842 2509 963 2555 nulla
990 2522 1053 2554 est
1081 2509 1183 2554 data
1211 2508 1423 2565 facultas,
1455 2518 1498 2552 et
1534 2525 1559 2552 a

167 2589 380 2634 militibus
409 2591 568 2634 nostris
593 2590 812 2635 interfecti
836 2602 950 2636 sunt.
979 2591 1098 2636 Idem
1130 2592 1337 2652 temporis
1364 2589 1477 2651 capti
1505 2599 1561 2633 ta-

168 2669 358 2729 bellarii,
383 2672 459 2732 qui
484 2687 507 2715 a
534 2670 744 2717 Corduba
771 2672 825 2716 ad
855 2673 1111 2734 Pompeium
1134 2672 1253 2716 missi
1280 2681 1430 2729 erant,
1458 2688 1558 2732 per-
