1972 3356
315 291 361 327 56
526 292 565 326 C.
598 292 723 326 JULIt
752 290 966 326 CAESARIS
998 290 1485 327 COMMENTARIORUM

313 384 432 430 rant,
463 375 572 417 citra
602 373 765 416 flumen
794 373 1000 416 Rhenum
1032 373 1260 434 depositis,
1291 373 1500 417 custodiae
1529 388 1581 415 ex
1610 374 1694 416 suis

314 469 362 497 ac
399 452 600 513 praesidio
636 469 709 496 sex
748 451 883 496 millia
916 453 1151 497 hominum
1186 470 1272 497 una
1300 451 1586 513 reliquerunt.
1617 453 1696 506 Hi,

314 542 411 592 post
438 549 589 576 eorum
615 533 810 590 obitum,
837 532 998 577 multos
1027 549 1164 578 annos
1196 550 1221 577 a
1245 533 1442 578 finitimis
1471 533 1697 594 exagitati,

314 628 450 672 quum
479 610 584 656 alias
613 612 778 657 bellum
806 613 1037 670 inferrent,
1068 612 1171 658 alias
1198 612 1369 657 illatum
1394 612 1697 668 defenderent,

314 707 526 737 consensu
554 710 705 738 eorum
737 695 935 738 omnium
964 710 1070 755 pace
1097 693 1229 750 facta,
1255 694 1372 738 hunc
1407 693 1488 738 sibi
1514 692 1699 737 domici-

315 770 373 816 lio
394 771 539 818 locum
562 773 829 836 delegerunt.

380 856 523 898 XXX.
554 857 618 900 Ac
645 856 789 916 primo
817 855 1009 900 adventu
1037 856 1250 899 exercitus
1279 855 1418 898 nostri
1447 854 1622 898 crebras
1648 870 1699 897 ex

315 934 479 996 oppido
509 936 786 980 excursiones
817 936 1054 992 faciebant,
1089 934 1370 997 parvulisque
1403 933 1566 996 proeliis
1599 950 1699 978 cum

316 1016 475 1059 nostris
509 1016 835 1060 contendebant
864 1034 873 1060 :
907 1027 1057 1077 postea
1081 1015 1196 1060 vallo
1220 1015 1382 1077 pedum
1415 1031 1507 1071 ΧΠ,
1541 1015 1586 1058 in
1617 1015 1701 1058 cir-

315 1095 437 1139 cuitu
461 1111 522 1139 xv
544 1095 751 1153 millium,
770 1097 1021 1157 crebrisque
1040 1095 1227 1141 castellis
1252 1095 1602 1150 circummuniti,
1622 1111 1700 1155 op-

316 1175 422 1236 pido
435 1192 526 1220 sese
542 1177 839 1221 continebant.
856 1177 964 1232 Ubi,
980 1177 1119 1220 vineis
1134 1177 1240 1220 actis
1254 1211 1265 1231 ,
1280 1192 1437 1237 aggere
1456 1183 1700 1231 exstructo,

318 1257 475 1299 turrim
508 1255 661 1317 procul
692 1257 898 1301 constitui
931 1256 1163 1310 viderunt,
1200 1257 1393 1317 primum
1433 1255 1615 1299 irridere
1651 1271 1702 1298 ex

317 1352 445 1379 muro
474 1345 604 1396 atque
638 1336 901 1398 increpitare
928 1337 1129 1393 vocibus,
1159 1353 1247 1397 quo
1282 1346 1404 1380 tanta
1438 1335 1702 1379 machinatio

317 1417 370 1460 ab
399 1426 521 1460 tanto
549 1417 690 1477 spatio
722 1416 1052 1461 institueretur?
1078 1417 1341 1478 quibusnam
1373 1416 1599 1472 manibus,
1629 1426 1704 1460 aut

318 1496 477 1555 quibus
493 1496 679 1552 viribus,
702 1498 942 1557 praesertim
961 1497 1161 1541 homines
1185 1496 1366 1541 tantulae
1391 1496 1702 1558 statu1·ae(11am

318 1575 579 1636 plerumque
597 1576 847 1621 hominibus
863 1575 1001 1621 Gallis
1012 1612 1023 1632 ,
1038 1594 1125 1639 prae
1140 1577 1445 1639 magnitudine
1466 1593 1703 1637 corporum

318 1672 494 1701 suorum
509 1691 520 1713 ,
537 1657 726 1701 brevitas
745 1666 894 1702 nostra
909 1659 1184 1720 contemptui
1205 1659 1313 1720 est),
1329 1658 1437 1703 tanti
1455 1659 1599 1702 oneris
1614 1668 1705 1702 tur-

319 1738 401 1780 rim
428 1738 472 1780 in
496 1754 645 1782 muros
673 1754 764 1782 sese
788 1736 1002 1783 collocare
1023 1738 1326 1783 confiderent?

381 1819 545 1862 XXXI.
575 1818 664 1862 Ubi
688 1835 792 1862 vero
820 1819 1008 1874 moveri,
1035 1828 1077 1862 et
1106 1820 1464 1880 appropinquare
1489 1819 1705 1862 moenibus

319 1897 543 1954 viderunt,
569 1916 682 1944 nova
711 1909 843 1960 atque
872 1900 1078 1944 inusitata
1106 1901 1248 1961 specie
1277 1899 1507 1955 commoti,
1542 1898 1704 1960 legatos

321 1978 375 2022 ad
395 1981 608 2024 Caesarem
644 1980 696 2024 de
735 1998 841 2042 pace
872 1982 1112 2037 miserunt,
1152 1982 1251 2042 qui,
1288 1979 1342 2024 ad
1376 1980 1495 2024 hunc
1525 1979 1705 2023 modum

323 2058 457 2104 locuti
484 2078 492 2103 :
519 2081 538 2102 c<
564 2062 667 2106 Non
705 2078 749 2105 se
781 2063 1028 2106 existimare
1058 2066 1280 2107 Romanos
1317 2062 1410 2106 sine
1446 2077 1529 2122 ope
1559 2060 1707 2104 divina

320 2139 485 2184 bellum
510 2157 677 2202 gerere,
697 2143 772 2202 qui
799 2151 929 2186 tantae
952 2141 1196 2186 altitudinis
1217 2142 1562 2186 machinationes
1585 2150 1706 2185 tanta

324 2219 542 2265 celeritate
575 2238 833 2282 promovere
867 2231 980 2265 etex
1013 2223 1342 2283 propinquitate
1376 2239 1573 2284 pugnare
1606 2238 1706 2283 pos-

323 2312 417 2346 sent
441 2319 450 2345 :
475 2319 519 2346 se
544 2319 708 2363 suaque
730 2303 877 2345 omnia
890 2318 1044 2346 eorum
1065 2304 1270 2363 potestati
1291 2304 1565 2364 permittere,
1587 2301 1706 2346 dixe-

325 2391 439 2426 runt.
466 2385 619 2427 Unum
648 2393 798 2444 petere
823 2399 872 2426 ac
902 2382 1127 2443 deprecari
1156 2400 1164 2426 ε
1191 2384 1226 2426 si
1255 2383 1388 2437 forte,
1415 2400 1496 2444 pro
1517 2397 1594 2426 sua
1619 2380 1704 2425 cle-

326 2463 487 2506 mentia
513 2460 561 2507 ac
596 2462 955 2519 mansuetudine,
983 2479 1115 2523 quam
1147 2464 1231 2523 ipsi
1267 2463 1319 2506 ab
1355 2462 1449 2506 aliis
1482 2461 1705 2520 audirent,

331 2542 562 2598 statuisset,
587 2546 826 2588 Atuatucos
848 2560 940 2588 esse
962 2544 1284 2588 conservandos
1299 2579 1310 2600 ,
1336 2561 1390 2587 ne
1413 2559 1457 2587 se
1481 2544 1612 2586 armis
1630 2543 1707 2588 de-

334 2618 551 2680 spoliaret,
591 2623 669 2665 sibi
701 2640 852 2667 omnes
886 2624 973 2667 fere
1016 2624 1223 2668 finitimos
1264 2640 1354 2668 esse
1394 2623 1615 2679 inimicos,
1657 2640 1707 2668 ac

332 2717 416 2743 sum
442 2702 587 2744 virtuti
614 2703 827 2754 invideret,
859 2721 880 2747 a
910 2705 1067 2764 quibus
1094 2721 1137 2747 se
1162 2703 1412 2757 defendero,
1447 2703 1615 2747 traditis
1641 2718 1705 2746 ar-
