1972 3356
574 219 834 253 COMMENT.
866 220 932 254 DE
962 220 1127 256 BELLO
1157 222 1389 258 GALLICO.
1607 224 1682 271 269

289 293 404 329 Hadr.
434 295 620 338 Valesius,
649 297 760 330 Noui.
799 297 918 339 Gall„
948 309 983 343 p.
1015 296 1109 341 566,
1136 299 1201 334 has
1233 312 1344 334 voces
1379 300 1468 335 (luas
1504 300 1542 334 in
1569 313 1679 335 unam

286 356 494 403 jungendas
514 369 590 391 esse
604 364 703 392 recte
729 358 949 405 probarunt.
973 359 1130 405 Reipsa‚
1155 361 1375 396 Ptolemaeus
1389 362 1503 396 habet
1517 359 1680 398 'Anha-

289 429 432 466 τουχον
451 417 660 468 ’ἷόγγρωῃ
681 427 716 454 et
737 420 788 455 ita
812 432 938 455 sensus
964 421 1096 467 poscit.
1110 421 1205 457 Vide
1224 423 1363 465 Dubis,
1386 430 1463 458 not.
1484 423 1524 458 in
1542 424 1607 459 lib.
1631 438 1659 459 11
1674 452 1683 468 ,

289 493 368 528 cap.
395 493 566 516 xxxwu.

764 566 822 599 IN
853 566 1075 601 LIBRUM
1099 567 1199 601 VII.

338 667 420 701 Cn».
445 666 507 700 ΙΧ.
534 665 763 713 Gergoviam.
791 665 920 700 Codex
940 665 1041 699 solus
1060 666 1183 700 Vossii
1206 666 1432 714 Gergouiam
1451 669 1576 703 habet.
1606 671 1677 705 Alii

287 740 415 763 omnes
436 727 496 761 vel
520 727 759 768 Gortoniam,
789 727 847 760 vel
876 726 1126 774 Gorgobinam
1135 741 1149 769 ,·
1177 727 1276 762 uncle
1303 741 1500 775 perperam
1525 731 1678 766 Caesaris

286 790 407 825 editor
427 788 647 823 novissimus
673 786 859 822 affirmare
878 800 984 822 ausus
1005 794 1058 822 est
1083 801 1161 823 non
1190 789 1428 837 Gergoviam,
1456 791 1521 826 sed
1543 792 1678 827 Corio„

285 864 372 885 nam
394 851 454 885 vel
486 849 737 898 Gorgobinam
768 849 969 896 legendum
994 862 1090 893 esse,
1116 851 1332 898 censuitque
1358 852 1513 888 fortasse
1536 867 1675 890 nomen

285 919 479 958 utrumque
492 911 676 946 habuisse.
692 911 762 945 Hic
775 911 871 945 nihil
896 911 1186 956 immutandum3
1216 925 1290 959 quo
1316 921 1436 949 autem
1463 916 1547 950 loco
1567 916 1675 951 situm

282 973 391 1009 fuerit
409 974 481 1008 hoc
502 973 683 1020 oppidum
702 973 887 1008 incertum
906 980 980 1017 est,
1000 973 1071 1008 nisi
1090 972 1389 1011 forteCouleuvre
1403 984 1466 1011 aut
1486 978 1545 1011 St-
1556 978 1674 1014 Votum

330 1060 417 1095 cip.
432 1060 578 1094 XXXI.
602 1060 845 1094 Teutomatus.
861 1059 1003 1094 Vitiose
1017 1059 1223 1094 admodum
1242 1061 1378 1108 legitur
1397 1075 1537 1098 nomen
1558 1064 1654 1100 istud
1666 1093 1674 1108 ,

281 1128 320 1156 ut
347 1120 418 1156 alia
444 1120 638 1167 ejusmodi.
660 1123 808 1156 Graecus
832 1121 946 1156 habet
971 1122 1228 1166 Τουτομανος;
1248 1123 1449 1159 Oberlinus
1474 1125 1672 1173 legendum

279 1183 476 1230 proposuit
504 1184 764 1225 Teutomams,
795 1182 860 1217 sed
889 1182 984 1218 nihil
1009 1183 1131 1219 adhuc
1155 1185 1378 1220 mutandum
1397 1186 1489 1221 mihi
1512 1187 1671 1223 videtur.

279 1245 337 1279 Ad
362 1245 477 1279 instar
501 1252 557 1281 tot
581 1245 778 1279 nominum
811 1256 1035 1291 graecorum,
1066 1248 1306 1282 Teutomatus
1339 1260 1383 1282 ex
1412 1261 1504 1283 voce
1534 1248 1673 1293 μᾶτος,

279 1307 424 1353 dorice,
437 1319 507 1354 pro
522 1303 658 1349 μῆτος.
680 1307 740 1342 vel
751 1296 892 1351 uisa,
911 1320 1015 1352 cura,
1029 1307 1226 1343 consilium
1237 1336 1246 1352 ,
1262 1309 1460 1354 formatur,
1475 1318 1536 1345 aut
1554 1313 1672 1347 verbo

278 1365 425 1412 amico,
449 1381 592 1415 quaero,
616 1369 775 1415 indago,
795 1366 1162 1416 uti-toginquisitm,
1176 1366 1322 1417 ματῆξ,
1340 1371 1400 1405 vel
1423 1371 1462 1405 in
1482 1374 1672 1420 composi-

277 1430 379 1465 tione
397 1426 542 1473 μοιτὴς,
562 1430 780 1477 inquisitor,
799 1431 999 1477 indagator
1019 1444 1027 1464 ε
1056 1432 1258 1465 Teutonum
1279 1432 1469 1467 consilium
1488 1433 1601 1481 igitur
1620 1436 1670 1469 si—

275 1490 443 1537 gnificat,
462 1493 523 1526 vel
549 1491 680 1526 melius
706 1493 909 1526 Teutonum
929 1493 1137 1540 indagator.
1162 1495 1252 1536 Quae
1278 1494 1505 1541 etymologia
1536 1497 1668 1531 Teuto—

274 1560 393 1587 matus
411 1553 619 1600 germinam
633 1566 710 1588 esse
724 1553 926 1588 lectionem
939 1554 1080 1589 statuit.
1093 1554 1198 1589 Idem
1218 1567 1285 1589 rex
1307 1567 1395 1589 sane
1410 1563 1464 1590 est
1477 1557 1539 1603 qui
1553 1557 1647 1593 infra
1659 1587 1668 1603 ,

271 1626 350 1661 cap.
369 1614 435 1659 46,
449 1615 517 1650 etsi
530 1615 637 1650 aliter
651 1615 826 1650 scribitur
839 1615 878 1649 in
893 1615 976 1651 cod.
995 1615 1094 1660 5763
1109 1643 1118 1660 ,
1138 1616 1427 1663 Votomapacus,
1442 1618 1525 1653 cod.
1549 1618 1647 1664 5764
1659 1648 1668 1663 ,

279 1675 315 1706 V
310 1684 513 1720 otomatus,
536 1684 571 1712 et
594 1677 657 1711 alii
681 1676 828 1712 codices
849 1677 966 1712 aliter.

322 1755 407 1789 CAp.
432 1756 624 1790 XXXVII.
649 1772 663 1787 «
681 1757 876 1791 Litawicus.
902 1757 1083 1791 Nummos
1109 1757 1186 1803 ejus
1215 1757 1290 1792 duo
1319 1771 1363 1793 ex
1401 1771 1492 1793 auro
1522 1760 1666 1806 profert

271 1816 480 1852 Bouteroue
505 1815 597 1865 (Dav
616 1818 816 1852 sslounaies
834 1819 881 1852 de
898 1819 1061 1862 France,
1084 1831 1120 1865 p.
1150 1818 1225 1868 48).
1252 1820 1415 1854 Exhibet
1438 1833 1501 1855 eos
1526 1829 1562 1856 et
1587 1823 1666 1857 Ha-

270 1889 445 1925 vercamp
461 1878 508 1913 ad
522 1878 716 1922 Orosium,
732 1879 796 1913 lib.
813 1892 851 1913 VI
862 1906 870 1922 ‚
892 1891 971 1926 cap.
993 1891 1006 1913 1
1020 1891 1033 1913 1
1048 1906 1057 1923 ,
1071 1879 1250 1926 additque
1265 1881 1415 1915 tertium
1434 1894 1478 1916 ex
1498 1895 1564 1917 suo
1577 1896 1664 1918 mu—

269 1951 344 1973 seo.
364 1940 577 1987 Epigraphe
602 1940 656 1974 ibi
682 1940 844 1975 occurrit
862 1942 991 1975 LITA.
1013 1941 1073 1975 vel
1092 1942 1273 1975 LITAVI.
1295 1942 1411 1986 Quod
1434 1955 1535 1990 pone
1555 1954 1665 1992 caput

268 2000 496 2048 conspicitur
521 2002 560 2035 C.
577 2028 586 2044 ‚
614 2008 722 2036 notat
746 2001 984 2036 Cabillonum
1019 2000 1030 2051 (
1050 2002 1449 2038 Clzcilon—sur-Sadne
1461 2003 1484 2054 ).
1516 2005 1662 2041 Priores

267 2062 342 2097 duo
366 2075 537 2097 nummos
563 2063 675 2097 offert
703 2063 814 2098 etiam
833 2064 993 2099 Pellerin
1021 2062 1141 2113 (Rea,
1165 2078 1197 2108 1,
1217 2065 1291 2099 tab.
1322 2070 1414 2109 124,
1433 2065 1482 2115 6).
1504 2068 1550 2101 In
1566 2080 1659 2114 pos—

266 2124 404 2160 teriore
429 2132 550 2160 autem
580 2125 812 2172 epigraphen
839 2127 999 2161 LITAV.
1026 2139 1223 2174 perperam
1249 2126 1288 2161 in
1314 2128 1473 2162 LlTAN.
1496 2141 1659 2165 conver—

264 2187 417 2221 tendam
435 2187 578 2231 statuit,
598 2194 634 2222 et
654 2187 700 2222 de
719 2188 962 2236 Litanobriga
981 2189 1159 2236 explicat,
1181 2188 1281 2235 cujus
1299 2189 1442 2224 mentio
1461 2190 1501 2224 in
1520 2190 1658 2226 Itinere

263 2248 457 2284 Antonini.
483 2264 498 2279 »
517 2252 569 2283 ita
593 2249 807 2285 Oberlinus.
830 2250 947 2296 Hujus
971 2250 1121 2297 quoque
1141 2258 1215 2285 tres
1234 2263 1408 2286 nummos
1434 2251 1588 2287 exhibet
1610 2254 1654 2288 D.

262 2307 603 2359 Mionnet‘(Descr.
629 2311 695 2345 cles
717 2312 832 2355 me'd„
860 2324 896 2359 p.
921 2310 994 2361 91)
1015 2325 1098 2347 cum
1125 2311 1328 2359 epigraphe
1349 2313 1479 2347 LITA.
1500 2313 1538 2348 in
1560 2314 1656 2349 duo-

262 2372 348 2416 bus3
367 2372 433 2407 sed
452 2372 559 2419 legit,
573 2372 666 2407 sicut
683 2373 863 2419 Pellerin,
877 2375 1039 2410 LITAN.
1059 2374 1098 2408 in
1116 2374 1239 2409 tertio.
1255 2374 1365 2409 Unde
1379 2374 1540 2421 conjicio
1559 2376 1655 2412 hanc

261 2435 429 2469 ultimam
448 2446 526 2469 esse
548 2447 676 2469 veram
695 2435 912 2481 lectionem,
933 2443 970 2472 et
987 2448 1119 2471 revera
1145 2436 1191 2471 de
1219 2436 1460 2484 Litanobriga
1478 2437 1653 2473 Bellova—

260 2509 390 2531 corum
414 2496 699 2543 intelligendam
729 2510 828 2544 esse,
861 2505 897 2533 et
915 2498 1143 2534 nullomodo
1170 2498 1217 2532 ad
1248 2504 1417 2532 nostrum
1446 2499 1651 2534 Litavicum

258 2570 453 2606 respicere.

310 2639 392 2674 CAP.
407 2641 627 2676 XXXVIII.
650 2641 686 2675 E
681 2642 880 2688 poredirix
898 2649 933 2676 et
959 2642 1225 2676 Viridomarus.
1247 2640 1295 2675 Hi
1314 2653 1396 2675 cum
1415 2640 1581 2688 equitatu
1600 2641 1647 2677 ad
