1972 3356
630 258 696 292 DE
725 246 893 292 BELLo
923 257 1078 293 c1v1L1
1106 257 1199 293 LIB.
1227 257 1297 293 111.
1613 270 1663 306 99

273 342 431 385 tinium
464 340 656 403 legatum
686 341 739 385 ad
767 341 910 403 ripam
942 342 1080 402 ipsam
1111 340 1327 398 fluminis,
1353 341 1428 402 qui
1463 357 1536 396 ea,
1566 357 1664 402 quae

273 423 461 466 maxime
481 421 535 466 ad
555 438 706 483 pacem
724 423 944 482 pertinere
963 421 1232 478 viderentur,
1249 431 1419 483 ageret,
1445 431 1486 466 et
1509 422 1664 466 crebro

272 519 431 564 magna
455 519 561 546 voce
589 503 919 563 pronuntiaret,
944 521 964 542 «
984 500 1188 545 liceretne
1210 502 1378 546 civibus
1402 502 1456 546 ad
1476 502 1590 547 cives
1611 502 1664 547 de

271 600 378 644 pace
405 583 493 627 duo
520 581 684 643 legatos
710 582 909 637 mittere,
939 581 1055 641 quod
1081 583 1212 625 etiam
1245 581 1441 642 fugitivis
1466 584 1520 626 ab
1549 582 1662 627 saltu

271 665 478 724 Pyrenaeo
494 661 862 723 praedonibusque
880 659 1072 705 licuisset
1094 679 1103 705 :
1127 662 1391 722 praesertim,
1420 673 1469 706 ut
1493 663 1536 706 id
1562 681 1662 724 age-

270 753 389 799 rent,
420 760 474 787 ne
501 744 615 787 cives
642 759 743 787 cum
775 741 945 786 civibus
977 742 1110 786 armis
1148 741 1453 786 decertarent?
1474 762 1494 783 »
1519 743 1661 787 Multa

269 823 523 885 suppliciter
553 822 722 867 locutus
755 832 842 878 est,
875 833 923 866 ut
953 822 1006 867 de
1033 839 1109 867 sua
1134 833 1266 883 atque
1293 823 1493 867 omnium
1523 823 1663 868 salute

268 905 482 960 debebat,
508 903 770 965 silentioque
794 903 849 948 ab
875 904 1075 966 utrisque
1109 902 1322 948 militibus
1357 904 1546 948 auditus.
1576 908 1662 949 Re-

266 1002 477 1047 sponsum
506 995 570 1030 est
593 985 648 1030 ab
677 984 816 1030 altera
846 995 988 1047 parte,
1013 988 1064 1029 A.
1091 987 1338 1029 Varronem
1364 985 1591 1047 profiteri,
1618 1002 1662 1030 se

265 1065 400 1111 altera
421 1066 490 1111 die
515 1066 568 1110 ad
593 1065 864 1127 colloquium
886 1076 1146 1122 venturu1n3
1168 1075 1300 1127 atque
1318 1083 1403 1110 una
1429 1067 1560 1110 etiam
1585 1066 1659 1110 ubi
1699 1110 1702 1113 .

266 1149 473 1209 utrinque
501 1147 741 1192 admodum
772 1157 870 1192 tuto
904 1146 1035 1208 legati
1070 1148 1245 1204 venire,
1269 1157 1307 1191 et
1338 1164 1436 1208 quae
1470 1147 1658 1203 vellent,

264 1246 481 1290 exponere
504 1239 702 1290 possent,
727 1238 985 1289 certumque
1010 1229 1048 1272 ei
1071 1229 1132 1272 rei
1156 1238 1331 1290 tempus
1359 1230 1658 1273 constituitur.

265 1310 367 1367 Quo
407 1327 544 1371 quum
574 1320 684 1354 esset
713 1320 889 1371 postero
922 1309 992 1354 die
1024 1319 1231 1366 ventum,
1261 1327 1422 1371 magna
1453 1311 1662 1370 utrinque

264 1389 504 1435 multitudo
530 1391 753 1447 convenit;
780 1406 1028 1451 magnaque
1055 1400 1147 1434 erat
1168 1390 1262 1450 ejus
1282 1391 1343 1434 rei
1369 1390 1658 1451 exspectatio,

263 1480 396 1531 atque
421 1472 616 1515 omnium
652 1471 810 1515 intenti
838 1472 974 1515 animi
1003 1470 1058 1514 ad
1088 1488 1237 1532 pacem
1263 1487 1355 1514 esse
1380 1470 1658 1514 videbantur.

262 1552 362 1608 Qua
384 1568 436 1596 ex
458 1551 705 1612 frequentia
723 1553 773 1595 T.
794 1552 1012 1596 Labienus
1037 1551 1203 1612 prodit,
1222 1551 1438 1595 submissa
1460 1552 1661 1595 oratione

263 1631 384 1693 loqui
402 1631 456 1677 de
474 1649 582 1695 pace
597 1668 608 1688 ,
634 1642 767 1694 atque
790 1632 992 1678 altercari
1013 1649 1110 1676 cum
1132 1634 1313 1676 Vatinio
1341 1633 1507 1694 incipit.
1536 1633 1662 1690 Quo-

261 1729 361 1757 rum
402 1713 593 1758 mediam
628 1715 873 1758 orationem
908 1715 1242 1774 interrumpunt
1284 1713 1480 1775 undique
1515 1714 1661 1758 subito

261 1793 348 1839 tela
382 1795 599 1848 immissa,
629 1811 726 1855 qum
763 1793 835 1838 ille
861 1794 1063 1838 obtectus
1098 1795 1231 1837 armis
1263 1794 1456 1838 militum
1490 1795 1658 1838 vitavit.

262 1873 570 1919 Vulnerantur
594 1885 738 1919 tamen
760 1866 1035 1936 complures,
1062 1875 1106 1918 in
1132 1875 1199 1918 his
1221 1875 1455 1919 Cornelius
1479 1874 1659 1931 Balbus,

263 1957 326 1999 M.
358 1954 553 2013 Plotius,
585 1958 635 2000 L.
665 1956 896 2000 Tiburtius
931 1956 1233 2011 centuriones,
1269 1954 1515 2016 militesque
1552 1972 1660 1999 non-

265 2034 391 2080 nulli.
423 2038 535 2081 Tum
565 2037 787 2082 Labienus
812 2054 822 2080 z
850 2037 1084 2081 «Desinite
1114 2053 1219 2097 ergo
1253 2035 1306 2080 de
1342 2037 1660 2098 compositione

263 2116 385 2178 loqui
416 2134 425 2161 :
450 2134 552 2162 nam
584 2117 740 2175 nobis,
771 2119 854 2161 nisi
887 2118 1071 2162 Caesaris
1096 2119 1239 2179 capite
1269 2116 1427 2172 relato,
1455 2135 1540 2180 pax
1568 2134 1660 2162 esse

263 2196 383 2243 nulla
410 2209 567 2260 potest.
588 2219 609 2242 »

326 2282 426 2325 XX.
454 2280 615 2325 Iisdem
639 2281 911 2342 temporibus
937 2283 1088 2325 Romae
1107 2283 1169 2325 M.
1197 2279 1361 2325 Coelius
1387 2280 1530 2325 Rufus
1553 2297 1660 2342 prae-

262 2370 345 2418 tor,
373 2378 504 2406 causa
531 2362 782 2407 debitorum
805 2373 1030 2424 suscepta,
1059 2363 1186 2406 initio
1210 2363 1494 2424 magistratus
1519 2362 1660 2406 tribu-

261 2441 332 2486 nal
359 2460 488 2488 suum
508 2444 634 2505 juxta
664 2446 713 2489 C.
741 2444 951 2489 Trebonii
978 2445 1179 2506 praetoris
1206 2444 1363 2488 urbani
1389 2443 1538 2488 sellam
1565 2442 1657 2487 col-

261 2521 455 2579 locavit;
500 2535 543 2570 et
583 2527 618 2569 si
661 2527 759 2586 quis
801 2525 1060 2587 appellasset
1103 2525 1156 2570 de
1200 2526 1487 2570 aestimatione
1524 2535 1567 2569 et
1606 2524 1660 2568 de

215 2631 225 2640 -
262 2603 585 2662 solutionibus,
615 2624 712 2667 quae
741 2624 818 2668 per
839 2607 1071 2652 arbitrium
1104 2606 1281 2661 fierent,
1311 2616 1358 2650 ut
1384 2609 1533 2651 Caesar
1554 2623 1659 2668 prae-

261 2700 356 2730 sens
393 2689 707 2746 constituerat,
740 2689 833 2733 fore
864 2688 1027 2733 auxilio
1063 2688 1366 2750 pollicebatur.
1405 2688 1491 2733 Sed
1528 2687 1660 2732 fiebat

1440 2778 1463 2800 ‘a

1454 2802 1455 2805 ,
1471 2798 1479 2805 .
