1972 3356
418 235 493 274 2l⁴6
656 235 695 269 C.
722 231 853 268 JULII
881 228 1106 266 CAESARIS
1132 228 1397 264 COMMENT.
1426 228 1574 263 LIBER

416 316 693 375 multumque
716 311 893 375 jactati,
922 310 1098 357 tandem
1124 309 1274 355 multis
1298 319 1398 372 post
1421 309 1576 355 diebus
1606 310 1676 354 siti
1706 311 1798 354 ino-

416 400 578 461 piaque
601 396 810 455 confecti,
840 395 896 440 ad
920 397 1134 442 Caesarem
1158 394 1437 457 perveniunt.

477 483 597 527 LIV.
641 480 813 539 Quibus
848 478 1094 542 legionibus
1134 478 1364 540 expositis,
1397 493 1567 522 memor
1600 478 1645 522 in
1675 476 1802 522 Italia

415 565 609 627 pristinae
631 563 820 610 licentiae
842 563 1044 609 militaris
1069 580 1119 608 ac
1144 563 1399 624 rapinarum
1417 571 1637 606 certorum
1661 561 1802 606 homi-

414 665 544 708 num,
583 648 812 712 parvulam
850 647 981 693 modo
1019 645 1243 692 causulam
1278 655 1431 690 nactus
1475 646 1641 702 Caesar,
1684 644 1803 706 quod

415 735 466 779 C.
495 734 713 792 Avienus,
740 733 944 778 tribunus
977 730 1165 776 militum
1197 747 1228 774 x
1257 728 1463 792 legionis,
1491 744 1651 774 navem
1684 744 1804 773 com·

415 830 585 878 meatu,
605 819 769 866 familia
792 836 891 877 sua,
919 829 1051 881 atque
1069 818 1281 881 jumentis
1316 817 1638 879 occupavisset,
1661 831 1804 877 neque

415 905 601 951 militem
629 922 770 950 unum
793 905 847 950 ab
868 903 1016 949 Sicilia
1037 902 1301 960 sustulisset,
1329 912 1505 964 postero
1530 902 1601 947 die
1626 901 1681 946 de
1703 918 1805 966 sug·

415 999 562 1052 gestu,
589 990 841 1034 convocatis
873 989 1072 1033 omnium
1101 986 1325 1049 legionum
1357 987 1545 1032 tribunis
1582 988 1803 1032 centurio-

415 1074 634 1134 nibusque
657 1090 666 1116 :
685 1092 706 1114 α
728 1073 925 1117 Maxime
946 1070 1125 1127 vellem,
1155 1071 1323 1132 inquit,
1345 1070 1546 1115 homines
1572 1086 1660 1115 suae
1680 1080 1806 1132 petu-

415 1156 560 1201 lantiae
600 1156 833 1217 nimiaeque
869 1155 1082 1200 libertatis
1116 1153 1354 1215 aliquando
1396 1153 1527 1198 finem
1570 1153 1804 1211 fecissent,

414 1256 607 1301 meaeque
622 1239 833 1297 lenitatis,
849 1238 1092 1295 modestiae,
1110 1238 1419 1300 patientiaeque
1436 1238 1650 1282 rationem
1670 1237 1806 1282 habu-

415 1325 564 1368 issent.
582 1323 668 1369 Sed
684 1325 892 1385 quoniam
911 1324 992 1384 ipsi
1009 1322 1091 1367 sibi
1114 1338 1256 1382 neque
1271 1321 1473 1379 modum,
1497 1337 1640 1383 neque
1661 1322 1806 1366 termi-

415 1425 522 1452 num
535 1409 832 1465 constituunt,
848 1424 936 1468 quo
947 1408 1077 1452 ceteri
1095 1404 1364 1450 dissimiliter
1379 1422 1422 1450 se
1443 1414 1620 1468 gerant,
1634 1415 1807 1467 egomet

417 1493 508 1553 ipse
531 1491 847 1536 documentum
872 1507 995 1535 more
1024 1489 1202 1535 militari
1230 1490 1509 1534 constituam.
1537 1490 1585 1534 C.
1608 1489 1778 1534 Aviene
1794 1524 1806 1545 ,

415 1577 534 1637 quod
561 1578 606 1621 in
640 1575 769 1622 Italia
796 1576 954 1620 milites
995 1574 1147 1638 populi
1173 1575 1343 1619 romani
1376 1584 1532 1618 contra
1568 1572 1807 1634 rempubli-

417 1677 511 1705 cam
537 1662 780 1723 instigasti,
808 1661 1074 1721 rapinasque
1101 1675 1178 1721 per
1211 1658 1450 1718 municipia
1477 1656 1640 1713 fecisti,
1668 1656 1808 1719 quod-

416 1761 502 1804 que
530 1745 637 1788 mihi
662 1746 815 1804 reique
841 1743 1025 1805 publicae
1053 1742 1220 1786 inutilis
1246 1742 1386 1797 fuisti,
1415 1751 1458 1785 et
1486 1758 1566 1802 pro
1591 1740 1808 1786 militibus

418 1837 538 1871 tuam
564 1826 775 1871 familiam
799 1828 1087 1887 jumentaque
1125 1827 1168 1868 in
1200 1841 1330 1869 naves
1357 1824 1624 1885 imposuisti,
1649 1834 1810 1886 tuaque

418 1927 550 1972 opera
579 1908 792 1954 militibus
817 1919 1014 1971 tempore
1038 1910 1283 1954 necessario
1305 1906 1553 1969 respublica
1576 1918 1721 1965 caret,
1753 1909 1810 1954 ob

419 2011 491 2039 eas
516 2011 605 2050 res,
632 1995 885 2056 ignominiae
915 2009 1067 2050 causa,
1090 1993 1144 2037 ab
1164 1994 1357 2037 exercitu
1386 2009 1485 2036 meo
1506 2002 1548 2037 te
1577 2009 1782 2037 removeo
1799 2028 1811 2048 ,

421 2078 640 2139 hodieque
663 2095 715 2122 ex
749 2078 894 2123 Africa
924 2077 1095 2130 abesse,
1125 2087 1194 2132 et,
1230 2087 1444 2137 quantum
1476 2086 1640 2138 potest,
1680 2077 1813 2139 profi-

421 2163 524 2207 cisci
555 2162 702 2223 jubeo.
733 2164 932 2222 Itemque
961 2170 1020 2211 te,
1047 2163 1094 2205 Α.
1123 2162 1296 2215 Fontei,
1322 2160 1440 2221 quod
1470 2161 1672 2206 tribunus
1696 2160 1811 2205 mili-

423 2257 515 2290 tum
530 2281 541 2302 ,
555 2245 786 2290 seditiosus
804 2243 1032 2305 malusque
1046 2245 1154 2288 civis
1170 2244 1288 2288 fuisti
1305 2279 1316 2301 ,
1335 2244 1390 2289 ab
1407 2245 1601 2289 exercitu
1619 2244 1809 2289 dimitto.

422 2333 471 2374 T.
499 2328 692 2386 Saliene,
711 2331 772 2373 M.
798 2330 924 2384 Tiro,
949 2330 998 2374 C.
1022 2327 1248 2385 Clusinas,
1270 2345 1432 2389 quum,
1456 2328 1632 2374 ordines
1653 2330 1694 2373 in
1715 2345 1812 2373 mco

423 2415 616 2458 exercitu
641 2413 853 2459 beneficio
874 2430 962 2458 non
985 2414 1147 2457 virtute
1171 2413 1417 2469 consecuti,
1444 2413 1505 2457 ita
1533 2429 1610 2457 vos
1633 2413 1812 2475 gesseri-

426 2500 501 2553 tis,
537 2509 582 2543 ut
619 2515 761 2559 neque
788 2497 903 2543 bello
943 2497 1096 2553 fortes,
1125 2513 1266 2558 neque
1305 2513 1411 2558 pace
1444 2497 1546 2542 boni
1581 2505 1655 2541 aut
1680 2495 1809 2540 utiles

429 2580 616 2635 fueritis,
645 2589 687 2625 et
715 2581 854 2641 magis
887 2580 932 2623 in
966 2578 1180 2623 seditione
1213 2577 1571 2639 concitandisque
1597 2574 1809 2621 militibus

429 2659 635 2705 adversus
674 2671 867 2705 vestrum
903 2661 1231 2721 imperatorem,
1266 2675 1395 2720 quam
1439 2657 1617 2719 pudoris
1659 2656 1810 2701 mode·
