1972 3356
561 234 627 269 DE
659 234 823 268 BELLO
854 233 1186 269 HISPANIENSI.
1500 232 1571 281 293

185 330 381 381 tempore
404 321 698 379 Ventisponte
724 318 936 380 oppidum
967 336 1104 378 quum
1130 335 1386 379 oppugnare
1417 319 1572 379 coepis-

184 410 268 456 set,
296 399 517 443 deditione
547 399 687 455 facta,
716 401 798 443 iter
820 400 922 442 fecit
956 400 996 441 in
1035 400 1300 453 Carrucam,
1334 408 1575 459 contraque

182 481 441 540 Pompeium
469 490 608 523 castra
636 481 796 540 posuit.
824 480 1061 538 Pompeius
1079 478 1291 538 oppidum
1309 513 1320 535 ,
1336 479 1454 538 quod
1476 496 1576 523 con-

186 571 253 603 tra
284 575 362 604 sua
390 559 591 620 praesidia
620 569 771 620 portas
797 557 1021 601 clausisset
1038 591 1049 613 ,
1074 557 1295 613 incendit;
1332 557 1543 619 milesque
1565 595 1575 615 ,

183 641 257 700 qui
280 640 457 684 fratrem
486 657 612 683 suum
637 640 680 682 in
709 639 862 682 castris
885 636 1148 697 jugulasset,
1173 637 1440 698 interceptus
1465 650 1528 683 est
1553 656 1577 682 a

182 723 370 774 nostris,
411 731 454 764 et
494 721 594 764 fusti
621 735 864 780 percussus.
892 718 1006 761 Hinc
1036 718 1190 761 itinere
1220 717 1358 774 facto,
1387 719 1429 761 in
1459 737 1576 763 cam-

181 818 286 861 pum
304 802 587 845 mundensem
606 816 741 860 quum
760 808 871 843 esset
892 807 1070 842 ventum
1085 833 1096 853 ,
1124 808 1260 842 castra
1284 809 1438 843 contra
1454 801 1578 844 Pom-

185 883 333 942 peium
364 882 608 925 constituit.

248 964 459 1007 XXVIII.
484 963 693 1023 Sequenti
710 961 778 1006 die
792 979 929 1022 quum
959 962 1041 1005 iter
1067 961 1206 1006 facere
1225 966 1368 1007 Caesar
1389 979 1486 1006 cum
1513 979 1578 1005 co-

184 1044 263 1104 piis
291 1041 423 1086 vellet
436 1078 446 1099 ,
459 1044 758 1087 renuntiatum
774 1053 839 1086 est
857 1043 911 1086 ab
930 1042 1298 1104 speculatoribus,
1320 1044 1577 1104 Pompeium

181 1124 234 1168 de
261 1126 386 1168 tertia
412 1124 560 1186 vigilia
583 1126 626 1167 in
652 1125 743 1168 acie
770 1125 950 1168 stetisse.
979 1127 1074 1168 Hoc
1088 1125 1246 1168 nuntio
1264 1122 1418 1179 allato,
1440 1123 1577 1167 vexil-

183 1206 272 1248 lum
300 1206 542 1266 proposuit.
571 1206 744 1250 Idcirco
772 1206 887 1249 enini
913 1206 1059 1266 copias
1089 1205 1320 1259 eduxerat,
1348 1204 1466 1265 quod
1493 1205 1579 1248 Ur-

183 1288 460 1330 saonensium
489 1288 655 1330 civitati
685 1286 865 1330 fuissent
896 1286 1086 1330 fautores
1115 1303 1123 1329 :
1155 1296 1279 1329 antea
1310 1284 1474 1329 litteras
1499 1286 1579 1327 mi-

184 1378 318 1424 serat,
349 1388 369 1408 r<
393 1369 610 1412 Caesarem
640 1366 755 1411 nolle
782 1368 823 1410 in
859 1365 1103 1411 convallem
1142 1366 1426 1422 descendere,
1460 1365 1579 1426 quod

183 1449 391 1508 majorem
418 1458 585 1509 partem
614 1449 826 1491 exercitus
857 1448 1042 1491 tironem
1068 1448 1296 1491 haberet.»
1320 1449 1398 1490 Hae
1427 1445 1580 1490 litterae

181 1529 465 1572 vehementer
493 1527 818 1572 confirmabant
838 1538 1005 1572 mentes
1022 1528 1362 1588 oppidanorum.
1385 1530 1465 1582 Ita,
1497 1526 1578 1570 hac

182 1610 390 1670 opinione
420 1609 576 1663 fretus,
602 1619 741 1653 totum
771 1626 816 1652 se
845 1609 984 1651 facere
1008 1625 1134 1668 posse
1162 1609 1438 1651 existimabat
1463 1624 1471 1649 :
1515 1617 1580 1650 et-

181 1690 298 1733 enim
321 1700 362 1732 ct
386 1700 542 1733 natura
566 1689 646 1733 loci
672 1689 1002 1744 defendebatur,
1028 1698 1068 1732 et
1098 1689 1234 1748 ipsius
1253 1687 1403 1748 oppidi
1443 1688 1582 1731 muni·

184 1771 322 1824 tione,
353 1770 425 1812 ubi
455 1780 596 1813 castra
633 1769 788 1812 habuit
820 1769 1081 1811 constituta:
1126 1783 1332 1827 namque,
1363 1777 1412 1810 ut
1448 1783 1579 1827 supe-

185 1850 274 1893 rius
296 1850 698 1894 demonstravimus
713 1849 834 1904 ,loca
850 1847 1104 1893 excellentia
1122 1845 1305 1891 tumulis
1337 1847 1553 1891 contineri
1570 1864 1581 1903 ;

186 1932 359 1975 iuterim
387 1931 504 1974 nulla
537 1930 715 1991 planitia
740 1930 907 1974 dividit.

252 2013 415 2055 XXIX.
445 2011 529 2055 Sed
550 2012 716 2055 ratione
741 2010 858 2054 nulla
884 2011 1051 2071 placuit
1074 2013 1204 2055 taceri
1222 2011 1286 2067 id,
1308 2010 1425 2072 quod
1444 2028 1495 2054 eo
1517 2011 1582 2053 in-

191 2091 297 2136 cidit
317 2102 527 2153 tempore.
542 2091 748 2136 Planities
773 2093 886 2136 iuter
902 2102 1086 2153 utraque
1104 2104 1244 2136 castra
1260 2091 1555 2136 intercedebat
1571 2125 1582 2145 ,

189 2173 362 2217 circiter
380 2172 516 2216 millia
542 2189 747 2234 passuum
773 2174 993 2234 quinque,
1018 2184 1064 2216 ut
1087 2173 1247 2217 auxilia
1263 2173 1460 2233 Pompeii
1481 2170 1584 2215 dua-

190 2254 271 2297 bus
298 2253 637 2298 defenderentur
665 2255 817 2311 rebus,
849 2254 1000 2316 oppidi
1027 2254 1182 2298 excelsi
1216 2264 1258 2298 et
1288 2253 1372 2298 loci
1411 2262 1579 2296 natura.

192 2335 308 2378 Hinc
336 2334 529 2396 dirigens
558 2336 754 2396 proxima
778 2334 979 2396 planities
1003 2335 1272 2395 aequabatur,
1290 2335 1415 2395 cujus
1433 2333 1583 2377 decur-

192 2431 286 2458 sum
304 2415 589 2460 antecedebat
608 2417 726 2459 rivus
742 2451 752 2472 ,
777 2417 852 2477 qui
876 2416 929 2461 ad
948 2433 1100 2460 eorum
1124 2432 1351 2460 accessum
1369 2430 1582 2459 summam

193 2496 409 2541 efficiebat
432 2496 517 2541 loci
546 2497 823 2557 iniquitatem
861 2515 868 2541 :
901 2515 1002 2542 nam
1035 2497 1220 2558 palustri
1248 2508 1290 2542 et
1321 2497 1582 2557 voraginoso

191 2577 284 2622 solo
304 2595 485 2622 currens
499 2589 590 2622 erat
616 2578 669 2622 ad
696 2578 914 2622 dextrum.
941 2582 996 2623 Et
1023 2581 1190 2633 Caesar,
1210 2596 1348 2640 quum
1363 2579 1501 2622 aciem
1518 2577 1583 2619 di-

192 2669 355 2703 rectam
384 2659 588 2716 vidisset,
609 2677 695 2703 non
718 2660 871 2704 habuit
894 2660 1106 2716 dubium,
1139 2660 1243 2720 quin
1271 2658 1410 2703 media
1440 2658 1581 2720 plani-
