1972 3356
280 207 327 241 62
496 209 533 242 C.
562 207 692 242 JULII
724 204 941 241 CAESARIS
973 201 1462 238 COMMENTARIORUM

348 294 423 336 XI.
457 293 561 347 Quo
584 289 701 333 malo
729 289 953 350 perterriti
982 287 1128 332 subito
1153 285 1366 347 oppidani
1391 301 1518 342 saxa,
1542 302 1673 346 quam

283 373 472 416 maxima
514 380 725 432 possunt,
755 369 950 414 vectibus
986 376 1274 429 promovent,
1315 366 1673 427 praecipitataque

284 469 411 496 muro
444 452 488 495 in
529 450 782 496 musculum
811 449 1067 494 devolvunt.
1097 451 1241 493 Ictum
1274 446 1456 491 firmitas
1486 447 1678 492 materiae

283 533 488 590 sustinet3
514 544 581 589 et,
611 531 826 593 quidquid
854 530 1034 589 incidit,
1064 530 1239 592 fastigio
1266 526 1453 573 musculi
1476 525 1677 571 elabitur.

285 613 336 658 Id
363 615 437 658 ubi
469 614 641 671 vident,
669 623 844 658 mutant
880 611 1113 657 consilium
1145 629 1153 655 ε
1182 627 1339 672 cupas,
1369 609 1481 654 taeda
1507 625 1558 653 ac
1586 609 1681 670 pice

286 695 491 752 refertas,
522 694 786 749 incendunt,
818 710 980 754 easque
1010 693 1064 737 de
1105 709 1232 736 muro
1269 693 1314 735 in
1340 689 1587 735 musculum
1614 688 1682 733 de-

286 774 487 821 volvunt.
512 774 728 820 Involutae
752 775 985 832 labuntur,
1001 774 1188 836 delapsae
1209 773 1261 817 ab
1284 772 1495 817 lateribus
1519 770 1680 833 longu-

287 857 362 900 riis
381 856 602 917 furcisque
628 856 683 901 ab
706 873 839 917 opere
859 866 1159 900 removentur.
1176 854 1359 898 Interim
1379 853 1459 898 sub
1479 851 1681 896 musculo

289 936 446 982 milites
474 938 670 982 vectibus
699 937 850 980 infima
875 953 978 980 saxa
1000 937 1133 980 turris
1155 936 1351 980 hostium
1368 970 1379 991 ,
1400 934 1561 996 quibus
1585 933 1684 978 fun-

288 1017 494 1062 damenta
525 1018 894 1072 continebantur,
926 1015 1197 1060 convellunt.
1228 1014 1459 1059 Musculus
1491 1031 1544 1058 ex
1571 1016 1683 1058 turri

289 1097 477 1142 lateritia
507 1115 531 1141 a
558 1098 717 1143 nostris
748 1096 845 1141 telis
874 1097 1192 1158 tormentisque
1218 1095 1469 1140 defenditur
1499 1113 1508 1139 :
1540 1096 1685 1139 hostes

290 1196 341 1222 ex
374 1195 502 1223 muro
543 1195 594 1222 ac
626 1178 824 1222 turribus
864 1179 1184 1222 submoventur
1221 1194 1229 1220 :
1259 1193 1347 1220 non
1383 1175 1515 1220 datur
1550 1175 1687 1219 libera

290 1261 405 1303 muri
431 1259 693 1304 defendendi
715 1258 916 1303 facultas.
939 1257 1256 1320 Compluribus
1277 1258 1366 1319 jam
1383 1256 1607 1319 lapidibus
1634 1273 1686 1300 ex

290 1358 365 1399 ea,
390 1358 486 1402 quae
519 1341 717 1398 suberat,
756 1341 868 1385 turri
895 1339 1145 1397 subductis,
1175 1339 1405 1400 repentina
1430 1338 1557 1383 ruina
1584 1354 1686 1400 pars

291 1423 384 1484 ejus
409 1423 542 1467 turris
564 1422 770 1467 concidit.

356 1505 455 1548 XII.
493 1506 601 1549 Pars
638 1502 809 1564 reliqua
851 1519 1126 1564 consequens
1170 1502 1517 1563 procumbebat,
1549 1516 1688 1561 quum

292 1586 460 1642 hostes,
499 1585 619 1629 urbis
644 1585 891 1645 direptione
919 1584 1165 1645 perterriti,
1193 1584 1380 1627 inermes
1411 1599 1512 1626 cum
1542 1580 1690 1625 infulis

294 1682 387 1710 sese
419 1675 547 1727 porta
583 1665 699 1709 foras
735 1666 929 1708 universi
962 1664 1240 1725 proripiunt,
1273 1662 1328 1706 ad
1355 1662 1520 1724 legatos
1557 1672 1689 1724 atque

293 1747 529 1791 exercitum
550 1745 770 1807 supplices
790 1761 945 1788 manus
968 1744 1171 1787 tendunt.
1195 1745 1297 1801 Qua
1315 1760 1431 1787 nova
1448 1759 1496 1787 re
1518 1743 1690 1801 oblata,

294 1828 435 1872 omnis
462 1826 783 1871 administratio
811 1824 914 1869 belli
947 1826 1168 1882 consistit,
1198 1824 1463 1885 militesque,
1495 1825 1636 1868 aversi
1669 1840 1694 1868 a

296 1908 477 1970 proelio,
511 1907 566 1951 ad
599 1907 794 1951 studium
823 1906 1031 1951 audiendi
1069 1918 1112 1951 et
1144 1906 1440 1968 cognoscendi
1471 1905 1690 1950 feruntur.

294 1990 384 2035 Ubi
410 1990 557 2034 hostes
599 1989 654 2033 ad
682 1988 848 2051 legatos
885 1989 1216 2049 exercitumque
1244 1997 1561 2049 pervenerunt,
1598 1986 1693 2031 uni-

298 2072 410 2117 versi
433 2088 476 2115 se
502 2071 556 2115 ad
580 2069 712 2132 pedes
740 2069 977 2132 projiciunt
1015 2087 1023 2113 :
1058 2079 1217 2125 orant,
1246 2089 1267 2110 «
1292 2079 1341 2113 ut
1369 2068 1583 2113 adventus
1601 2069 1694 2112 Cae-

299 2154 407 2197 saris
437 2161 714 2214 exspectetur
747 2168 756 2195 :
789 2161 963 2212 captam
1006 2168 1130 2195 suam
1163 2151 1316 2195 urbem
1358 2149 1528 2207 videre,
1560 2165 1695 2210 opera

299 2233 514 2295 perfecta,
550 2244 718 2277 turrem
754 2232 1009 2289 subrutam3
1049 2233 1197 2293 itaque
1234 2248 1259 2275 a
1297 2231 1550 2276 defensione
1576 2230 1691 2274 desi—

301 2325 414 2359 stere
451 2332 459 2359 :
491 2313 658 2358 nullam
695 2313 857 2358 exoriri
882 2330 1050 2367 moram
1087 2329 1235 2374 posse,
1267 2329 1354 2373 quo
1385 2312 1530 2355 minus
1556 2327 1691 2371 quum

300 2396 510 2452 venisset,
542 2396 576 2439 si
601 2396 814 2456 imperata
843 2410 932 2437 non
959 2394 1176 2450 facerent,
1201 2392 1255 2437 ad
1281 2403 1441 2437 nutum
1465 2409 1487 2436 e
1512 2392 1694 2452 vestigio

303 2476 613 2538 diriperentur.
647 2478 842 2531 Docent,
873 2476 906 2519 si
929 2476 1110 2519 omnino
1136 2475 1270 2519 turris
1296 2473 1578 2528 concidisset,
1604 2489 1693 2515 non

304 2574 427 2617 posse
447 2556 605 2601 milites
625 2556 863 2610 contineri,
891 2557 997 2616 quin
1022 2574 1096 2617 spe
1118 2555 1273 2617 praedae
1297 2555 1341 2598 in
1364 2555 1518 2598 urbem
1539 2555 1696 2597 irrum-

305 2648 480 2697 perent,
506 2639 749 2698 urbemque
768 2636 974 2681 delerent.
999 2658 1019 2678 n
1045 2640 1167 2695 Haec,
1195 2647 1327 2697 atque
1348 2635 1543 2697 ejusdem
1570 2652 1695 2696 gene-
