1972 3356
608 210 675 246 DE
705 210 867 246 BELLO
899 209 1114 245 GALLICO
1144 209 1235 243 LIB.
1262 208 1328 242 111.
1622 203 1672 249 69

268 293 431 356 oppida
460 294 770 353 defenderent,
797 295 1034 340 habebant.
1067 297 1222 354 Itaque
1253 308 1297 337 se
1325 307 1490 352 suaque
1523 289 1674 333 onmia

268 375 430 420 Caesari
458 374 738 420 dediderunt.
768 378 821 420 In
851 392 960 436 quos
987 391 1039 419 eo
1063 375 1240 437 gravius
1266 374 1414 418 Caesar
1443 369 1674 415 vindican-

268 456 373 500 dum
399 458 573 514 statuit,
603 474 692 518 quo
718 456 974 518 diligentius
1004 457 1048 499 in
1078 454 1301 516 reliquum
1328 464 1503 515 tempus
1529 468 1553 495 a
1576 452 1676 495 bar-

269 537 387 581 baris
410 537 481 597 jus
511 535 760 598 legatorum
785 545 1139 580 conservaretur.
1164 537 1340 595 Itaque,
1370 534 1492 578 omni
1521 543 1675 578 senatu

269 627 448 674 necato,
476 616 672 678 reliquos
702 617 780 662 sub
810 634 974 661 corona
1000 615 1214 661 vendidit.

333 699 478 742 XVII.
519 700 641 742 Dum
658 698 751 742 haec
775 699 819 742 in
839 699 1023 743 Venetis
1041 707 1282 760 geruntur,
1305 698 1361 755 Q.
1383 697 1583 741 Titurius
1602 698 1678 739 Sa-

268 780 398 824 binus
422 796 525 824 cum
559 780 609 824 iis
644 781 783 842 copiis
813 797 923 841 quas
950 798 974 825 a
1004 782 1176 826 Caesare
1208 789 1460 841 acceperat,
1494 779 1537 822 in
1572 778 1679 821 fines

270 860 538 906 Unellorum
560 862 778 923 pervenit.
804 863 883 907 His
903 872 1089 923 praeerat
1107 861 1366 918 Viridovix,
1389 877 1439 904 ac
1459 876 1679 904 summam

270 943 446 1004 imperii
477 944 656 987 tenebat
683 960 835 988 earum
865 944 1067 988 omnium
1096 944 1353 999 civitatum,
1385 959 1481 1003 quae
1508 940 1679 985 defece·

270 1033 394 1081 rant3
431 1041 484 1069 ex
516 1025 678 1086 quibus
709 1026 950 1070 exercitum
981 1041 1252 1086 magnasque
1284 1025 1431 1085 copias
1461 1032 1677 1085 coegerat.

269 1108 416 1167 Atque
447 1107 516 1151 his
550 1108 701 1169 paucis
736 1106 892 1150 diebus
930 1105 1137 1162 Aulerci,
1169 1107 1443 1151 Eburovices
1476 1105 1681 1149 Lexovii-

271 1204 382 1248 que,
410 1199 566 1233 senatu
590 1206 669 1233 suo
698 1188 953 1245 interfecto,
977 1189 1098 1249 quod
1123 1198 1324 1233 auctores
1349 1186 1454 1232 belli
1484 1204 1576 1231 essev
1600 1203 1682 1230 no-

272 1268 451 1327 lebant,
482 1280 633 1331 portas
669 1269 949 1324 clauserunt,
982 1287 1115 1331 seque
1155 1287 1258 1314 cum
1289 1269 1545 1314 Viridovice
1579 1286 1680 1313 con-

268 1352 540 1411 junxerum3
579 1368 827 1412 magnaque
860 1361 1073 1412 praeterea
1109 1350 1351 1395 multitudo
1395 1350 1593 1410 undique
1632 1368 1681 1394 ex

275 1431 421 1478 Gallia
446 1431 726 1493 perditorum
750 1433 985 1476 hominum
1018 1432 1331 1493 latronumque
1358 1441 1683 1481 convenerant,

272 1530 384 1574 quos
407 1530 506 1576 spes
532 1513 761 1575 praedandi
785 1513 1076 1574 studiumque
1103 1512 1299 1558 bellandi
1326 1513 1381 1557 ab
1412 1511 1684 1575 agricultura

273 1605 313 1639 ct
335 1596 598 1656 quotidiano
625 1595 777 1640 labore
800 1596 1050 1640 revocabat.
1079 1596 1267 1640 Sabinus
1292 1594 1453 1639 idoneo
1477 1594 1684 1639 omnibus

273 1678 406 1722 rebus
432 1677 528 1722 loco
561 1678 718 1722 castris
749 1694 841 1722 sese
871 1678 1071 1733 tenebat,
1098 1694 1236 1738 quum
1265 1676 1503 1721 Viridovix
1529 1685 1684 1720 contra

273 1777 377 1804 eum
400 1759 540 1805 duum
565 1759 756 1804 millium
780 1761 923 1821 spatio
953 1758 1244 1817 consedisset,
1266 1758 1555 1820 quotidieque
1580 1774 1684 1819 pro-

275 1840 419 1885 ductis
451 1842 591 1903 copiis
622 1841 853 1904 pugnandi
889 1849 1152 1901 potestatem
1184 1840 1368 1895 faceret,
1394 1850 1441 1884 ut
1470 1841 1562 1901 jam
1595 1856 1683 1884 non

276 1920 419 1966 solum
452 1922 655 1967 hostibus
688 1924 733 1965 in
761 1921 1148 1982 contemptionem
1174 1921 1362 1966 Sabinus
1389 1922 1581 1979 veniret,
1610 1921 1685 1966 sed

275 2004 409 2047 ctiam
434 2014 692 2048 nostrorum
716 2002 908 2047 militum
934 2002 1118 2046 vocibus
1143 2019 1233 2046 non
1264 2001 1375 2047 nihil
1401 2014 1685 2065 carperetur3

275 2094 537 2146 tantamque
569 2085 828 2145 opinionem
863 2084 1032 2128 timoris
1065 2082 1282 2144 praebuit,
1310 2094 1359 2128 ut
1386 2085 1478 2146 jam
1511 2084 1567 2129 ad
1595 2083 1685 2130 val-

278 2164 369 2209 lum
393 2175 644 2211 castrorum
669 2167 815 2211 hostes
839 2164 1049 2211 accedere
1071 2164 1299 2209 auderent.
1324 2165 1376 2209 Id
1402 2182 1452 2210 ea
1474 2165 1528 2210 de
1554 2184 1685 2212 causa

277 2248 486 2306 faciebat,
508 2249 630 2310 quod
654 2266 756 2293 cum
784 2258 906 2292 tanta
931 2245 1223 2292 multitudine
1252 2247 1473 2306 hostium,
1502 2266 1685 2310 praeser-

276 2331 357 2374 tim
384 2347 436 2374 eo
464 2331 644 2375 absente
672 2332 747 2392 qui
777 2347 996 2375 summam
1027 2329 1204 2392 imperii
1234 2339 1429 2386 teneret,
1454 2331 1536 2374 nisi
1558 2347 1684 2392 aequo

278 2410 394 2468 loco,
419 2422 497 2456 aut
519 2413 857 2474 opportunitate
885 2411 1032 2473 aliqua
1061 2411 1183 2468 data,
1211 2410 1356 2474 legato
1382 2411 1684 2457 dimicandum

277 2510 367 2537 non
393 2494 686 2538 existimabat.

342 2575 508 2619 XVIII.
550 2577 643 2618 Hac
684 2575 945 2619 confirmata
983 2576 1194 2637 opinione
1240 2577 1431 2632 timoris,
1474 2576 1683 2621 idoneum

277 2655 518 2716 quemdam
549 2656 776 2700 hominem
804 2667 845 2701 ct
878 2656 1087 2701 callidum
1120 2656 1279 2720 delegit
1309 2656 1513 2715 Gallum,
1539 2675 1589 2702 cx
1620 2659 1684 2702 his
