1972 3356
525 227 590 263 DE
621 228 779 264 BELLO
808 230 963 265 CIVILI
993 231 1085 266 LIB.
1115 231 1143 266 I.
1483 229 1530 267 33

149 307 276 368 pauci
314 310 582 366 sustinuere3
621 310 714 367 sed,
752 311 825 356 ubi
871 313 995 374 signa
1031 311 1255 373 legionum
1289 313 1532 375 appropin-

148 403 283 446 quare
305 400 555 450 coeperunt,
576 392 726 451 paucis
755 392 943 443 amissis,
977 408 1068 435 sese
1107 393 1150 435 in
1178 403 1348 436 montes
1382 393 1530 454 proxi-

147 484 241 511 mos
263 469 508 514 conferunt.
534 473 629 514 Hoc
649 487 806 531 pugnae
827 480 999 530 tempus
1022 488 1231 531 magnum
1258 471 1408 516 attulit
1429 489 1530 516 nos-

147 549 225 592 tris
256 548 311 592 ad
337 548 521 593 salutem
547 559 818 593 momentum
844 566 852 592 :
882 551 998 593 nacti
1031 552 1147 593 enim
1174 551 1387 611 spatium,
1416 568 1460 595 se
1483 553 1528 595 in

147 627 240 672 loca
266 630 492 690 superiora
517 639 788 690 receperunt.
818 629 1065 674 Desiderati
1101 640 1202 673 sunt
1225 647 1276 674 eo
1302 631 1372 674 die
1399 633 1530 692 sagit-

146 709 243 752 tarii
267 709 440 753 circiter
469 724 544 765 cc,
572 710 736 770 equites
760 710 910 770 pauci,
937 708 1140 753 calonum
1174 720 1306 771 atque
1339 711 1526 771 impedi-

146 799 392 833 mentorum
422 807 508 833 non
534 806 717 851 magnus
744 806 965 834 numerus.

210 872 303 914 LII.
323 871 400 916 His
423 881 568 915 tamen
595 870 799 914 omnibus
822 887 997 915 annona
1023 873 1161 916 crevit
1185 889 1193 915 :
1225 889 1323 933 quae
1351 872 1440 917 fere
1462 889 1528 917 res

145 967 233 994 non
269 949 410 994 solum
440 951 586 1012 inopia
618 952 862 1012 praesentis‚
888 951 962 996 sed
988 952 1120 996 etiam
1149 952 1286 997 futuri
1318 955 1528 1014 temporis

144 1031 300 1075 timore
327 1031 626 1092 ingravescere
652 1032 893 1075 consuevit.
923 1035 1107 1093 Jamque
1128 1032 1183 1077 ad
1213 1032 1415 1078 denarios
1438 1049 1464 1077 L
1483 1035 1527 1078 in

143 1110 338 1172 singulos
377 1112 548 1156 modios
588 1129 762 1157 annona
800 1123 1085 1174 pervenerat,
1115 1124 1158 1157 et
1196 1113 1386 1159 militum
1415 1115 1527 1159 vires

143 1193 290 1254 inopia
319 1193 526 1238 frumenti
556 1192 853 1250 deminuerat3
893 1203 1022 1254 atque
1052 1194 1332 1238 incommoda
1364 1196 1408 1238 in
1437 1194 1528 1240 dies

143 1273 438 1335 augebantur3
477 1283 519 1317 et
561 1283 646 1318 tam
681 1275 831 1334 paucis
871 1273 1022 1318 diebus
1061 1291 1222 1335 magna
1256 1284 1348 1319 erat
1378 1292 1527 1320 rerum

143 1354 256 1398 facta
276 1354 587 1409 commutatio,
616 1370 666 1397 ac
693 1370 737 1398 se
764 1353 943 1398 fortuna
979 1353 1284 1408 inclinaverat,
1315 1365 1363 1399 ut
1389 1358 1527 1400 nostri

142 1451 302 1496 magna
329 1435 476 1495 inopia
503 1435 846 1479 necessariarum
879 1452 1027 1479 rerum
1061 1435 1441 1493 conflictarentur;
1465 1435 1528 1479 illi

141 1515 346 1559 omnibus
377 1514 656 1559 abundarent
687 1515 840 1567 rebus,
870 1516 1204 1576 superioresque
1240 1515 1524 1560 haberentur.

140 1597 285 1640 Caesar
306 1596 357 1639 iis
376 1595 646 1650 civitatibus,
663 1612 760 1656 quae
780 1595 834 1639 ad
849 1596 942 1656 ejus
964 1596 1201 1640 amicitiam
1227 1606 1499 1640 accesserant
1514 1632 1526 1654 ‚

141 1693 228 1737 quo
256 1677 401 1720 minor
422 1686 515 1720 erat
541 1675 747 1720 frumenti
779 1678 930 1736 copia,
959 1693 1092 1737 pecus
1118 1677 1385 1738 imperabat3
1411 1676 1527 1721 calo-

143 1775 217 1802 nes
251 1758 305 1802 ad
332 1757 663 1819 longinquiores
690 1758 886 1801 civitates
917 1757 1185 1813 dimittebat;
1216 1759 1307 1818 ipse
1334 1774 1525 1818 praesen-

142 1849 228 1883 tem
252 1839 468 1899 inopiam,
505 1838 663 1898 quibus
686 1847 857 1898 poterat
891 1837 1120 1893 subsidiis,
1156 1838 1395 1882 tutabatur.

205 1921 323 1963 LIII.
362 1921 463 1962 Haec
490 1919 696 1963 Afranius
729 1918 1012 1978 Petreiusque
1040 1927 1082 1962 et
1100 1934 1252 1961 eorum
1283 1919 1412 1963 amici
1439 1918 1528 1980 ple-

142 2000 266 2044 niora
295 2001 426 2044 etiam
460 2009 591 2060 atque
618 2000 824 2043 uberiora
856 2000 1046 2043 Romam
1071 1997 1125 2042 ad
1155 2015 1255 2042 suos
1288 2000 1527 2060 perscribe-

142 2081 262 2124 bant.
284 2079 427 2125 Multa
452 2097 603 2125 rumor
629 2080 840 2141 fingebat,
867 2090 914 2123 ut
940 2095 1062 2140 paene
1084 2078 1248 2123 bellum
1275 2080 1525 2126 confectum

142 2160 378 2205 videretur.
413 2161 586 2218 Quibus
622 2160 775 2204 litteris
814 2161 1067 2220 nuntiisque
1102 2163 1288 2204 Romam
1326 2159 1524 2222 perlatis,

143 2243 291 2302 magni
313 2241 492 2286 domum
517 2258 757 2286 concursus
782 2240 836 2284 ad
852 2241 1109 2296 Afranium,
1135 2257 1302 2302 magnae
1330 2240 1523 2303 gratula-

80 2336 90 2343 “
143 2322 283 2366 tiones
311 2322 503 2366 fiebant:
528 2321 652 2366 multi
679 2338 729 2366 ex
757 2320 882 2366 Italia
915 2321 969 2365 ad
999 2325 1080 2367 Cn.
1105 2322 1362 2382 Pompeium
1389 2322 1526 2384 profi-

142 2403 417 2448 ciscebantur
442 2421 450 2447 :
481 2402 574 2460 alii,
602 2413 650 2447 ut
676 2404 893 2464 principes
925 2401 1051 2447 talem
1077 2403 1283 2446 nuntium
1311 2402 1525 2459 attulisse3

144 2483 240 2539 alii,
262 2501 315 2528 ne
333 2494 537 2529 eventum
563 2483 665 2528 belli
700 2493 989 2545 exspectasse,
1019 2493 1096 2528 aut
1121 2500 1171 2527 ex
1205 2483 1411 2527 omnibus
1443 2500 1524 2528 no-

145 2567 306 2611 vissimi
328 2567 495 2611 venisse
518 2565 784 2610 viderentur.

209 2649 323 2693 LIV.
342 2647 493 2705 Quum
521 2648 565 2692 in
593 2647 660 2691 his
693 2647 907 2708 angustiis
942 2663 1009 2692 res
1048 2656 1183 2704 esset,
1213 2656 1344 2708 atque
1376 2662 1526 2690 omnes

339 2745 382 2772 11.
1318 2725 1345 2772 3
