1972 3356
531 185 596 220 DE
626 185 786 221 BELLO
817 185 968 221 CIVILI
997 184 1088 219 LIB.
1114 183 1182 218 III.
1475 183 1544 226 143

170 279 364 331 quasset,
381 269 435 313 ad
456 269 573 313 hunc
594 269 774 313 modum
799 269 934 313 aciem
959 269 1052 329 ejus
1080 269 1336 312 instructam
1357 268 1546 313 animad-

169 353 312 395 vertit.
342 353 479 395 Erant
512 351 555 393 in
593 351 768 394 sinistro
793 366 928 393 cornu
957 348 1151 410 legiones
1176 349 1294 407 duae,
1324 349 1547 394 transditae

170 448 195 475 a
219 434 387 476 Caesare
406 431 530 475 initio
549 430 827 474 dissensionis
842 446 893 473 ex
914 430 955 474 S.
973 431 1022 473 C.
1036 463 1046 483 ,
1067 445 1252 489 quarum
1274 446 1364 474 una
1375 431 1518 491 prima
1534 465 1546 487 ,

169 511 304 557 altera
329 513 455 556 tertia
470 510 769 572 appellabatur
789 527 797 553 ε
823 510 867 552 in
887 525 938 553 eo
957 508 1053 553 loco
1072 511 1165 570 ipse
1185 520 1279 553 erat
1296 512 1545 572 Pompeius.

168 593 359 638 Mediam
389 593 523 636 aciem
554 591 700 651 Scipio
727 606 828 634 cum
856 589 1099 651 legionibus
1138 590 1316 651 syriacis
1355 592 1545 635 tenebat.

170 673 409 719 Ciliciensis
444 671 557 734 legio
581 706 592 728 ,
632 671 868 731 conjuncta
900 688 998 715 cum
1034 671 1289 715 cohortibus
1327 671 1548 733 hispanis,

169 771 274 816 quas
296 752 568 798 transductas
596 752 648 796 ab
673 751 853 796 Afranio
882 751 1132 807 docuimus,
1158 752 1201 796 in
1228 751 1381 797 dextro
1410 769 1549 797 cornu

169 845 294 879 erant
333 832 567 878 collocatae.
606 835 693 877 Has
731 832 1000 877 firmissimas
1035 849 1079 877 se
1114 833 1277 877 habere
1317 834 1550 894 Pompeius

168 915 453 959 existimabat.
475 912 682 975 Reliquas
705 915 819 958 inter
837 914 974 958 aciem
1002 913 1189 958 mediam
1215 931 1469 975 cornuaque
1491 916 1552 958 in-

168 997 418 1057 terjecerat,
434 1012 706 1056 numeroque
727 995 927 1040 cohortes
944 1011 998 1040 cx
1018 993 1280 1057 expleverat.
1303 998 1405 1040 Haec
1427 1006 1552 1040 erant

168 1077 304 1122 millia
330 1094 415 1122 va
437 1094 446 1121 :
475 1089 757 1121 evocatorum
782 1077 955 1121 circiter
981 1076 1092 1133 duo,
1123 1093 1219 1137 quae
1246 1093 1296 1121 ex
1319 1077 1552 1122 beneficia-

170 1159 244 1202 riis
268 1159 542 1220 superiorum
579 1158 847 1202 exercituum
876 1157 930 1202 ad
968 1174 1067 1202 eum
1108 1168 1426 1215 convenerant;
1457 1176 1553 1219 quae

169 1249 260 1283 tota
288 1240 379 1284 acie
409 1240 683 1301 disperserat.
716 1239 925 1300 Reliquas
962 1239 1164 1283 cohortes
1193 1249 1361 1300 septem
1399 1241 1553 1284 castris

170 1321 516 1382 propinquisque
558 1319 743 1365 castellis
769 1319 970 1381 praesidio
1007 1319 1294 1381 disposuerat.
1336 1322 1555 1365 Dextrum

170 1418 308 1445 cornu
323 1402 416 1462 ejus
434 1402 551 1445 rivus
566 1401 745 1461 quidam
771 1400 991 1462 impeditis
1016 1400 1122 1461 ripis
1144 1401 1397 1445 muniebat:
1421 1419 1554 1462 quam

170 1481 226 1525 ob
252 1498 428 1526 causam
467 1491 675 1525 cunctum
705 1482 969 1541 equitatum,
1013 1482 1261 1542 sagittarios
1291 1480 1555 1526 funditores-

168 1578 255 1622 que
274 1578 451 1616 omnes,
477 1563 522 1605 in
549 1562 723 1606 sinistro
743 1578 879 1605 cornu
903 1562 1135 1623 objecerat.

232 1643 480 1686 LXXXIX.
509 1644 672 1699 Caesar,
698 1643 899 1703 superius
928 1643 1178 1687 institutum
1206 1659 1410 1700 servans,
1439 1643 1556 1689 deci-

171 1739 288 1767 mam
314 1721 529 1784 legionem
558 1723 601 1766 in
633 1722 787 1766 dextro
815 1739 974 1779 cornu,
1004 1739 1167 1766 nonam
1198 1724 1242 1766 in
1270 1724 1446 1768 sinistro
1466 1724 1556 1769 col-

172 1802 418 1860 locaverat,
451 1803 625 1846 tametsi
654 1812 747 1846 erat
777 1801 1049 1863 dyrrachinis
1078 1802 1244 1863 proeliis
1272 1804 1556 1850 vehementer

172 1893 423 1940 attenuata3
451 1892 492 1926 et
521 1883 623 1927 huic
649 1884 709 1927 sic
733 1882 932 1943 adjunxit
954 1894 1180 1940 octavam,
1208 1894 1254 1929 ut
1277 1902 1400 1947 paene
1423 1902 1556 1931 unam

172 1980 225 2007 ex
257 1962 426 2008 duabus
463 1963 676 2020 efficeret3
705 1973 837 2024 atque
873 1962 1055 2008 alteram
1083 1964 1207 2009 alteri
1234 1966 1437 2027 praesidio
1464 1984 1557 2012 esse

169 2045 370 2105 jusserat.
397 2043 609 2089 Cohortes
631 2045 675 2088 in
699 2045 789 2088 acie
809 2061 929 2089 Lxxx
943 2046 1202 2090 constitutas
1227 2047 1435 2104 habebat,
1461 2066 1558 2110 quae

173 2141 343 2169 summa
368 2135 460 2169 erat
490 2124 675 2169 millium
702 2142 816 2170 xxn.
845 2126 1060 2171 Cohortes
1091 2126 1199 2171 duas
1231 2129 1383 2173 castris
1411 2130 1560 2191 praesi-

174 2205 246 2249 dio
269 2205 514 2267 reliquerat.
551 2207 736 2251 Sinistro
758 2224 894 2252 cornu
917 2209 1181 2265 Antonium,
1211 2209 1367 2254 dextro
1389 2212 1437 2255 P.
1463 2210 1559 2272 Syl-

174 2284 284 2344 lam,
306 2287 448 2332 media
465 2288 555 2332 acie
575 2289 623 2333 C.
652 2289 897 2333 Domitium
924 2299 1223 2350 praeposuerat
1250 2307 1259 2334 ε
1288 2291 1380 2352 ipse
1405 2273 1558 2337 contra

173 2368 431 2429 Pompeium
471 2369 680 2414 constitit.
726 2369 889 2425 Simul,
933 2370 1000 2415 his
1037 2370 1167 2415 rebus
1210 2371 1528 2417 animadversis
1545 2408 1556 2428 ,

174 2464 282 2508 quas
322 2449 736 2505 demonstravimus,
772 2451 949 2510 timens,
974 2469 1028 2496 ne
1065 2469 1089 2497 a
1116 2451 1400 2497 multitudine
1438 2455 1559 2514 equi-

174 2536 267 2573 tum
290 2529 493 2575 dextrum
511 2547 649 2576 cornu
669 2533 1089 2591 circumveniretur,
1118 2532 1320 2578 celeriter
1348 2551 1400 2579 ex
1429 2535 1558 2579 tertia

176 2608 266 2652 acie
293 2611 485 2672 singulas
498 2614 698 2658 cohortes
714 2612 926 2672 detraxit,
950 2625 1081 2677 atque
1107 2632 1157 2660 ex
1181 2616 1249 2659 his
1269 2625 1471 2676 quartam
1488 2617 1555 2661 in-
