1972 3356
404 252 475 288 282
627 253 665 287 C.
698 251 828 286 JULIl
858 250 1078 287 CAESARIS
1108 251 1368 288 COMMENT.
1402 253 1550 289 LIBER

402 349 637 396 peramque
660 333 715 377 ad
740 343 883 378 castra
916 344 1064 378 nostra
1086 345 1397 396 pervenerant,
1427 337 1616 397 praecisis
1645 340 1781 383 mani-

401 416 482 459 bus
511 415 630 458 missi
656 427 757 459 sunt
784 414 900 459 facti.
925 417 1025 460 Pari
1050 416 1393 474 cousuetudine,
1418 416 1565 478 vigilia
1592 418 1783 463 secunda

399 512 452 539 ex
476 495 641 557 oppido
667 496 812 557 ignem
842 495 1030 541 multum
1055 496 1331 559 telorumque
1359 496 1687 542 multitudinem
1713 499 1781 560 ja-

397 578 559 622 ctando
569 613 580 633 ,
596 578 707 623 bene
716 595 923 641 magnum
935 588 1106 641 tempus
1119 589 1504 641 consumpserunt,
1518 579 1784 641 complures-

398 676 483 720 que
518 659 776 704 vulneribus
811 660 1066 705 affecerunt.
1105 661 1332 705 Praeterito
1370 661 1511 705 noetis
1549 670 1747 722 tempore
1770 695 1781 715 ,

396 742 674 803 eruptionem
695 742 739 785 in
761 739 980 803 legionem
1002 751 1168 786 sextam
1191 741 1411 796 fecerunt,
1429 758 1566 802 quum
1586 742 1631 786 in
1649 759 1781 803 opere

397 824 535 867 nostri
551 822 729 867 distenti
746 832 911 880 essent,
930 823 1176 883 acriterque
1192 839 1389 884 pugnare
1406 832 1635 884 coeperunt
1652 838 1782 883 :quo-

397 922 495 949 rum
523 906 584 949 vis
608 921 805 966 repressa
838 921 864 948 a
892 905 1071 959 nostris,
1093 905 1174 948 etsi
1198 903 1408 966 oppidani
1435 904 1660 965 superiore
1682 902 1780 947 loeo

396 984 758 1029 defendebantur.
791 985 852 1041 Ii,
878 1000 1015 1045 quum
1051 986 1328 1045 eruptionem
1356 985 1497 1029 facere
1525 985 1779 1046 coepissent,

395 1076 540 1110 tamen
572 1066 735 1109 virtute
783 1064 973 1109 militum
1011 1074 1294 1121 nostrorum,
1326 1066 1423 1126 qui,
1458 1065 1538 1108 etsi
1576 1065 1779 1109 inferiore

395 1146 490 1191 loco
512 1147 852 1208 premebantur,
878 1157 1024 1190 tamen
1047 1145 1210 1207 repulsi
1236 1145 1474 1190 adversarii
1499 1146 1610 1191 bene
1630 1144 1779 1190 multis

394 1227 648 1272 vulneribus
673 1227 822 1272 affecti
853 1229 898 1271 in
925 1227 1136 1289 oppidum
1164 1244 1209 1271 se
1231 1226 1530 1272 contulerunt.

455 1312 577 1354 XIII.
615 1312 796 1355 Postero
824 1310 894 1354 die
919 1311 1155 1371 Pompeius
1179 1326 1230 1354 ex
1260 1310 1412 1353 castris
1437 1309 1525 1353 suis
1549 1309 1775 1354 brachium

391 1393 525 1453 coepit
549 1391 604 1436 ad
623 1392 786 1436 flumen
816 1390 988 1436 Salsum
1014 1391 1170 1435 ducere
1195 1409 1204 1434 :
1227 1401 1271 1435 et
1291 1407 1428 1451 quum
1451 1391 1587 1435 nostri
1610 1391 1777 1452 equites

391 1473 519 1534 pauci
541 1474 585 1516 in
608 1474 797 1518 statione
822 1473 1005 1517 fuissent
1029 1490 1052 1516 a
1078 1472 1280 1533 pluribus
1304 1473 1490 1532 reperti,
1516 1471 1569 1516 de
1591 1473 1777 1517 statione

391 1565 493 1599 sunt
519 1555 704 1616 dejecti,
728 1565 771 1599 et
795 1555 926 1598 occisi
952 1564 1052 1598 tres.
1075 1556 1140 1597 Eo
1161 1553 1230 1597 die
1255 1556 1307 1597 A.
1330 1551 1541 1614 Valgius,
1565 1554 1776 1597 senatoris

390 1635 529 1692 filius,
558 1637 682 1696 cujus
709 1635 843 1678 frater
872 1635 915 1678 in
942 1635 1094 1678 castris
1121 1634 1315 1694 Pompeii
1357 1633 1531 1689 fuisset,
1571 1633 1775 1678 omnibus

389 1718 477 1760 suis
502 1716 631 1760 rebus
661 1714 850 1771 relictis,
875 1732 1038 1775 equum
1075 1714 1350 1770 conscendit,
1378 1724 1421 1758 et
1455 1713 1579 1775 fugit.
1609 1716 1773 1775 Specu-

389 1797 501 1840 lator
528 1796 582 1839 de
608 1795 781 1857 legione
805 1794 996 1839 secunda
1020 1795 1286 1855 Pompeiana
1310 1804 1463 1855 captus
1488 1811 1511 1838 a
1536 1793 1746 1839 militibus
1762 1830 1774 1852 ,

387 1888 429 1921 ct
452 1876 709 1921 interfectus
736 1886 801 1920 est
828 1893 836 1920 :
865 1875 1069 1936 idemque
1090 1875 1300 1936 temporis
1321 1874 1442 1936 glans
1460 1876 1587 1919 missa
1609 1885 1698 1932 est,
1717 1877 1776 1920 in-

387 1960 570 2019 scripta,
611 1978 632 2000 <c
666 1975 755 2018 quo
780 1957 850 2001 die
875 1957 931 2001 ad
960 1956 1174 2018 oppidum
1198 1956 1460 2018 capiendum
1491 1956 1772 2014 accederent,

387 2057 477 2084 sese
495 2050 669 2084 scutum
683 2055 775 2083 esse
795 2039 1085 2100 positurum.»
1100 2040 1199 2096 Qua
1218 2055 1293 2100 spe
1311 2037 1540 2093 nonnulli,
1555 2038 1661 2082 dum
1679 2039 1773 2083 sine

388 2119 582 2181 periculo
607 2137 784 2164 murum
809 2118 1040 2163 ascendere
1060 2155 1070 2175 ‚
1103 2129 1145 2163 et
1173 2119 1382 2180 oppidum
1410 2120 1543 2180 potiri
1568 2135 1693 2180 posse
1726 2135 1772 2164 se

386 2212 589 2263 sperant,
620 2210 797 2263 postero
826 2200 896 2245 die
933 2200 988 2244 ad
1017 2217 1191 2245 murum
1216 2218 1325 2262 opus
1355 2199 1493 2245 facere
1517 2210 1770 2261 coeperunt,

386 2293 430 2327 et
453 2283 564 2326 bene
590 2299 747 2342 magna
771 2280 931 2343 prioris
955 2282 1069 2325 muri
1104 2298 1204 2342 pars
1228 2281 1394 2342 dejecta
1419 2290 1497 2325 est.
1522 2283 1626 2339 Quo
1653 2281 1770 2326 facto

385 2364 438 2408 ab
463 2362 723 2424 oppidanis,
752 2380 802 2407 ac
826 2363 860 2407 si
890 2379 1066 2407 suarum
1096 2363 1288 2424 partium
1308 2372 1475 2417 essent,
1497 2363 1768 2413 conservati,

388 2445 541 2488 missos
567 2443 708 2488 facere
732 2443 934 2488 loricatos
950 2478 961 2498 ‚
988 2445 1151 2504 quique
1176 2443 1365 2505 praesidii
1391 2459 1520 2488 causa
1547 2443 1764 2504 praepositi

386 2524 550 2586 oppido
586 2541 609 2568 a
647 2525 857 2585 Pompeio
885 2535 1051 2580 essent,
1091 2525 1288 2569 orabant.
1327 2523 1503 2582 Quibus
1540 2522 1766 2584 respondit

387 2608 544 2662 (ssloesar,
563 2626 582 2647 «
600 2623 643 2650 se
663 2605 938 2651 conditiones
964 2605 1085 2660 dare,
1108 2623 1194 2650 non
1213 2606 1426 2667 recipere,
1440 2605 1726 2650 consuevisse.
1746 2625 1765 2644 υ

389 2687 478 2743 Qui
503 2703 640 2746 quum
683 2688 725 2731 in
767 2687 976 2747 oppidum
1021 2688 1324 2743 revertissent,
1355 2685 1489 2730 relato
1528 2701 1765 2746 responso,
