1972 3356
566 219 631 255 DE
663 219 823 254 BELLO
855 217 1188 254 HISPANIENSI.
1492 226 1561 259 277

172 323 294 351 versa
336 305 672 365 vehementique
709 313 840 347 vento
867 302 1154 347 afflictaretur
1183 318 1191 344 ε
1217 317 1348 361 quem
1375 300 1435 343 vis
1460 309 1566 342 tem-

169 387 347 447 pestatis
389 387 449 430 ita
485 385 767 439 obscurabat,
816 394 862 427 ut
906 384 977 426 vix
1025 383 1274 443 proximum
1325 395 1565 442 agnoscere

170 478 327 529 posset.
374 467 513 528 Cujus
557 465 886 510 incommodum
929 480 1146 508 summam
1187 461 1422 506 utilitatem
1459 462 1564 523 ipsis

169 548 405 609 praebebat.
418 550 505 602 Ita,
521 564 659 607 quum
675 546 730 590 ad
749 562 847 589 eum
869 543 1014 588 locum
1036 553 1274 597 venerunt,
1290 542 1419 603 jubet
1437 542 1564 586 binos

169 630 337 690 equites
362 628 584 682 incedere,
607 637 649 670 et
674 636 788 670 recta
809 641 889 686 per
907 624 1262 668 adversariorum
1286 622 1487 683 praesidia
1510 622 1563 666 ad

168 709 381 770 oppidum
405 707 671 753 contendere
698 723 708 749 z
739 704 983 765 mediisque
1011 721 1164 749 eorum
1190 703 1404 765 praesidiis
1429 720 1564 764 quum

168 799 457 850 quaereretur,
483 789 556 849 qui
590 787 760 831 essent?
786 803 899 830 unus
923 803 975 830 ex
1002 786 1164 830 nostris
1193 783 1444 846 respondit,
1473 803 1493 824 ε(
1520 794 1568 828 ut

168 869 292 915 sileat
314 870 499 914 verbum
522 869 667 914 facere
688 886 696 912 :
725 885 825 912 nam
850 867 893 911 id
913 867 1123 928 temporis
1142 866 1293 911 conari
1311 865 1366 909 ad
1389 882 1565 909 murum

167 950 393 1008 accedere,
421 961 469 995 ut
499 950 714 1012 oppidum
754 950 948 1010 capiant,
981 969 1001 989 n
1038 957 1077 992 et
1116 949 1279 1008 partim
1311 955 1567 1007 tempestate

168 1032 365 1094 impediti
390 1031 540 1094 vigiles
570 1049 657 1076 non
684 1040 889 1093 poterant
918 1029 1192 1091 diligentiam
1219 1037 1446 1089 praestare,
1473 1044 1569 1088 par-

168 1115 247 1157 tim
273 1112 349 1158 illo
374 1130 585 1175 responso
610 1113 964 1158 deterrebantur.
1003 1111 1153 1168 Quum
1181 1109 1236 1154 ad
1275 1119 1447 1170 portam
1488 1125 1568 1170 ap-

168 1196 564 1256 propinquassent,
594 1195 720 1256 signo
752 1193 881 1248 dato,
913 1193 966 1236 ab
993 1190 1226 1253 oppidanis
1253 1200 1355 1234 sunt
1381 1191 1567 1251 recepti,

169 1287 209 1320 et
239 1276 404 1338 pedites
434 1277 711 1337 equitesque,
740 1273 932 1319 clamore
958 1273 1099 1327 facto,
1124 1272 1348 1333 dispositis
1384 1271 1440 1315 ibi
1477 1288 1571 1331 par-

169 1360 273 1415 tim,
295 1359 370 1419 qui
389 1375 637 1403 remansere
651 1392 662 1414 ,
679 1357 955 1418 eruptionem
983 1357 1026 1398 in
1044 1354 1395 1399 adversariorum
1427 1362 1571 1396 castra

168 1439 380 1484 fecerunt.
408 1440 479 1484 Sic
504 1437 611 1483 illud
640 1455 776 1500 quum
807 1436 1093 1481 inscientibus
1131 1434 1380 1491 accidisset,
1420 1434 1568 1477 existi-

169 1521 318 1565 mabat
347 1538 506 1581 magna
537 1537 638 1581 pars
663 1520 917 1575 hominum,
942 1519 1018 1579 qui
1042 1519 1085 1561 in
1112 1518 1163 1561 iis
1186 1517 1338 1562 castris
1367 1515 1570 1567 fuissent,

170 1620 213 1646 se
242 1618 380 1663 prope
405 1612 556 1663 captos
584 1618 689 1646 esse.

234 1687 313 1729 IV.
342 1687 438 1728 Hoc
463 1684 596 1728 misso
622 1683 676 1727 ad
718 1681 867 1727 Uliam
912 1681 1136 1743 praesidio,
1164 1683 1323 1735 Caesar,
1362 1689 1409 1723 ut
1436 1681 1569 1723 Pom-

168 1766 315 1827 peium
336 1765 390 1809 ab
411 1782 459 1808 ea
475 1766 810 1826 oppugnatione
830 1763 1062 1806 deduceret
1084 1795 1094 1817 ,
1117 1761 1171 1804 ad
1190 1761 1445 1805 Cordubam
1463 1776 1571 1802 con-

169 1846 308 1890 tendit
327 1864 338 1903 ;
363 1863 413 1890 ex
443 1863 531 1906 quo
549 1846 705 1890 itinere
725 1844 928 1888 loricatos
948 1844 1066 1887 viros
1087 1842 1218 1885 fortes
1248 1858 1347 1885 cum
1370 1841 1571 1901 equitatu

168 1938 270 1973 ante
298 1928 537 1990 praemisit:
559 1928 633 1987 qui
661 1926 791 1970 simul
817 1927 859 1969 in
882 1935 1170 1986 conspectum
1198 1923 1350 1985 oppidi
1377 1939 1422 1966 se
1447 1921 1572 1966 dede-

170 2019 297 2066 runt,
320 2010 365 2053 in
388 2009 510 2069 equis
535 2009 820 2069 recipiuntur.
848 2010 943 2051 Hoc
965 2024 989 2051 a
1014 2005 1378 2051 Cordubensibus
1408 2020 1573 2064 nequa-

168 2108 299 2152 quam
331 2100 504 2152 poterat
532 2089 837 2134 animadverti.
868 2086 1377 2150 Appropiuquantibus,
1407 2102 1459 2128 ex
1493 2101 1573 2146 op-

170 2173 276 2235 pido
304 2173 413 2216 bene
437 2188 597 2233 magna
623 2169 861 2214 multitudo
884 2168 941 2214 ad
969 2170 1214 2230 equitatum
1243 2165 1571 2211 concidendum

170 2272 306 2316 quum
333 2255 545 2309 exissent,
569 2252 768 2309 loricati,
796 2262 841 2296 ut
873 2267 1004 2312 supra
1042 2250 1318 2310 scripsimus,
1356 2265 1407 2293 ex
1450 2248 1576 2308 equis

171 2335 513 2392 descenderunt,
542 2345 584 2379 et
608 2350 817 2396 inagnum
845 2332 1048 2395 proelium
1075 2332 1300 2387 fecerunt,
1341 2331 1402 2374 sic
1434 2331 1493 2374 uti
1522 2345 1575 2372 ex

171 2417 343 2462 infinita
367 2417 597 2461 hominum
628 2414 914 2459 multitudine
938 2414 1065 2477 pauci
1092 2414 1136 2457 in
1161 2412 1373 2474 oppidum
1403 2428 1447 2455 se
1471 2410 1577 2454 reci-

170 2509 339 2562 perent.
367 2500 464 2543 Hoc
489 2499 646 2542 timore
673 2497 890 2542 adductus
910 2498 1026 2541 Sext.
1047 2494 1287 2555 Pompeius
1308 2492 1475 2536 litteras
1494 2491 1576 2535 fra-

174 2583 228 2627 tri
260 2583 403 2640 misit,
428 2592 475 2627 ut
499 2580 703 2626 celeriter
733 2580 813 2624 sibi
839 2577 1034 2623 subsidio
1059 2578 1251 2633 veniret,
1267 2575 1459 2636 ueprius
1477 2575 1573 2618 Cae-

175 2681 244 2709 sar
273 2664 527 2711 Cordubam
552 2671 752 2724 caperet,
782 2677 913 2722 quam
940 2662 1034 2722 ipse
1060 2658 1135 2703 illo
1163 2658 1362 2703 venisset.
1389 2658 1458 2701 Ita
1491 2658 1571 2702 Cn.
