1972 3356
523 210 589 245 DE
619 211 777 246 BELLO
805 210 1025 246 GALLICO
1058 211 1146 245 LtB.
1171 210 1238 244 ΙΙΙ.
1530 206 1575 241 6(

181 309 319 354 quum
344 302 517 337 tantum
543 295 765 355 repentini
790 293 975 356 periculi
998 303 1155 354 praeter
1182 292 1440 354 opinionem
1466 292 1580 335 acci-

182 371 337 430 disset,
354 389 405 417 ac
425 374 517 434 jam
542 376 690 419 omnia
715 375 805 419 fere
828 376 1058 436 superiora
1079 373 1178 418 loca
1201 369 1487 417 multitudine
1510 388 1582 415 ar-

183 464 405 498 matorum
436 455 656 516 completa
688 457 1071 516 conspicerentur,
1103 471 1248 514 neque
1284 453 1478 498 subsidio
1508 470 1584 497 ve-

183 535 296 590 niri,
316 551 458 595 neque
485 545 756 580 commeatus
787 536 1040 596 supportari
1070 534 1322 578 interclusis
1349 534 1582 578 itineribus

182 625 381 675 possent,
420 633 557 676 prope
586 617 677 676 jam
712 615 944 675 desperata
976 614 1133 671 salute,
1174 612 1401 657 nonnullae
1430 615 1584 674 hujus—

183 695 302 739 modi
337 696 566 740 sententiae
598 695 878 751 dicebantur,
913 705 986 751 ut,
1026 693 1356 756 impedimentis
1387 692 1582 751 relictis,

181 776 413 836 eruptione
444 776 578 833 facta,
609 776 765 820 iisdem
798 777 1052 832 itineribus,
1084 775 1245 836 quibus
1273 791 1325 818 eo
1356 776 1584 835 pervenis-

182 865 301 913 sent,
329 856 383 900 ad
407 856 595 901 salutem
627 857 961 902 contenderent.
987 857 1150 917 Majori
1174 865 1321 899 tamen
1350 855 1466 916 parti
1490 854 1585 916 pla—

184 937 296 993 cuit,
320 937 405 982 hoe
437 948 662 982 reservato
692 938 747 982 ad
783 949 1028 982 extremum
1065 935 1273 993 consilio,
1311 937 1489 980 interim
1521 938 1582 981 rei

181 1028 389 1062 eventum
417 1020 630 1080 experiri,
656 1030 700 1063 et
724 1029 866 1064 castra
891 1019 1139 1063 defendere.

244 1101 322 1143 IV.
360 1101 491 1143 Brevi
524 1101 666 1161 spatio
707 1101 963 1162 interjecto,
1000 1100 1073 1143 vix
1111 1109 1157 1143 ut
1192 1099 1260 1143 his
1293 1099 1443 1157 rebus,
1479 1116 1585 1160 quas

183 1181 538 1237 constituissent,
567 1180 839 1225 collocandis
866 1191 997 1241 atque
1022 1179 1383 1224 administrandis
1412 1190 1584 1241 tempus

183 1260 382 1315 daretur,
410 1261 556 1305 hostes
580 1279 632 1306 ex
656 1263 863 1306 omnibus
885 1261 1109 1322 partibus,
1133 1262 1259 1322 signo
1282 1261 1405 1317 dato,
1428 1261 1585 1304 decur-

183 1357 300 1397 rere,
325 1341 494 1402 lapides
518 1358 718 1403 gaesaque
747 1343 791 1384 in
814 1341 979 1385 vallum
1005 1342 1239 1401 conjicere.
1264 1342 1416 1385 Nostri
1439 1342 1585 1402 primo

182 1422 368 1483 integris
396 1422 565 1466 viribus
590 1421 764 1466 fortiter
788 1437 1056 1483 repugnare,
1088 1438 1230 1481 neque
1256 1420 1396 1464 ullum
1422 1421 1585 1465 frustra

183 1501 319 1546 telum
345 1519 398 1546 ex
416 1501 515 1547 loco
537 1503 764 1564 superiore
786 1504 962 1546 mittere
987 1520 996 1546 :
1021 1512 1070 1546 ut
1093 1518 1277 1563 quaeque
1301 1518 1401 1563 pars
1423 1512 1587 1546 castro-

182 1600 283 1627 rum
308 1583 475 1628 nudata
500 1583 805 1628 defensoribus
829 1585 973 1645 premi
992 1583 1241 1638 videbatur,
1261 1601 1312 1627 eo
1332 1601 1585 1641 occurrere,

183 1674 227 1708 et
252 1663 465 1709 auxilium
495 1665 635 1720 ferre3
667 1665 743 1709 sed
771 1666 856 1710 hoc
887 1665 1111 1726 superari,
1141 1665 1263 1726 quod
1293 1665 1586 1710 diuturnitate

182 1761 343 1807 pugnae
366 1745 516 1790 hostes
537 1745 695 1791 defessi
716 1746 873 1807 proelio
895 1746 1184 1803 excedebant,
1211 1745 1285 1790 alii
1313 1747 1496 1808 integris
1521 1749 1586 1791 vi-

183 1826 305 1870 ribus
326 1827 640 1883 succedebant,
660 1844 849 1888 quarum
868 1844 1018 1871 rerum
1042 1845 1065 1871 a
1086 1828 1248 1871 nostris
1272 1837 1456 1888 propter
1478 1845 1584 1889 pau-

184 1908 361 1952 citatem
387 1907 483 1951 fieri
508 1907 620 1951 nihil
645 1917 842 1968 poterat3
870 1925 920 1951 ac
951 1925 1040 1951 non
1072 1908 1205 1951 modo
1232 1908 1400 1952 defesso
1426 1926 1478 1952 ex
1503 1927 1585 1970 pu-

182 2004 268 2048 gna
309 1987 575 2046 excedendi,
618 1988 693 2032 sed
731 2005 786 2032 ne
823 1989 972 2032 saucio
1008 1988 1186 2050 quidem
1222 1990 1316 2050 ejus
1356 1989 1469 2046 loci,
1510 1992 1585 2035 ubi

183 2070 466 2126 constiterat,
491 2068 800 2130 relinquendi,
827 2086 877 2114 ac
902 2071 969 2114 sui
995 2069 1239 2131 recipiendi
1266 2068 1478 2128 facultas,
1507 2071 1584 2115 da-

181 2148 326 2193 batur.

246 2233 301 2276 V.
339 2232 494 2289 Quum
520 2232 612 2293 jam
641 2231 830 2294 amplius
861 2232 983 2276 horis
1008 2248 1082 2276 sex
1113 2233 1396 2277 continenter
1413 2249 1583 2295 pugna-

182 2322 327 2369 retur,
355 2329 406 2357 ac
430 2330 520 2358 non
545 2312 688 2358 solum
714 2314 850 2371 vires,
874 2313 949 2358 sed
973 2314 1105 2357 etiam
1128 2312 1216 2357 tela
1241 2315 1402 2358 nostris
1425 2314 1584 2359 defice-

181 2403 302 2451 rent,
331 2404 464 2455 atque
499 2394 647 2438 hostes
681 2395 825 2439 acrius
860 2395 1104 2452 instarent,
1139 2393 1582 2457 languidioribusque

181 2476 342 2520 nostris
376 2474 544 2520 vallum
582 2475 783 2520 scindere
817 2485 860 2519 et
894 2475 1030 2520 fossas
1066 2474 1290 2537 complere
1323 2477 1581 2538 coepissent,

182 2573 338 2617 resque
360 2566 474 2601 esset
496 2557 587 2618 jam
609 2556 664 2600 ad
684 2566 933 2601 extremum
959 2555 1175 2618 perducta
1203 2573 1353 2601 casum
1369 2592 1380 2612 ‚
1402 2559 1450 2601 P.
1475 2559 1582 2602 Sex-

183 2637 269 2681 tius
299 2636 516 2693 Baculus,
545 2635 760 2698 primipili
793 2638 1018 2694 centurio,
1046 2653 1176 2697 quem
1206 2637 1400 2682 Nervico
1427 2637 1582 2698 proelio
