1972 3356
512 164 578 199 DE
608 163 771 198 BELLO
801 161 952 196 ClVILI
983 160 1073 195 LIB.
1102 159 1130 195 Ι.
1459 157 1505 199 45

136 256 255 291 turos
269 247 552 302 confirmant3
568 245 818 306 legatosque
837 244 890 287 de
913 260 1017 305 pace
1035 243 1277 304 primorum
1301 241 1506 285 ordinum

136 328 412 371 centuriones
441 326 494 370 ad
524 327 737 370 Caesarem
774 325 969 367 mittunt.
1006 323 1187 366 Interim
1223 320 1295 366 alii
1330 337 1430 365 suos
1464 321 1507 363 in

134 417 297 463 castra,
328 405 540 450 invitandi
567 422 716 459 causa,
743 403 985 455 adducu1113
1014 402 1082 446 alii
1106 403 1160 446 ab
1177 403 1264 446 suis
1287 401 1510 445 adducun-

135 497 225 543 tur,
263 486 370 530 adeo
401 496 448 530 ut
476 502 563 529 una
591 496 729 528 castra
754 484 845 543 jam
879 482 990 525 facta
1015 498 1066 525 ex
1092 483 1205 525 binis
1236 482 1509 536 viderentur3

136 566 468 626 compluresque
501 564 665 608 tribuni
698 562 886 605 militum
915 571 957 604 et
981 562 1260 605 centuriones
1289 561 1342 604 ad
1370 563 1510 605 Caesa-

136 663 223 690 rem
249 645 444 698 veniunt,
463 660 593 704 seque
615 643 652 686 ei
678 641 999 686 commendant.
1027 644 1121 685 Hoc
1140 640 1251 684 idem
1281 640 1329 683 fit
1347 656 1371 683 a
1395 642 1513 700 prin-

135 725 301 786 cipibus
318 723 554 783 Hispaniae,
578 739 686 783 quos
712 721 773 765 illi
788 731 1099 777 evocaverant,
1123 730 1165 764 et
1188 737 1332 764 secum
1357 721 1401 763 in
1420 737 1513 763 cas-

136 806 211 848 tris
237 804 456 848 habebant
493 803 695 846 obsidum
721 801 832 846 loco.
873 803 909 845 Ii
948 818 1049 846 suos
1076 811 1202 845 notos
1232 801 1512 861 hospitesque

136 885 408 945 quaerebant,
429 900 506 945 per
535 900 663 944 quem
698 884 882 943 quisque
909 899 1061 926 eorum
1096 881 1260 926 aditum
1297 897 1514 925 commen-

136 965 322 1009 dationis
356 964 537 1008 haberet
578 964 632 1008 ad
659 965 889 1008 Caesarem.
915 962 1083 1007 Afranii
1107 963 1238 1006 etiam
1270 960 1385 1005 filius
1414 960 1514 1004 ado-

136 1043 297 1089 lescens
333 1045 386 1088 de
427 1062 501 1089 sua
542 1061 591 1088 ac
621 1045 810 1106 parentis
835 1044 900 1087 sui
934 1043 1070 1087 salute
1108 1060 1208 1087 cum
1232 1045 1400 1087 Caesare
1436 1058 1515 1102 per

138 1124 377 1187 Sulpicium
405 1125 596 1186 legatum
629 1125 794 1185 agebat.
821 1127 954 1169 Erant
981 1123 1107 1184 plena
1136 1122 1283 1167 laetitia
1307 1133 1350 1167 et
1375 1133 1515 1184 gratu-

138 1206 297 1250 latione
326 1207 497 1261 omnia3
538 1222 714 1261 eorum,
755 1206 829 1265 qui
875 1214 992 1248 tanta
1033 1202 1225 1264 pericula
1263 1204 1444 1258 vitasse,
1473 1212 1516 1246 et

137 1304 314 1340 eorum,
344 1287 417 1346 qui
446 1287 538 1330 sine
576 1285 754 1329 vulnere
782 1294 925 1329 tantas
957 1302 1023 1328 res
1049 1284 1285 1328 confecisse
1311 1283 1516 1327 videban-

137 1377 209 1410 tur
228 1382 547 1427 :magnumque
573 1365 762 1409 fructum
783 1381 870 1408 suae
888 1365 1082 1425 pristinae
1097 1363 1304 1417 lenitatis,
1320 1364 1517 1407 omnium

134 1446 322 1506 judicio,
344 1448 489 1490 Caesar
513 1445 697 1501 ferebat,
728 1444 1047 1505 consiliumque
1072 1444 1162 1504 ejus
1186 1460 1209 1487 a
1229 1444 1394 1487 cunctis
1412 1460 1516 1505 pro-

135 1526 332 1571 babatur.

201 1610 383 1653 LXXV.
412 1608 585 1666 Quibus
614 1608 741 1651 rebus
767 1607 978 1651 nuntiatis
1004 1605 1211 1662 Afranio,
1238 1605 1291 1649 ab
1317 1606 1517 1650 instituto

137 1705 266 1749 opere
297 1688 508 1744 discedit,
546 1705 676 1748 seque
703 1689 746 1731 in
769 1697 912 1731 castra
936 1688 1111 1747 recipit,
1149 1688 1209 1731 sic
1241 1696 1439 1747 paratus,
1472 1697 1518 1730 ut

139 1769 390 1825 videbatur,
419 1779 490 1824 ut,
517 1769 768 1829 quicunque
793 1766 1018 1810 accidisset
1043 1783 1186 1822 casus,
1219 1768 1336 1810 hunc
1370 1768 1518 1827 quieto

141 1858 182 1893 et
207 1865 332 1909 aequo
357 1850 503 1892 animo
527 1848 669 1892 ferret,
710 1847 908 1891 Petreius
937 1862 1040 1890 vero
1073 1863 1161 1889 non
1190 1845 1347 1890 deserit
1384 1863 1474 1890 sese
1506 1864 1514 1889 :

141 1939 280 1973 armat
308 1928 515 1973 familiam
547 1945 555 1971 :
589 1945 688 1972 cum
722 1927 803 1971 hac
829 1937 872 1970 et
893 1927 1097 1988 praetoria
1133 1926 1312 1970 cohorte
1334 1936 1519 1970 cetrato-

143 2026 259 2066 rum,
297 2009 582 2069 barbarisque
615 2007 834 2069 equitibus
870 2007 1044 2069 paucis,
1083 2006 1368 2050 beneficiariis
1401 2008 1516 2061 suis,

143 2106 252 2150 quos
290 2106 377 2133 suae
411 2089 616 2133 custodiae
641 2104 769 2132 causa
805 2088 965 2132 habere
1000 2097 1250 2139 consuerat,
1281 2087 1520 2147 improviso

142 2170 196 2213 ad
215 2168 374 2214 vallum
400 2169 595 2225 advolat,
620 2167 840 2230 colloquia
867 2167 1055 2212 militum
1082 2169 1381 2228 interrumpit,
1412 2184 1513 2212 nos-

143 2261 231 2294 tros
257 2248 426 2311 repellit
454 2250 508 2293 ab
526 2250 703 2306 castris3
733 2266 840 2310 quos
865 2248 1175 2309 deprehendit,
1199 2247 1415 2292 interficit.
1439 2250 1519 2291 Re-

141 2330 248 2392 liqui
275 2339 432 2375 coeunt
462 2331 576 2374 inter
602 2347 668 2385 se,
700 2340 764 2385 et,
799 2330 1028 2391 repentino
1064 2327 1260 2390 periculo
1296 2328 1517 2381 exterriti,

142 2411 336 2455 sinistras
362 2412 472 2472 sagis
499 2409 728 2454 involvunt
744 2446 754 2465 ,
784 2409 1037 2472 gladiosque
1061 2409 1361 2470 destringunt,
1385 2418 1516 2469 atque

142 2492 199 2535 ita
223 2508 267 2536 se
291 2508 315 2535 a
355 2492 530 2535 cetratis
549 2491 853 2552 equitibusque
878 2490 1138 2544 defendunt,
1160 2499 1401 2533 castrorum
1417 2505 1518 2549 pro-

143 2572 384 2632 pinquitate
416 2571 590 2625 confisi,
624 2588 756 2633 seque
791 2573 833 2616 in
871 2581 1009 2616 castra
1044 2571 1283 2631 recipiunt,
1312 2578 1355 2613 ct
1386 2569 1440 2612 ab
1468 2569 1519 2612 iis
