1972 3356
342 279 417 312 260
578 276 618 310 C.
646 274 774 309 JULII
807 273 1034 309 CAESARIS
1066 273 1335 309 COMMENT.
1368 274 1516 308 LIBER

340 362 448 406 cinis
464 395 474 415 ,
496 358 647 403 addito
675 358 824 402 animo
841 393 852 415 ,
878 359 1062 419 propius
1089 357 1389 418 audaciusque
1415 356 1586 401 accedit
1610 357 1666 400 ad
1691 357 1729 402 le

341 443 511 502 giones,
537 439 656 500 quod
684 438 982 495 existimabat,
1012 436 1171 482 milites
1199 438 1280 482 sub
1306 454 1441 482 onere
1468 455 1517 482 ac
1545 437 1627 482 sub
1652 454 1743 482 sar-

340 522 449 566 cinis
477 520 740 582 defatigatos
765 535 966 582 pugnare
995 536 1083 563 non
1121 536 1261 580 posse.
1290 520 1402 576 Quae
1432 536 1500 564 res
1527 521 1743 564 Caesarem

340 619 429 646 non
455 600 668 647 fefellerat
693 618 702 645 ι
731 618 924 663 namque
950 600 1175 662 expeditos
1199 617 1247 644 ex
1274 598 1460 662 singulis
1498 598 1746 662 legionibus

339 698 419 728 ccc
447 681 608 727 milites
633 698 724 727 esse
745 682 948 743 jusserat.
980 684 1135 742 Itaque
1170 698 1268 737 eos,
1298 681 1342 724 in
1373 681 1619 741 equitatum
1662 682 1747 725 La·

339 765 459 809 bieni
490 764 735 820 immissos,
766 765 923 808 turmis
960 779 1142 807 suorum
1178 763 1403 823 suppetias
1448 762 1599 806 mittit.
1629 763 1746 806 Tum

340 846 585 900 Labienus,
613 846 836 890 conversis
863 845 1008 905 equis,
1035 845 1265 906 signorum
1307 853 1548 904 conspectu
1579 852 1746 904 perter-

341 928 476 984 ritus,
505 927 762 988 turpissime
791 925 1019 970 contendit
1047 925 1220 987 fugere,
1253 923 1403 969 multis
1432 925 1525 986 ejus
1553 925 1710 969 occisis
1735 960 1746 981 ,

341 1008 645 1071 compluribus
671 1006 924 1051 vulneratis.
951 1006 1116 1051 Milites
1147 1006 1376 1068 legionarii
1405 1006 1457 1050 ad
1485 1023 1563 1050 sua
1600 1023 1645 1051 se
1681 1024 1747 1050 re-

341 1090 513 1151 cipiunt
537 1090 660 1150 signa
681 1123 692 1145 ,
720 1098 852 1148 atque
881 1088 963 1131 iter
987 1087 1212 1148 inceptum
1236 1088 1297 1130 ire
1319 1097 1561 1147 coeperunt.
1586 1087 1747 1131 Labie-

343 1188 424 1215 nus
450 1187 529 1231 per
548 1171 706 1232 jugum
731 1185 954 1214 summum
978 1167 1100 1212 collis
1129 1167 1382 1213 dextrorsus
1413 1166 1567 1229 procul
1595 1168 1747 1213 subse·

342 1253 418 1312 qui
446 1269 533 1296 non
556 1251 738 1295 desistit.

406 1335 612 1378 LXXVI.
642 1335 884 1395 Postquam
913 1334 1061 1377 Caesar
1088 1331 1142 1376 ad
1172 1331 1386 1393 oppidum
1417 1333 1650 1376 Sarsuram
1678 1347 1749 1376 ve·

342 1415 407 1459 nit
419 1450 430 1473 ,
444 1414 796 1476 inspectantibus
813 1414 1095 1469 adversariis,
1117 1413 1350 1458 interfecto
1363 1413 1566 1474 praesidio
1580 1413 1750 1474 Scipio-

343 1497 428 1553 nis,
472 1513 609 1557 quum
656 1497 745 1540 suis
786 1494 999 1540 auxilium
1035 1495 1148 1539 ferre
1187 1512 1276 1539 non
1307 1494 1549 1551 auderent,
1573 1493 1748 1539 fortiter

342 1587 619 1640 repugnante
646 1580 694 1622 P.
722 1576 960 1634 Cornelio,
985 1587 1168 1621 evocato
1194 1577 1434 1637 Scipionis,
1459 1577 1534 1637 qui
1553 1576 1612 1620 ibi
1633 1592 1748 1637 prae-

340 1670 454 1715 crat,
477 1668 610 1719 atque
627 1675 651 1702 a
675 1657 960 1702 multitudine
981 1658 1286 1701 circumvento
1308 1656 1650 1718 interfectoque,
1667 1673 1748 1718 op·

344 1739 447 1800 pido
471 1740 660 1801 potitur;
685 1749 818 1799 atque
848 1739 906 1781 ibi
932 1738 1153 1782 frumento
1180 1738 1391 1781 exercitui
1416 1737 1541 1794 dato,
1567 1747 1747 1799 postero

341 1819 412 1863 dic
441 1819 497 1863 ad
526 1818 740 1880 oppidum
764 1817 965 1862 Tisdram
991 1819 1215 1880 pervenit,
1244 1819 1288 1862 in
1313 1834 1401 1878 quo
1416 1817 1652 1863 Considius
1670 1835 1748 1880 per

342 1899 384 1943 id
420 1910 595 1962 tempus
620 1899 765 1944 suerat
789 1916 889 1943 cum
921 1899 1078 1961 grandi
1108 1899 1334 1961 praesidio,
1370 1898 1643 1960 cohorteque
1669 1915 1747 1944 sua

341 1980 652 2042 gladiatorum.
676 1983 838 2035 Caesar,
853 1980 1004 2042 oppidi
1035 1990 1195 2025 natura
1219 1989 1472 2042 perspecta,
1488 1991 1620 2042 atque
1647 1983 1746 2026 ino-

342 2064 414 2124 pia
442 2063 496 2107 ab
518 2063 852 2125 oppugnatione
879 2062 973 2123 ejus
997 2062 1235 2107 deterritus
1252 2098 1263 2119 ,
1292 2063 1494 2124 protinus
1525 2062 1747 2124 profectus

341 2145 515 2189 circiter
540 2143 674 2189 millia
706 2160 914 2207 passuum
942 2160 988 2188 1v
1011 2143 1063 2187 ad
1093 2161 1253 2205 aquam
1283 2143 1386 2188 facit
1415 2154 1584 2200 castra,
1613 2154 1748 2206 atque

342 2225 445 2270 inde
459 2237 619 2287 quarto
645 2226 716 2270 die
734 2242 934 2288 egressus
951 2259 962 2281 ,
989 2225 1102 2270 redit
1128 2242 1281 2270 rursus
1306 2225 1361 2270 ad
1383 2242 1433 2270 ea
1457 2235 1626 2283 castra,
1650 2242 1748 2287 quae

341 2306 397 2350 ad
422 2310 544 2369 Agar
578 2307 803 2352 habuerat.
840 2306 963 2351 Idem
992 2306 1097 2351 facit
1131 2307 1302 2368 Scipio,
1331 2317 1464 2368 atque
1487 2308 1533 2351 iu
1562 2308 1746 2369 antiqua

341 2398 486 2432 castra
513 2390 662 2450 copias
683 2388 869 2434 reducit.

408 2471 633 2514 LXXVII.
673 2470 981 2514 Thabenenses
1022 2473 1221 2528 interim,
1264 2473 1340 2532 qui
1388 2473 1469 2515 sub
1510 2469 1676 2515 ditione
1703 2480 1746 2514 et

343 2561 559 2611 potestate
586 2550 710 2596 Jubae
740 2567 832 2596 esse
861 2562 1168 2606 consuessent,
1196 2553 1240 2596 in
1271 2562 1468 2597 extrema
1497 2554 1591 2614 ejus
1616 2553 1745 2613 regni

344 2633 524 2693 regione
550 2633 769 2678 maritima
798 2632 949 2690 locati,
978 2633 1208 2678 interfecto
1233 2635 1356 2696 regio
1380 2633 1610 2695 praesidio,
1637 2631 1746 2695 lega-

345 2723 411 2758 tos
439 2715 493 2758 ad
525 2717 739 2760 Caesarem
778 2715 982 2769 mittunt3
1010 2731 1102 2758 rem
1129 2731 1154 2758 a
1181 2731 1225 2759 se
1243 2724 1411 2776 gestam
1441 2713 1624 2772 docent;
1671 2730 1746 2776 pe-
