1972 3356
552 244 619 280 DE
650 245 806 280 BELLO
836 243 1048 279 GALLICO
1079 244 1168 279 LIB.
1197 244 1277 279 VII.
1548 244 1623 277 2121

222 323 417 370 adventu
434 343 700 388 cognoscere
719 338 918 389 possent,
936 337 1074 372 crates
1100 328 1338 388 projicere,
1362 326 1530 383 fundis,
1554 344 1620 370 sa-

222 407 364 467 gittis,
390 406 609 469 lapidibus
642 419 815 452 nostros
843 408 896 452 de
927 408 1042 453 vallo
1073 409 1335 464 deturbare,
1364 407 1620 470 reliquaque

224 504 320 548 quae
348 488 403 532 ad
425 490 803 550 oppugnationem
825 490 1075 549 pertineant
1101 489 1423 535 administrare.
1453 489 1620 534 Eodem

226 579 443 630 tempore,
462 570 653 614 clamore
673 569 899 626 exaudito,
920 569 994 613 dat
1011 570 1115 613 tuba
1130 571 1306 631 signum
1328 571 1414 614 suis
1433 571 1621 614 Vercin-

223 650 409 711 getorix,
430 659 562 710 atque
592 667 643 693 ex
667 650 832 711 oppido
857 649 1019 693 educit.
1044 651 1218 706 Nostri,
1244 660 1294 693 ut
1322 651 1620 710 superioribus

224 730 375 774 diebus
408 747 511 774 suus
547 731 707 791 cuique
734 741 828 775 erat
856 730 976 775 locus
1003 731 1232 787 definitus,
1265 731 1320 775 ad
1351 731 1622 774 munitiones

221 810 463 866 accedunt3
492 810 659 867 fundis,
689 810 929 868 librilibus,
959 811 1248 873 sudibusque,
1278 828 1385 873 quas
1414 813 1459 855 in
1490 829 1622 873 opere

220 890 544 951 disposuerant,
571 909 620 936 ac
641 891 895 954 glandibus,
919 892 1071 937 Gallos
1091 902 1354 954 perterrent.
1376 895 1620 955 Prospectu

220 972 413 1017 tenebris
440 972 669 1034 adempto,
699 972 838 1018 multa
862 974 1073 1035 utrinque
1098 973 1282 1018 vulnera
1311 975 1620 1035 accipiuntur3

219 1052 449 1114 complura
470 1055 702 1098 tormentis
725 1054 809 1099 tela
835 1056 1149 1116 conjiciuntur.
1172 1058 1234 1100 At
1250 1057 1312 1099 M.
1330 1056 1554 1100 Antonius
1577 1068 1621 1100 et

219 1134 268 1176 C.
291 1134 561 1191 Trebonius,
589 1134 742 1196 legati,
769 1136 930 1196 quibus
959 1153 1018 1180 eae
1041 1146 1187 1197 partes
1212 1135 1267 1179 ad
1293 1135 1618 1180 defendendum

219 1214 512 1271 obvenerant,
541 1233 627 1277 qua
656 1233 707 1260 ex
732 1227 858 1277 parte
893 1218 1034 1278 premi
1073 1226 1247 1261 nostros
1282 1216 1618 1274 intellexerant,

218 1295 268 1338 iis
286 1295 449 1340 auxilio
472 1313 523 1340 ex
539 1296 822 1342 ulterioribus
841 1297 1030 1342 castellis
1053 1298 1266 1342 deductos
1282 1298 1615 1343 submittebant.

280 1379 507 1422 LXXXII.
539 1381 659 1422 Dum
690 1377 865 1440 longius
894 1379 946 1422 ab
980 1380 1227 1422 munitione
1261 1379 1446 1422 aberant
1477 1378 1615 1435 Galli,

215 1457 315 1518 plus
338 1456 626 1502 multitudine
642 1457 831 1502 telorum
849 1459 1144 1520 proficiebant
1170 1476 1178 1502 ε
1205 1468 1493 1519 posteaquam
1517 1476 1618 1520 pro-

214 1539 312 1598 pius
336 1550 664 1595 successerunt,
684 1549 761 1583 aut
780 1556 824 1583 se
843 1541 925 1600 ipsi
949 1538 1138 1584 stimulis
1161 1540 1442 1601 inopinantes
1465 1539 1617 1584 indue-

211 1618 340 1675 bant,
375 1629 451 1663 aut
487 1620 529 1663 in
568 1621 742 1665 scrobes
777 1619 943 1682 delapsi
979 1620 1408 1678 transfodiebantur,
1447 1631 1523 1665 aut
1564 1638 1616 1665 ex

211 1698 326 1743 vallo
360 1710 403 1744 et
441 1701 636 1745 turribus
672 1702 896 1763 transjecti
940 1701 1039 1762 pilis
1078 1701 1322 1746 muralibus
1358 1702 1612 1746 interibant.

210 1779 365 1825 Multis
404 1781 600 1842 undique
645 1781 903 1826 vulneribus
945 1784 1157 1843 acceptis,
1198 1781 1318 1826 nulla
1364 1783 1612 1826 munitione

212 1872 444 1923 perrupta,
470 1879 606 1923 quum
630 1861 706 1905 lux
729 1872 972 1922 appeteret,
996 1863 1124 1905 veriti
1146 1880 1199 1906 ne
1229 1864 1282 1906 ab
1302 1862 1438 1906 latere
1457 1873 1611 1924 aperto

211 1959 262 1984 ex
298 1943 601 2003 superioribus
638 1943 790 1986 castris
819 1943 1050 2002 eruptione
1080 1944 1533 1999 circumvenirentur,
1566 1961 1610 1988 se

211 2022 265 2065 ad
290 2040 390 2066 suos
422 2033 696 2084 receperunt.
729 2027 787 2067 At
816 2024 1064 2078 interiores,
1098 2022 1204 2067 dum
1240 2040 1289 2067 ca
1319 2041 1414 2084 quae
1443 2041 1465 2068 a
1495 2026 1608 2069 Ver-

210 2105 479 2166 cingetorige
511 2104 565 2148 ad
598 2105 876 2165 eruptionem
916 2114 1158 2165 praeparata
1194 2118 1317 2148 erant
1357 2105 1607 2165 proferunt,

211 2186 379 2244 priores
398 2185 534 2229 fossas
555 2183 751 2246 explent,
776 2184 941 2229 diutius
963 2185 1005 2228 in
1028 2185 1079 2228 iis
1096 2185 1226 2229 rebus
1247 2185 1606 2230 administrandis

209 2267 387 2321 morati,
423 2266 543 2327 prius
581 2282 679 2310 suos
718 2265 963 2310 discessisse
1003 2276 1307 2327 cognoverunt
1351 2283 1483 2327 quam
1516 2284 1606 2311 mu-

208 2346 447 2391 nitionibus
476 2348 898 2408 appropinquarent.
929 2349 1014 2403 Ita,
1036 2364 1082 2390 re
1101 2346 1286 2404 infecta,
1317 2348 1359 2391 in
1390 2348 1602 2409 oppidum

206 2437 496 2471 reverterunt.

270 2509 521 2552 LXXXIII.
564 2509 635 2553 Bis
663 2526 825 2571 magno
856 2526 956 2554 cum
987 2510 1252 2554 detrimento
1284 2510 1447 2572 repulsi
1482 2511 1599 2556 Galli

206 2588 313 2649 quid
354 2600 485 2650 agant
522 2589 790 2647 consulunt,
826 2589 1022 2636 locorum
1067 2592 1230 2652 peritos
1269 2591 1506 2647 adhibent,
1549 2594 1600 2637 ab

207 2669 273 2713 his
299 2671 576 2731 superiorum
607 2681 851 2716 castrorum
889 2673 993 2716 situs
1030 2673 1384 2734 munitionesque
1419 2689 1601 2733 cognos-
