<?xml version="1.0" encoding="UTF-8"?>
<!DOCTYPE html PUBLIC "-//W3C//DTD XHTML 1.0 Transitional//EN"
    "http://www.w3.org/TR/xhtml1/DTD/xhtml1-transitional.dtd">
<html xmlns="http://www.w3.org/1999/xhtml" xml:lang="en" lang="en">
 <head>
  <title>
</title>
<meta http-equiv="Content-Type" content="text/html;charset=utf-8" />
  <meta name='ocr-system' content='tesseract 3.04.00' />
  <meta name='ocr-capabilities' content='ocr_page ocr_carea ocr_par ocr_line ocrx_word'/>
</head>
<body>
  <div class='ocr_page' id='page_1' title='image "./operajoh0102caesuoft_0188.png"; bbox 0 0 1972 3356; ppageno 0'>
   <div class='ocr_carea' id='block_1_1' title="bbox 323 300 1499 340">
    <p class='ocr_par' dir='ltr' id='par_1_1' title="bbox 323 300 1499 340">
     <span class='ocr_line' id='line_1_1' title="bbox 323 300 1499 340; baseline -0.004 0"><span class='ocrx_word' id='word_1_1' title='bbox 323 303 394 340; x_wconf 83' lang='lat'><strong>166</strong></span> <span class='ocrx_word' id='word_1_2' title='bbox 531 306 571 340; x_wconf 89' lang='lat' dir='ltr'><strong>C.</strong></span> <span class='ocrx_word' id='word_1_3' title='bbox 601 304 727 339; x_wconf 87' lang='lat' dir='ltr'>JUL11</span> <span class='ocrx_word' id='word_1_4' title='bbox 757 301 974 338; x_wconf 73' lang='lat' dir='ltr'><strong>CAESARJS</strong></span> <span class='ocrx_word' id='word_1_5' title='bbox 1007 300 1499 337; x_wconf 76' lang='lat' dir='ltr'><strong>COMMENTARIORUM</strong></span> 
     </span>
    </p>
   </div>
   <div class='ocr_carea' id='block_1_2' title="bbox 318 385 1722 2713">
    <p class='ocr_par' dir='ltr' id='par_1_2' title="bbox 318 385 1720 1176">
     <span class='ocr_line' id='line_1_2' title="bbox 321 385 1717 448; baseline -0.002 -16"><span class='ocrx_word' id='word_1_6' title='bbox 321 388 464 448; x_wconf 85' lang='lat' dir='ltr'><strong>briges</strong></span> <span class='ocrx_word' id='word_1_7' title='bbox 487 397 528 432; x_wconf 89' lang='lat' dir='ltr'><strong>et</strong></span> <span class='ocrx_word' id='word_1_8' title='bbox 547 385 761 443; x_wconf 84' lang='lat' dir='ltr'>Gabalos,</span> <span class='ocrx_word' id='word_1_9' title='bbox 778 386 832 430; x_wconf 86' lang='lat' dir='ltr'><strong>ab</strong></span> <span class='ocrx_word' id='word_1_10' title='bbox 858 386 1058 445; x_wconf 86' lang='lat' dir='ltr'><strong>utrisque</strong></span> <span class='ocrx_word' id='word_1_11' title='bbox 1075 385 1248 430; x_wconf 86' lang='lat' dir='ltr'><strong>obsides</strong></span> <span class='ocrx_word' id='word_1_12' title='bbox 1269 386 1426 446; x_wconf 86' lang='lat' dir='ltr'><strong>accipit</strong></span> <span class='ocrx_word' id='word_1_13' title='bbox 1443 402 1453 439; x_wconf 82' lang='lat'>3</span> <span class='ocrx_word' id='word_1_14' title='bbox 1473 395 1536 439; x_wconf 86' lang='lat' dir='ltr'><strong>et,</strong></span> <span class='ocrx_word' id='word_1_15' title='bbox 1558 402 1717 447; x_wconf 84' lang='lat' dir='ltr'><strong>magna</strong></span> 
     </span>
     <span class='ocr_line' id='line_1_3' title="bbox 320 466 1717 527; baseline -0.001 -16"><span class='ocrx_word' id='word_1_16' title='bbox 320 476 470 511; x_wconf 88' lang='lat' dir='ltr'><strong>coacta</strong></span> <span class='ocrx_word' id='word_1_17' title='bbox 504 484 661 523; x_wconf 87' lang='lat' dir='ltr'><strong>manu,</strong></span> <span class='ocrx_word' id='word_1_18' title='bbox 685 468 728 510; x_wconf 92' lang='lat' dir='ltr'><strong>in</strong></span> <span class='ocrx_word' id='word_1_19' title='bbox 764 466 1066 523; x_wconf 87' lang='lat' dir='ltr'><strong>Provinciam,</strong></span> <span class='ocrx_word' id='word_1_20' title='bbox 1091 466 1349 511; x_wconf 83' lang='lat' dir='ltr'>Narbonem</span> <span class='ocrx_word' id='word_1_21' title='bbox 1384 481 1559 519; x_wconf 88' lang='lat' dir='ltr'><strong>versus,</strong></span> <span class='ocrx_word' id='word_1_22' title='bbox 1584 482 1717 527; x_wconf 86' lang='lat' dir='ltr'><strong>crup-</strong></span> 
     </span>
     <span class='ocr_line' id='line_1_4' title="bbox 321 547 1718 613; baseline -0.001 -22"><span class='ocrx_word' id='word_1_23' title='bbox 321 549 486 592; x_wconf 80' lang='lat' dir='ltr'>tionem</span> <span class='ocrx_word' id='word_1_24' title='bbox 517 547 658 592; x_wconf 87' lang='lat' dir='ltr'><strong>facere</strong></span> <span class='ocrx_word' id='word_1_25' title='bbox 688 547 927 613; x_wconf 83' lang='lat' dir='ltr'><strong>contendit.</strong></span> <span class='ocrx_word' id='word_1_26' title='bbox 953 548 1056 605; x_wconf 88' lang='lat' dir='ltr'><strong>Qua</strong></span> <span class='ocrx_word' id='word_1_27' title='bbox 1082 563 1129 590; x_wconf 90' lang='lat' dir='ltr'><strong>re</strong></span> <span class='ocrx_word' id='word_1_28' title='bbox 1154 547 1377 601; x_wconf 83' lang='lat' dir='ltr'><strong>nuntiata,</strong></span> <span class='ocrx_word' id='word_1_29' title='bbox 1407 547 1554 590; x_wconf 86' lang='lat' dir='ltr'><strong>Caesar</strong></span> <span class='ocrx_word' id='word_1_30' title='bbox 1576 547 1718 589; x_wconf 91' lang='lat' dir='ltr'><strong>omni-</strong></span> 
     </span>
     <span class='ocr_line' id='line_1_5' title="bbox 318 626 1717 684; baseline -0.001 -12"><span class='ocrx_word' id='word_1_31' title='bbox 318 629 400 673; x_wconf 90' lang='lat' dir='ltr'><strong>bus</strong></span> <span class='ocrx_word' id='word_1_32' title='bbox 427 627 620 673; x_wconf 88' lang='lat' dir='ltr'><strong>consiliis</strong></span> <span class='ocrx_word' id='word_1_33' title='bbox 651 627 1023 673; x_wconf 80' lang='lat' dir='ltr'><strong>antevertendum</strong></span> <span class='ocrx_word' id='word_1_34' title='bbox 1052 627 1346 684; x_wconf 83' lang='lat' dir='ltr'><strong>existimavit,</strong></span> <span class='ocrx_word' id='word_1_35' title='bbox 1379 636 1428 670; x_wconf 88' lang='lat' dir='ltr'><strong>ut</strong></span> <span class='ocrx_word' id='word_1_36' title='bbox 1458 626 1717 671; x_wconf 75' lang='lat' dir='ltr'><strong>Narbonem</strong></span> 
     </span>
     <span class='ocr_line' id='line_1_6' title="bbox 318 708 1717 771; baseline -0.002 -17"><span class='ocrx_word' id='word_1_37' title='bbox 318 710 685 771; x_wconf 77' lang='lat' dir='ltr'><strong>proficisceretur.</strong></span> <span class='ocrx_word' id='word_1_38' title='bbox 711 713 777 755; x_wconf 86' lang='lat' dir='ltr'><strong>Eo</strong></span> <span class='ocrx_word' id='word_1_39' title='bbox 806 727 945 771; x_wconf 91' lang='lat' dir='ltr'><strong>quum</strong></span> <span class='ocrx_word' id='word_1_40' title='bbox 976 710 1189 765; x_wconf 87' lang='lat' dir='ltr'><strong>venisset,</strong></span> <span class='ocrx_word' id='word_1_41' title='bbox 1222 710 1425 753; x_wconf 84' lang='lat' dir='ltr'><strong>timentes</strong></span> <span class='ocrx_word' id='word_1_42' title='bbox 1455 708 1717 763; x_wconf 83' lang='lat' dir='ltr'><strong>confirmat,</strong></span> 
     </span>
     <span class='ocr_line' id='line_1_7' title="bbox 319 789 1720 853; baseline -0.001 -19"><span class='ocrx_word' id='word_1_43' title='bbox 319 791 518 852; x_wconf 84' lang='lat' dir='ltr'><strong>praesidia</strong></span> <span class='ocrx_word' id='word_1_44' title='bbox 538 791 582 835; x_wconf 90' lang='lat' dir='ltr'><strong>in</strong></span> <span class='ocrx_word' id='word_1_45' title='bbox 598 792 784 836; x_wconf 85' lang='lat' dir='ltr'><strong>Rutenis</strong></span> <span class='ocrx_word' id='word_1_46' title='bbox 799 789 1320 853; x_wconf 86' lang='lat' dir='ltr'><strong>provincialibus,Volcis</strong></span> <span class='ocrx_word' id='word_1_47' title='bbox 1339 790 1624 845; x_wconf 87' lang='lat' dir='ltr'><strong>Arecomicis,</strong></span> <span class='ocrx_word' id='word_1_48' title='bbox 1638 791 1720 833; x_wconf 89' lang='lat' dir='ltr'><strong>To-</strong></span> 
     </span>
     <span class='ocr_line' id='line_1_8' title="bbox 319 870 1720 933; baseline -0.001 -17"><span class='ocrx_word' id='word_1_49' title='bbox 319 870 550 929; x_wconf 86' lang='lat' dir='ltr'><strong>losatibus,</strong></span> <span class='ocrx_word' id='word_1_50' title='bbox 570 872 826 933; x_wconf 86' lang='lat' dir='ltr'><strong>circumque</strong></span> <span class='ocrx_word' id='word_1_51' title='bbox 843 872 1124 928; x_wconf 81' lang='lat' dir='ltr'><strong>Narbonem,</strong></span> <span class='ocrx_word' id='word_1_52' title='bbox 1144 889 1240 932; x_wconf 83' lang='lat' dir='ltr'><strong>quae</strong></span> <span class='ocrx_word' id='word_1_53' title='bbox 1261 870 1355 915; x_wconf 89' lang='lat' dir='ltr'><strong>loca</strong></span> <span class='ocrx_word' id='word_1_54' title='bbox 1373 871 1573 915; x_wconf 87' lang='lat' dir='ltr'><strong>hostibus</strong></span> <span class='ocrx_word' id='word_1_55' title='bbox 1591 880 1720 915; x_wconf 86' lang='lat' dir='ltr'><strong>erant</strong></span> 
     </span>
     <span class='ocr_line' id='line_1_9' title="bbox 319 953 1719 1014; baseline -0.001 -18"><span class='ocrx_word' id='word_1_56' title='bbox 319 953 525 1010; x_wconf 86' lang='lat' dir='ltr'><strong>finitima,</strong></span> <span class='ocrx_word' id='word_1_57' title='bbox 545 954 774 998; x_wconf 87' lang='lat' dir='ltr'><strong>constituit</strong></span> <span class='ocrx_word' id='word_1_58' title='bbox 797 971 806 997; x_wconf 75' lang='grc' dir='ltr'><strong><em>ε</em></strong></span> <span class='ocrx_word' id='word_1_59' title='bbox 831 963 999 1014; x_wconf 87' lang='lat' dir='ltr'><strong>partem</strong></span> <span class='ocrx_word' id='word_1_60' title='bbox 1022 954 1250 1014; x_wconf 87' lang='lat' dir='ltr'><strong>copiarum</strong></span> <span class='ocrx_word' id='word_1_61' title='bbox 1272 970 1325 996; x_wconf 81' lang='lat' dir='ltr'><strong>ex</strong></span> <span class='ocrx_word' id='word_1_62' title='bbox 1342 953 1600 1008; x_wconf 82' lang='lat' dir='ltr'><strong>Provincia,</strong></span> <span class='ocrx_word' id='word_1_63' title='bbox 1621 969 1719 1013; x_wconf 89' lang='lat' dir='ltr'><strong>sup—</strong></span> 
     </span>
     <span class='ocr_line' id='line_1_10' title="bbox 319 1032 1719 1095; baseline 0 -19"><span class='ocrx_word' id='word_1_64' title='bbox 319 1032 684 1095; x_wconf 90' lang='lat' dir='ltr'><strong>plementumque</strong></span> <span class='ocrx_word' id='word_1_65' title='bbox 705 1034 824 1095; x_wconf 86' lang='lat' dir='ltr'><strong>quod</strong></span> <span class='ocrx_word' id='word_1_66' title='bbox 842 1051 891 1077; x_wconf 90' lang='lat' dir='ltr'><strong>ex</strong></span> <span class='ocrx_word' id='word_1_67' title='bbox 912 1033 1043 1077; x_wconf 87' lang='lat' dir='ltr'><strong>Italia</strong></span> <span class='ocrx_word' id='word_1_68' title='bbox 1067 1033 1332 1085; x_wconf 78' lang='lat' dir='ltr'><strong>adduxerat,</strong></span> <span class='ocrx_word' id='word_1_69' title='bbox 1358 1034 1402 1076; x_wconf 92' lang='lat' dir='ltr'><strong>in</strong></span> <span class='ocrx_word' id='word_1_70' title='bbox 1422 1033 1624 1089; x_wconf 83' lang='lat' dir='ltr'><strong>Helvios,</strong></span> <span class='ocrx_word' id='word_1_71' title='bbox 1643 1034 1719 1093; x_wconf 89' lang='lat' dir='ltr'><strong>qui</strong></span> 
     </span>
     <span class='ocr_line' id='line_1_11' title="bbox 319 1113 1504 1176; baseline 0 -19"><span class='ocrx_word' id='word_1_72' title='bbox 319 1113 426 1158; x_wconf 86' lang='lat' dir='ltr'><strong>fines</strong></span> <span class='ocrx_word' id='word_1_73' title='bbox 450 1116 755 1158; x_wconf 89' lang='lat' dir='ltr'><strong>Arvernorum</strong></span> <span class='ocrx_word' id='word_1_74' title='bbox 783 1115 1080 1176; x_wconf 82' lang='lat' dir='ltr'><strong>contingunt,</strong></span> <span class='ocrx_word' id='word_1_75' title='bbox 1104 1115 1342 1159; x_wconf 89' lang='lat' dir='ltr'><strong>convenire</strong></span> <span class='ocrx_word' id='word_1_76' title='bbox 1363 1114 1504 1175; x_wconf 89' lang='lat' dir='ltr'><strong>jubet.</strong></span> 
     </span>
    </p>

    <p class='ocr_par' dir='ltr' id='par_1_3' title="bbox 319 1196 1722 2628">
     <span class='ocr_line' id='line_1_12' title="bbox 383 1196 1720 1257; baseline 0.001 -19"><span class='ocrx_word' id='word_1_77' title='bbox 383 1197 504 1239; x_wconf 90' lang='lat' dir='ltr'><strong>VIII.</strong></span> <span class='ocrx_word' id='word_1_78' title='bbox 547 1196 625 1239; x_wconf 86' lang='lat' dir='ltr'><strong>His</strong></span> <span class='ocrx_word' id='word_1_79' title='bbox 666 1196 796 1239; x_wconf 89' lang='lat' dir='ltr'><strong>rebus</strong></span> <span class='ocrx_word' id='word_1_80' title='bbox 833 1196 1121 1257; x_wconf 88' lang='lat' dir='ltr'><strong>comparatis,</strong></span> <span class='ocrx_word' id='word_1_81' title='bbox 1158 1212 1359 1257; x_wconf 85' lang='lat' dir='ltr'><strong>represso</strong></span> <span class='ocrx_word' id='word_1_82' title='bbox 1391 1196 1482 1256; x_wconf 85' lang='lat' dir='ltr'><strong>jam</strong></span> <span class='ocrx_word' id='word_1_83' title='bbox 1512 1196 1720 1239; x_wconf 87' lang='lat' dir='ltr'><strong>Lucterio</strong></span> 
     </span>
     <span class='ocr_line' id='line_1_13' title="bbox 319 1275 1722 1338; baseline 0.001 -20"><span class='ocrx_word' id='word_1_84' title='bbox 319 1285 360 1319; x_wconf 89' lang='lat' dir='ltr'><strong>et</strong></span> <span class='ocrx_word' id='word_1_85' title='bbox 390 1285 585 1333; x_wconf 87' lang='lat' dir='ltr'><strong>remotO,</strong></span> <span class='ocrx_word' id='word_1_86' title='bbox 607 1276 726 1337; x_wconf 89' lang='lat' dir='ltr'><strong>quod</strong></span> <span class='ocrx_word' id='word_1_87' title='bbox 754 1277 920 1321; x_wconf 88' lang='lat' dir='ltr'><strong>intrare</strong></span> <span class='ocrx_word' id='word_1_88' title='bbox 944 1278 1059 1321; x_wconf 84' lang='lat' dir='ltr'><strong>intra</strong></span> <span class='ocrx_word' id='word_1_89' title='bbox 1089 1276 1289 1338; x_wconf 85' lang='lat' dir='ltr'><strong>praesidia</strong></span> <span class='ocrx_word' id='word_1_90' title='bbox 1317 1275 1615 1338; x_wconf 88' lang='lat' dir='ltr'><strong>periculosum</strong></span> <span class='ocrx_word' id='word_1_91' title='bbox 1641 1293 1722 1337; x_wconf 90' lang='lat' dir='ltr'><strong>pu-</strong></span> 
     </span>
     <span class='ocr_line' id='line_1_14' title="bbox 322 1356 1721 1419; baseline 0.002 -20"><span class='ocrx_word' id='word_1_92' title='bbox 322 1356 458 1413; x_wconf 88' lang='lat' dir='ltr'><strong>tabat,</strong></span> <span class='ocrx_word' id='word_1_93' title='bbox 485 1357 529 1400; x_wconf 91' lang='lat' dir='ltr'><strong>in</strong></span> <span class='ocrx_word' id='word_1_94' title='bbox 561 1356 738 1402; x_wconf 90' lang='lat' dir='ltr'><strong>Helvios</strong></span> <span class='ocrx_word' id='word_1_95' title='bbox 768 1358 1080 1419; x_wconf 84' lang='lat' dir='ltr'><strong>proficiscitur.</strong></span> <span class='ocrx_word' id='word_1_96' title='bbox 1109 1361 1202 1403; x_wconf 89' lang='lat' dir='ltr'><strong>Etsi</strong></span> <span class='ocrx_word' id='word_1_97' title='bbox 1233 1375 1360 1402; x_wconf 91' lang='lat' dir='ltr'><strong>mons</strong></span> <span class='ocrx_word' id='word_1_98' title='bbox 1391 1360 1620 1414; x_wconf 86' lang='lat' dir='ltr'><strong>Cevenna,</strong></span> <span class='ocrx_word' id='word_1_99' title='bbox 1644 1358 1721 1419; x_wconf 92' lang='lat' dir='ltr'><strong>qui</strong></span> 
     </span>
     <span class='ocr_line' id='line_1_15' title="bbox 320 1438 1719 1501; baseline 0.001 -21"><span class='ocrx_word' id='word_1_100' title='bbox 320 1439 546 1481; x_wconf 86' lang='lat' dir='ltr'><strong>Arvernos</strong></span> <span class='ocrx_word' id='word_1_101' title='bbox 571 1438 624 1481; x_wconf 88' lang='lat' dir='ltr'><strong>ab</strong></span> <span class='ocrx_word' id='word_1_102' title='bbox 650 1438 817 1483; x_wconf 85' lang='lat' dir='ltr'><strong>Helviis</strong></span> <span class='ocrx_word' id='word_1_103' title='bbox 843 1438 1073 1495; x_wconf 87' lang='lat' dir='ltr'><strong>discludit,</strong></span> <span class='ocrx_word' id='word_1_104' title='bbox 1103 1439 1340 1484; x_wconf 89' lang='lat' dir='ltr'><strong>durissimo</strong></span> <span class='ocrx_word' id='word_1_105' title='bbox 1367 1450 1565 1501; x_wconf 87' lang='lat' dir='ltr'><strong>tempore</strong></span> <span class='ocrx_word' id='word_1_106' title='bbox 1589 1440 1719 1496; x_wconf 87' lang='lat' dir='ltr'><strong>anni,</strong></span> 
     </span>
     <span class='ocr_line' id='line_1_16' title="bbox 321 1515 1719 1581; baseline 0.004 -21"><span class='ocrx_word' id='word_1_107' title='bbox 321 1515 531 1562; x_wconf 86' lang='lat' dir='ltr'><strong>altissima</strong></span> <span class='ocrx_word' id='word_1_108' title='bbox 570 1519 670 1562; x_wconf 89' lang='lat' dir='ltr'><strong>nive</strong></span> <span class='ocrx_word' id='word_1_109' title='bbox 699 1520 781 1563; x_wconf 89' lang='lat' dir='ltr'><strong>iter</strong></span> <span class='ocrx_word' id='word_1_110' title='bbox 808 1520 1103 1581; x_wconf 85' lang='lat' dir='ltr'><strong>impediebat,</strong></span> <span class='ocrx_word' id='word_1_111' title='bbox 1142 1531 1288 1565; x_wconf 77' lang='lat' dir='ltr'><strong>tamen</strong></span> <span class='ocrx_word' id='word_1_112' title='bbox 1317 1521 1513 1565; x_wconf 87' lang='lat' dir='ltr'><strong>discussa</strong></span> <span class='ocrx_word' id='word_1_113' title='bbox 1547 1521 1647 1564; x_wconf 89' lang='lat' dir='ltr'><strong>nive</strong></span> <span class='ocrx_word' id='word_1_114' title='bbox 1673 1537 1719 1565; x_wconf 87' lang='lat' dir='ltr'><strong>v1</strong></span> 
     </span>
     <span class='ocr_line' id='line_1_17' title="bbox 323 1597 1720 1663; baseline 0.004 -22"><span class='ocrx_word' id='word_1_115' title='bbox 323 1599 365 1641; x_wconf 89' lang='lat' dir='ltr'><strong>in</strong></span> <span class='ocrx_word' id='word_1_116' title='bbox 394 1597 676 1644; x_wconf 87' lang='lat' dir='ltr'><strong>altitudinem</strong></span> <span class='ocrx_word' id='word_1_117' title='bbox 709 1601 892 1660; x_wconf 89' lang='lat' dir='ltr'><strong>pedum,</strong></span> <span class='ocrx_word' id='word_1_118' title='bbox 920 1611 1050 1661; x_wconf 85' lang='lat' dir='ltr'><strong>atque</strong></span> <span class='ocrx_word' id='word_1_119' title='bbox 1077 1603 1136 1645; x_wconf 86' lang='lat' dir='ltr'><strong>ita</strong></span> <span class='ocrx_word' id='word_1_120' title='bbox 1160 1603 1240 1646; x_wconf 87' lang='lat' dir='ltr'><strong>viis</strong></span> <span class='ocrx_word' id='word_1_121' title='bbox 1266 1602 1520 1663; x_wconf 84' lang='lat' dir='ltr'><strong>patefactis,</strong></span> <span class='ocrx_word' id='word_1_122' title='bbox 1545 1618 1720 1646; x_wconf 86' lang='lat' dir='ltr'><strong>summo</strong></span> 
     </span>
     <span class='ocr_line' id='line_1_18' title="bbox 323 1677 1720 1743; baseline 0.004 -21"><span class='ocrx_word' id='word_1_123' title='bbox 323 1677 514 1723; x_wconf 87' lang='lat' dir='ltr'><strong>militum</strong></span> <span class='ocrx_word' id='word_1_124' title='bbox 546 1680 705 1724; x_wconf 91' lang='lat' dir='ltr'><strong>sudore</strong></span> <span class='ocrx_word' id='word_1_125' title='bbox 735 1681 789 1724; x_wconf 90' lang='lat' dir='ltr'><strong>ad</strong></span> <span class='ocrx_word' id='word_1_126' title='bbox 820 1681 927 1725; x_wconf 81' lang='lat' dir='ltr'><strong>fines</strong></span> <span class='ocrx_word' id='word_1_127' title='bbox 959 1685 1259 1727; x_wconf 76' lang='lat' dir='ltr'><strong>Arvernorum</strong></span> <span class='ocrx_word' id='word_1_128' title='bbox 1296 1683 1509 1743; x_wconf 87' lang='lat' dir='ltr'><strong>pervenit.</strong></span> <span class='ocrx_word' id='word_1_129' title='bbox 1543 1683 1720 1740; x_wconf 86' lang='lat' dir='ltr'><strong>Quibus</strong></span> 
     </span>
     <span class='ocr_line' id='line_1_19' title="bbox 322 1762 1720 1823; baseline 0.003 -20"><span class='ocrx_word' id='word_1_130' title='bbox 322 1762 542 1820; x_wconf 87' lang='lat' dir='ltr'><strong>oppressis</strong></span> <span class='ocrx_word' id='word_1_131' title='bbox 584 1762 944 1822; x_wconf 81' lang='lat' dir='ltr'><strong>inopinantibus,</strong></span> <span class='ocrx_word' id='word_1_132' title='bbox 974 1763 1092 1823; x_wconf 85' lang='lat' dir='ltr'><strong>quod</strong></span> <span class='ocrx_word' id='word_1_133' title='bbox 1138 1781 1182 1808; x_wconf 85' lang='lat' dir='ltr'><strong>sc</strong></span> <span class='ocrx_word' id='word_1_134' title='bbox 1215 1765 1449 1820; x_wconf 86' lang='lat' dir='ltr'><strong>Cevenna,</strong></span> <span class='ocrx_word' id='word_1_135' title='bbox 1484 1774 1531 1808; x_wconf 87' lang='lat' dir='ltr'><strong>ut</strong></span> <span class='ocrx_word' id='word_1_136' title='bbox 1567 1781 1720 1818; x_wconf 89' lang='lat' dir='ltr'><strong>muro,</strong></span> 
     </span>
     <span class='ocr_line' id='line_1_20' title="bbox 323 1843 1720 1905; baseline 0.003 -21"><span class='ocrx_word' id='word_1_137' title='bbox 323 1843 518 1885; x_wconf 85' lang='lat' dir='ltr'><strong>munitos</strong></span> <span class='ocrx_word' id='word_1_138' title='bbox 547 1843 884 1897; x_wconf 83' lang='lat' dir='ltr'><strong>existimabant,</strong></span> <span class='ocrx_word' id='word_1_139' title='bbox 909 1860 958 1887; x_wconf 87' lang='lat' dir='ltr'><strong>ac</strong></span> <span class='ocrx_word' id='word_1_140' title='bbox 989 1861 1043 1887; x_wconf 86' lang='lat' dir='ltr'><strong>ne</strong></span> <span class='ocrx_word' id='word_1_141' title='bbox 1073 1844 1285 1905; x_wconf 84' lang='lat' dir='ltr'><strong>singulari</strong></span> <span class='ocrx_word' id='word_1_142' title='bbox 1317 1844 1493 1904; x_wconf 81' lang='lat' dir='ltr'><strong>quidem</strong></span> <span class='ocrx_word' id='word_1_143' title='bbox 1525 1861 1720 1905; x_wconf 80' lang='lat' dir='ltr'><strong>unquam</strong></span> 
     </span>
     <span class='ocr_line' id='line_1_21' title="bbox 322 1921 1721 1986; baseline 0.004 -22"><span class='ocrx_word' id='word_1_144' title='bbox 322 1921 493 1965; x_wconf 87' lang='lat' dir='ltr'><strong>homini</strong></span> <span class='ocrx_word' id='word_1_145' title='bbox 524 1939 575 1967; x_wconf 86' lang='lat' dir='ltr'><strong>co</strong></span> <span class='ocrx_word' id='word_1_146' title='bbox 609 1933 809 1984; x_wconf 84' lang='lat' dir='ltr'><strong>tempore</strong></span> <span class='ocrx_word' id='word_1_147' title='bbox 848 1925 951 1968; x_wconf 92' lang='lat' dir='ltr'><strong>anni</strong></span> <span class='ocrx_word' id='word_1_148' title='bbox 993 1925 1157 1968; x_wconf 79' lang='lat' dir='ltr'><strong>semitae</strong></span> <span class='ocrx_word' id='word_1_149' title='bbox 1194 1935 1454 1986; x_wconf 86' lang='lat' dir='ltr'><strong>patuerant,</strong></span> <span class='ocrx_word' id='word_1_150' title='bbox 1497 1925 1721 1986; x_wconf 79' lang='lat' dir='ltr'><strong>equitibus</strong></span> 
     </span>
     <span class='ocr_line' id='line_1_22' title="bbox 325 2003 1721 2068; baseline 0.002 -22"><span class='ocrx_word' id='word_1_151' title='bbox 325 2003 511 2063; x_wconf 89' lang='lat' dir='ltr'><strong>imperat</strong></span> <span class='ocrx_word' id='word_1_152' title='bbox 533 2014 580 2048; x_wconf 89' lang='lat' dir='ltr'><strong>ut</strong></span> <span class='ocrx_word' id='word_1_153' title='bbox 599 2039 611 2057; x_wconf 87' lang='lat'><strong>,</strong></span> <span class='ocrx_word' id='word_1_154' title='bbox 640 2022 773 2065; x_wconf 85' lang='lat' dir='ltr'><strong>qnam</strong></span> <span class='ocrx_word' id='word_1_155' title='bbox 803 2004 1013 2049; x_wconf 87' lang='lat' dir='ltr'><strong>latissime</strong></span> <span class='ocrx_word' id='word_1_156' title='bbox 1043 2007 1233 2066; x_wconf 90' lang='lat' dir='ltr'><strong>possint,</strong></span> <span class='ocrx_word' id='word_1_157' title='bbox 1260 2017 1489 2068; x_wconf 84' lang='lat' dir='ltr'><strong>vagentur,</strong></span> <span class='ocrx_word' id='word_1_158' title='bbox 1519 2017 1563 2050; x_wconf 92' lang='lat' dir='ltr'><strong>et</strong></span> <span class='ocrx_word' id='word_1_159' title='bbox 1587 2023 1721 2067; x_wconf 85' lang='lat' dir='ltr'><strong>qnam</strong></span> 
     </span>
     <span class='ocr_line' id='line_1_23' title="bbox 323 2084 1721 2132; baseline 0.003 -6"><span class='ocrx_word' id='word_1_160' title='bbox 323 2084 563 2128; x_wconf 86' lang='lat' dir='ltr'><strong>maximum</strong></span> <span class='ocrx_word' id='word_1_161' title='bbox 611 2085 811 2129; x_wconf 88' lang='lat' dir='ltr'><strong>hostibus</strong></span> <span class='ocrx_word' id='word_1_162' title='bbox 852 2096 1067 2130; x_wconf 87' lang='lat' dir='ltr'><strong>terrorem</strong></span> <span class='ocrx_word' id='word_1_163' title='bbox 1119 2087 1322 2131; x_wconf 87' lang='lat' dir='ltr'><strong>inferant.</strong></span> <span class='ocrx_word' id='word_1_164' title='bbox 1372 2086 1585 2132; x_wconf 77' lang='lat' dir='ltr'><strong>Celeriter</strong></span> <span class='ocrx_word' id='word_1_165' title='bbox 1630 2088 1721 2132; x_wconf 83' lang='lat' dir='ltr'><strong>haec</strong></span> 
     </span>
     <span class='ocr_line' id='line_1_24' title="bbox 324 2164 1720 2230; baseline 0.004 -22"><span class='ocrx_word' id='word_1_166' title='bbox 324 2164 438 2209; x_wconf 83' lang='lat' dir='ltr'><strong>fama</strong></span> <span class='ocrx_word' id='word_1_167' title='bbox 463 2182 511 2210; x_wconf 86' lang='lat' dir='ltr'><strong>ac</strong></span> <span class='ocrx_word' id='word_1_168' title='bbox 536 2168 703 2211; x_wconf 89' lang='lat' dir='ltr'><strong>nuntiis</strong></span> <span class='ocrx_word' id='word_1_169' title='bbox 727 2167 781 2211; x_wconf 85' lang='lat' dir='ltr'><strong>ad</strong></span> <span class='ocrx_word' id='word_1_170' title='bbox 802 2169 1212 2230; x_wconf 75' lang='lat' dir='ltr'><strong>Vercingetorigem</strong></span> <span class='ocrx_word' id='word_1_171' title='bbox 1241 2169 1525 2230; x_wconf 82' lang='lat' dir='ltr'><strong>perferuntur</strong></span> <span class='ocrx_word' id='word_1_172' title='bbox 1553 2187 1561 2213; x_wconf 78' lang='lat' dir='ltr'><em>z</em></span> <span class='ocrx_word' id='word_1_173' title='bbox 1589 2186 1720 2230; x_wconf 83' lang='lat' dir='ltr'><strong>quein</strong></span> 
     </span>
     <span class='ocr_line' id='line_1_25' title="bbox 325 2248 1718 2311; baseline 0.004 -23"><span class='ocrx_word' id='word_1_174' title='bbox 325 2248 544 2306; x_wconf 82' lang='lat' dir='ltr'><strong>perterriti</strong></span> <span class='ocrx_word' id='word_1_175' title='bbox 569 2264 722 2292; x_wconf 86' lang='lat' dir='ltr'><strong>omnes</strong></span> <span class='ocrx_word' id='word_1_176' title='bbox 743 2250 929 2292; x_wconf 79' lang='lat' dir='ltr'><strong>Arverni</strong></span> <span class='ocrx_word' id='word_1_177' title='bbox 955 2250 1288 2294; x_wconf 71' lang='lat' dir='ltr'><strong>circumsistunt</strong></span> <span class='ocrx_word' id='word_1_178' title='bbox 1313 2261 1444 2311; x_wconf 84' lang='lat' dir='ltr'><strong>atque</strong></span> <span class='ocrx_word' id='word_1_179' title='bbox 1467 2250 1718 2300; x_wconf 79' lang='lat' dir='ltr'><strong>obsecrant,</strong></span> 
     </span>
     <span class='ocr_line' id='line_1_26' title="bbox 326 2327 1719 2392; baseline 0.002 -22"><span class='ocrx_word' id='word_1_180' title='bbox 326 2336 373 2370; x_wconf 86' lang='lat' dir='ltr'><strong>ut</strong></span> <span class='ocrx_word' id='word_1_181' title='bbox 401 2328 488 2371; x_wconf 86' lang='lat' dir='ltr'><strong>suis</strong></span> <span class='ocrx_word' id='word_1_182' title='bbox 517 2327 705 2372; x_wconf 89' lang='lat' dir='ltr'><strong>fortunis</strong></span> <span class='ocrx_word' id='word_1_183' title='bbox 739 2328 964 2387; x_wconf 84' lang='lat' dir='ltr'><strong>consulat,</strong></span> <span class='ocrx_word' id='word_1_184' title='bbox 991 2348 1075 2374; x_wconf 83' lang='lat' dir='ltr'><strong>neu</strong></span> <span class='ocrx_word' id='word_1_185' title='bbox 1101 2348 1145 2375; x_wconf 89' lang='lat' dir='ltr'><strong>se</strong></span> <span class='ocrx_word' id='word_1_186' title='bbox 1173 2331 1226 2374; x_wconf 82' lang='lat' dir='ltr'><strong>ab</strong></span> <span class='ocrx_word' id='word_1_187' title='bbox 1258 2331 1458 2375; x_wconf 86' lang='lat' dir='ltr'><strong>hostibus</strong></span> <span class='ocrx_word' id='word_1_188' title='bbox 1482 2331 1612 2392; x_wconf 87' lang='lat' dir='ltr'><strong>diripi</strong></span> <span class='ocrx_word' id='word_1_189' title='bbox 1643 2347 1719 2390; x_wconf 83' lang='lat' dir='ltr'><strong>pa—</strong></span> 
     </span>
     <span class='ocr_line' id='line_1_27' title="bbox 325 2406 1719 2470; baseline 0.003 -21"><span class='ocrx_word' id='word_1_190' title='bbox 325 2406 473 2464; x_wconf 89' lang='lat' dir='ltr'><strong>tiatur,</strong></span> <span class='ocrx_word' id='word_1_191' title='bbox 494 2410 734 2468; x_wconf 78' lang='lat' dir='ltr'><strong>praesertim</strong></span> <span class='ocrx_word' id='word_1_192' title='bbox 759 2426 896 2470; x_wconf 89' lang='lat' dir='ltr'><strong>quum</strong></span> <span class='ocrx_word' id='word_1_193' title='bbox 918 2409 1062 2455; x_wconf 87' lang='lat' dir='ltr'><strong>videat</strong></span> <span class='ocrx_word' id='word_1_194' title='bbox 1086 2428 1216 2455; x_wconf 84' lang='lat' dir='ltr'><strong>omne</strong></span> <span class='ocrx_word' id='word_1_195' title='bbox 1241 2411 1294 2454; x_wconf 87' lang='lat' dir='ltr'><strong>ad</strong></span> <span class='ocrx_word' id='word_1_196' title='bbox 1321 2429 1364 2455; x_wconf 85' lang='lat' dir='ltr'><strong>se</strong></span> <span class='ocrx_word' id='word_1_197' title='bbox 1388 2411 1552 2455; x_wconf 86' lang='lat' dir='ltr'><strong>bellum</strong></span> <span class='ocrx_word' id='word_1_198' title='bbox 1579 2421 1719 2454; x_wconf 91' lang='lat' dir='ltr'><strong>trans-</strong></span> 
     </span>
     <span class='ocr_line' id='line_1_28' title="bbox 325 2484 1716 2552; baseline 0.004 -23"><span class='ocrx_word' id='word_1_199' title='bbox 325 2484 477 2531; x_wconf 89' lang='lat' dir='ltr'><strong>latum.</strong></span> <span class='ocrx_word' id='word_1_200' title='bbox 507 2489 710 2546; x_wconf 82' lang='lat' dir='ltr'><strong>Quorum</strong></span> <span class='ocrx_word' id='word_1_201' title='bbox 741 2489 812 2534; x_wconf 85' lang='lat' dir='ltr'><strong>ille</strong></span> <span class='ocrx_word' id='word_1_202' title='bbox 836 2491 1039 2551; x_wconf 89' lang='lat' dir='ltr'><strong>precibus</strong></span> <span class='ocrx_word' id='word_1_203' title='bbox 1065 2502 1318 2552; x_wconf 84' lang='lat' dir='ltr'><strong>permotus,</strong></span> <span class='ocrx_word' id='word_1_204' title='bbox 1340 2502 1482 2537; x_wconf 86' lang='lat' dir='ltr'><strong>castra</strong></span> <span class='ocrx_word' id='word_1_205' title='bbox 1511 2509 1563 2534; x_wconf 78' lang='lat' dir='ltr'><strong>ex</strong></span> <span class='ocrx_word' id='word_1_206' title='bbox 1595 2492 1716 2535; x_wconf 84' lang='lat' dir='ltr'><strong>Bitu-</strong></span> 
     </span>
     <span class='ocr_line' id='line_1_29' title="bbox 327 2567 1183 2628; baseline 0.008 -19"><span class='ocrx_word' id='word_1_207' title='bbox 327 2567 489 2628; x_wconf 85' lang='lat' dir='ltr'><strong>rigibus</strong></span> <span class='ocrx_word' id='word_1_208' title='bbox 518 2581 664 2614; x_wconf 85' lang='lat' dir='ltr'><strong>movet</strong></span> <span class='ocrx_word' id='word_1_209' title='bbox 693 2572 736 2614; x_wconf 89' lang='lat' dir='ltr'><strong>in</strong></span> <span class='ocrx_word' id='word_1_210' title='bbox 768 2574 989 2616; x_wconf 84' lang='lat' dir='ltr'><strong>Arvernos</strong></span> <span class='ocrx_word' id='word_1_211' title='bbox 1021 2590 1183 2617; x_wconf 87' lang='lat' dir='ltr'><strong>versus.</strong></span> 
     </span>
    </p>

    <p class='ocr_par' dir='ltr' id='par_1_4' title="bbox 390 2650 1719 2713">
     <span class='ocr_line' id='line_1_30' title="bbox 390 2650 1719 2713; baseline 0.004 -21"><span class='ocrx_word' id='word_1_212' title='bbox 390 2650 464 2692; x_wconf 80' lang='lat' dir='ltr'><strong>IX.</strong></span> <span class='ocrx_word' id='word_1_213' title='bbox 493 2653 552 2694; x_wconf 81' lang='lat' dir='ltr'><strong>At</strong></span> <span class='ocrx_word' id='word_1_214' title='bbox 574 2652 735 2707; x_wconf 78' lang='lat' dir='ltr'><strong>Caesar,</strong></span> <span class='ocrx_word' id='word_1_215' title='bbox 761 2652 945 2696; x_wconf 89' lang='lat' dir='ltr'><strong>biduum</strong></span> <span class='ocrx_word' id='word_1_216' title='bbox 971 2654 1011 2696; x_wconf 90' lang='lat' dir='ltr'><strong>in</strong></span> <span class='ocrx_word' id='word_1_217' title='bbox 1042 2654 1092 2697; x_wconf 75' lang='lat' dir='ltr'><strong>iis</strong></span> <span class='ocrx_word' id='word_1_218' title='bbox 1115 2653 1220 2699; x_wconf 82' lang='lat' dir='ltr'><strong>locis</strong></span> <span class='ocrx_word' id='word_1_219' title='bbox 1245 2664 1462 2707; x_wconf 79' lang='lat' dir='ltr'><strong>moratus,</strong></span> <span class='ocrx_word' id='word_1_220' title='bbox 1488 2653 1605 2713; x_wconf 83' lang='lat' dir='ltr'><strong>qnod</strong></span> <span class='ocrx_word' id='word_1_221' title='bbox 1629 2654 1719 2697; x_wconf 68' lang='lat' dir='ltr'><strong>hsce</strong></span> 
     </span>
    </p>
   </div>
   <div class='ocr_carea' id='block_1_3' title="bbox 326 2727 1718 2795">
    <p class='ocr_par' dir='ltr' id='par_1_5' title="bbox 326 2727 1718 2795">
     <span class='ocr_line' id='line_1_31' title="bbox 326 2727 1718 2795; baseline 0.008 -28"><span class='ocrx_word' id='word_1_222' title='bbox 326 2727 377 2769; x_wconf 87' lang='lat' dir='ltr'><strong>‹l‹·</strong></span> <span class='ocrx_word' id='word_1_223' title='bbox 399 2730 762 2792; x_wconf 64' lang='lat' dir='ltr'><strong>Vercingetorige</strong></span> <span class='ocrx_word' id='word_1_224' title='bbox 789 2750 868 2776; x_wconf 89' lang='lat' dir='ltr'><strong>usu</strong></span> <span class='ocrx_word' id='word_1_225' title='bbox 891 2743 1075 2777; x_wconf 75' lang='lat' dir='ltr'><strong>ventura</strong></span> <span class='ocrx_word' id='word_1_226' title='bbox 1099 2735 1308 2795; x_wconf 87' lang='lat' dir='ltr'><strong>opinione</strong></span> <span class='ocrx_word' id='word_1_227' title='bbox 1334 2745 1619 2795; x_wconf 56' lang='lat' dir='ltr'><strong>praeceperat,</strong></span> <span class='ocrx_word' id='word_1_228' title='bbox 1641 2751 1718 2795; x_wconf 85' lang='lat' dir='ltr'><strong>per</strong></span> 
     </span>
    </p>
   </div>
   <div class='ocr_carea' id='block_1_4' title="bbox 1891 0 1972 3356">
    <p class='ocr_par' dir='ltr' id='par_1_6' title="bbox 1891 0 1972 3356">
     <span class='ocr_line' id='line_1_32' title="bbox 1891 0 1972 3356; baseline 0 0"><span class='ocrx_word' id='word_1_229' title='bbox 1891 0 1972 3356; x_wconf 95' lang='lat' dir='ltr'><strong> </strong></span> 
     </span>
    </p>
   </div>
  </div>
 </body>
</html>
