1972 3356
305 320 375 357 132
509 323 549 359 C.
585 321 706 358 JULII
735 318 948 355 CAESARIS
979 314 1463 351 COMMENTARIORUM

361 408 454 452 LV.
489 403 657 449 Treviri
693 418 798 446 vero
831 411 961 461 atque
990 398 1320 443 Indutiomarus
1357 398 1489 441 totius
1522 396 1676 440 hiemis

301 484 471 530 nullum
491 493 663 543 tempus
689 481 1038 536 intermiserunt,
1062 479 1169 539 quin
1195 488 1311 521 trans
1334 477 1538 521 Rhenum
1560 475 1678 537 lega-

301 576 368 609 tos
387 564 631 618 mitterent,
654 563 851 606 civitates
872 559 1179 614 sollicitarent,
1200 558 1405 618 pecunias
1421 555 1680 617 polliceren-

301 654 391 699 tur,
415 659 573 704 magna
601 651 725 703 parte
750 640 962 684 exercitus
987 638 1125 682 nostri
1152 636 1397 692 interfecta,
1427 634 1566 678 multo
1599 631 1680 675 mi-

301 740 453 767 norem
473 737 697 783 superesse
717 720 912 764 dicerent
931 728 1113 779 partem.
1137 719 1291 777 Neque
1312 725 1455 760 tamen
1481 714 1557 759 ulli
1582 715 1684 758 civi-

301 804 380 847 tati
405 804 731 847 Germanorum
753 798 1007 861 persuaderi
1035 798 1203 858 potuit,
1232 806 1281 840 ut
1307 796 1511 840 Rhenum
1541 805 1684 839 trans-

302 885 404 939 iret,
434 898 570 942 quum
606 898 650 925 se
684 881 750 924 bis
781 888 982 940 expertos
1014 877 1226 933 dicerent,
1258 876 1464 920 Ariovisti
1493 862 1609 918 bello
1643 884 1687 917 et

301 962 681 1007 Tenchtherorum
695 960 902 1015 transitu,
922 975 1010 1002 non
1029 974 1119 1001 esse
1144 955 1330 1017 amplius
1355 956 1575 999 fortunam
1592 965 1686 998 ten-

302 1042 495 1087 tandam.
521 1044 615 1086 Hac
637 1057 711 1101 spe
740 1039 886 1099 lapsus
906 1037 1257 1092 Indutiomarus,
1281 1035 1419 1079 nihilo
1446 1037 1590 1079 minus
1615 1052 1687 1078 co-

303 1124 397 1184 pias
426 1138 604 1183 cogere,
631 1136 855 1175 exercere,
885 1135 909 1161 a
938 1116 1136 1161 finitimis
1161 1132 1296 1175 equos
1325 1132 1496 1176 parare,
1521 1114 1689 1159 exsules

306 1202 624 1261 damnatosque
653 1209 744 1243 tota
771 1197 917 1242 Gallia
946 1197 1116 1258 magnis
1147 1196 1335 1256 praemiis
1360 1195 1415 1238 ad
1448 1212 1491 1238 se
1518 1193 1691 1238 allicere

303 1283 449 1344 coepit.
479 1284 542 1326 Ac
573 1289 739 1324 tantam
762 1279 841 1322 sibi
861 1279 953 1338 jam
977 1278 1027 1320 iis
1050 1277 1181 1319 rebus
1212 1277 1256 1319 in
1282 1275 1426 1320 Gallia
1455 1276 1693 1319 auctorita-

305 1372 394 1406 tem
426 1369 775 1422 comparaverat,
803 1368 852 1401 ut
883 1357 1077 1417 undique
1104 1356 1158 1399 ad
1188 1373 1286 1399 eum
1320 1355 1558 1416 legationes
1589 1372 1693 1399 conv

306 1451 554 1497 currerent,
575 1441 759 1501 gratiam
787 1448 917 1497 atque
942 1437 1178 1481 amicitiam
1206 1435 1378 1496 publice
1398 1436 1694 1496 privatimque

308 1531 520 1583 peterent.

370 1603 485 1646 LVI.
511 1601 600 1646 Ubi
622 1599 856 1657 intellexit,
881 1598 999 1643 ultro
1021 1599 1075 1643 ad
1100 1616 1144 1642 se
1168 1600 1326 1654 veniri,
1352 1598 1487 1642 altera
1506 1615 1557 1641 ex
1573 1606 1695 1658 parte

309 1684 502 1727 Senones
528 1683 831 1741 Carnutesque
859 1681 1125 1724 conscientia
1155 1679 1360 1723 facinoris
1390 1679 1605 1739 instigari,
1634 1678 1696 1721 al-

308 1772 400 1806 tera
425 1763 611 1807 Nervios
632 1761 972 1821 Aduatucosque
991 1759 1157 1804 bellum
1183 1760 1396 1804 Romanis
1422 1776 1597 1820 parare,
1623 1775 1698 1801 ne-

308 1858 392 1903 que
422 1842 501 1885 sibi
529 1841 882 1885 voluntariorum
912 1841 1059 1901 copias
1086 1840 1259 1895 defore,
1283 1842 1317 1884 si
1342 1857 1392 1884 ex
1421 1840 1582 1883 finibus
1611 1839 1699 1882 suis

309 1922 515 1983 progredi
534 1923 752 1982 coepisset,
772 1930 989 1964 armatum
1012 1920 1247 1965 concilium
1269 1920 1421 1964 indicit
1447 1919 1554 1980 (hoc
1579 1936 1700 1963 more

308 2001 541 2046 Gallorum
565 2011 628 2045 est
652 2002 827 2045 initium
851 2000 998 2061 belli),
1024 2017 1133 2062 quo,
1158 2000 1252 2062 lege
1274 2001 1524 2057 communi,
1549 2015 1700 2043 omnes

309 2083 496 2143 puberes
517 2083 673 2127 armati
696 2083 932 2125 convenire
951 2093 1243 2137 consuerunt,
1266 2083 1340 2142 qui
1366 2099 1417 2125 ex
1443 2082 1493 2125 iis
1519 2081 1701 2124 novissi—

310 2180 406 2207 mus
431 2163 569 2219 venit,
598 2164 640 2206 in
669 2172 907 2223 conspectu
936 2161 1234 2206 multitudinis
1263 2162 1468 2206 omnibus
1498 2161 1702 2205 cruciati·

309 2243 391 2287 bus
417 2243 599 2288 affectus
624 2253 819 2286 necatur.
844 2245 895 2285 In
926 2259 976 2286 eo
1006 2241 1194 2286 concilio
1219 2242 1569 2303 Cingetorigem,
1595 2239 1702 2284 alte-

311 2322 401 2366 rius
431 2324 677 2384 principem
710 2322 932 2378 factionis,
966 2339 1179 2383 generum
1215 2339 1342 2366 suum
1382 2322 1535 2382 (quem
1572 2337 1703 2380 supra

312 2403 731 2459 demonstravimus,
755 2403 939 2446 Caesaris
960 2412 1159 2446 secutum
1179 2402 1332 2457 fidem,
1355 2402 1408 2445 ab
1432 2419 1483 2446 eo
1505 2418 1593 2445 non
1618 2400 1703 2443 dis-

313 2482 534 2542 cessisse),
572 2483 742 2527 hostem
777 2483 970 2543 judicat,
1006 2483 1211 2543 bonaque
1249 2484 1341 2544 ejus
1377 2482 1589 2543 publicat.
1626 2483 1704 2526 His

315 2561 441 2605 rebus
467 2562 700 2618 confectis,
728 2564 773 2606 in
803 2561 989 2606 concilio
1015 2564 1297 2623 pronuntiat,
1326 2563 1582 2606 arcessitum
1611 2579 1655 2606 se
1682 2579 1705 2605 a

316 2640 561 2686 Senonibus
590 2653 633 2686 et
662 2644 954 2700 Carnutibus,
991 2642 1174 2704 aliisque
1211 2642 1514 2704 compluribus
1551 2641 1706 2687 Galliae

319 2719 591 2785 civitatibus,
619 2723 705 2765 huc
739 2724 820 2765 iter
849 2723 1069 2766 facturum
1096 2740 1175 2783 per
1203 2723 1307 2765 fines
1338 2725 1606 2777 Remorum,
1634 2740 1705 2766 eo-
