1972 3356
527 255 594 290 DE
622 255 781 290 BELLO
811 255 1025 291 GALLICO
1053 255 1145 290 LIB.
1172 257 1242 291 VII
1522 256 1594 292 215

258 340 484 384 LXXXV.
518 341 678 397 Caesar,
699 339 908 383 idoneum
928 338 1075 384 locum
1094 350 1270 397 nactus,
1290 339 1398 401 quid
1419 356 1596 401 quaque

196 420 239 462 in
264 429 388 480 parte
418 430 598 481 geratur
630 421 879 482 cognoscit,
909 418 1212 465 laborantibus
1250 418 1464 465 auxilium
1494 421 1598 465 sub-

195 501 345 544 mittit.
375 501 587 561 Utrisque
620 501 675 545 ad
712 501 911 544 animum
939 502 1158 557 occurrit,
1194 519 1333 546 unum
1364 501 1475 546 illud
1505 518 1598 546 esse

196 591 370 643 tempus
397 598 485 642 quo
510 582 699 625 maxime
724 580 933 625 contendi
959 583 1208 626 conveniat.
1231 581 1372 638 Galli,
1396 583 1478 627 nisi
1504 599 1599 644 per-

194 662 406 723 fregerint
441 662 735 718 munitiones,
770 661 823 705 de
864 663 986 706 omni
1027 661 1168 706 salute
1203 661 1437 723 desperant
1469 680 1477 707 :
1509 666 1598 708 Ro-

194 743 337 800 mani,
369 743 403 786 si
439 759 533 786 rem
562 742 859 798 obtinuerint,
891 743 1025 787 finem
1056 744 1257 787 omnium
1290 742 1492 787 laborum
1525 760 1598 787 ex-

193 832 402 885 spectant.
436 824 633 867 Maxime
667 822 722 868 ad
755 824 1005 885 superiores
1038 824 1311 868 munitiones
1350 822 1599 881 laboratur,

193 920 281 964 quo
305 903 695 965 Vergasillaunum
725 906 910 949 missum
933 904 1352 951 demonstravimus.
1376 906 1599 967 Exiguum

193 983 277 1029 loci
308 983 364 1029 ad
393 984 690 1030 declivitatem
727 986 951 1049 fastigium
990 1004 1203 1049 magnum
1240 986 1373 1030 habet
1404 1003 1601 1030 momen-

194 1075 302 1110 tum.
333 1065 420 1111 Alii
448 1066 534 1111 tela
565 1068 832 1128 conjiciunt3
859 1067 953 1124 alii,
980 1067 1202 1112 testudine
1226 1067 1364 1123 facta,
1391 1067 1600 1122 subeunt,

194 1146 442 1209 defatigatis
464 1148 655 1192 invicem
682 1149 842 1210 integri
870 1148 1128 1193 succedunt.
1158 1150 1324 1210 Agger,
1349 1148 1403 1191 ab
1424 1149 1602 1192 univer·

195 1228 252 1272 sis
280 1229 324 1272 in
354 1229 651 1274 munitionem
677 1230 925 1290 conjectus,
947 1240 991 1274 et
1015 1246 1245 1274 ascensum
1273 1229 1347 1273 dat
1373 1228 1533 1286 Gallis,
1559 1240 1602 1273 et

195 1326 245 1353 ea
271 1326 368 1370 quae
397 1311 441 1353 in
467 1320 629 1355 terram
662 1309 998 1354 occultaverant
1030 1311 1221 1354 Romani
1257 1311 1468 1373 contegit.
1509 1312 1603 1356 Nec

191 1393 284 1453 jam
312 1409 435 1438 arma
462 1394 621 1437 nostris
647 1408 729 1436 nec
752 1394 867 1436 vires
895 1402 1149 1453 suppetunt.

261 1475 511 1518 LXXXVI.
548 1474 627 1517 His
652 1474 786 1517 rebus
811 1473 1020 1534 cognitis,
1045 1474 1193 1518 Caesar
1221 1473 1469 1517 Labienum
1501 1490 1603 1517 cum

196 1555 452 1599 cohortibus
487 1572 532 1599 vi
561 1554 756 1599 subsidio
788 1552 1095 1598 laborantibus
1128 1554 1280 1598 mittit.
1312 1556 1531 1615 Imperat,
1570 1555 1604 1598 si

196 1637 411 1681 sustinere
442 1653 531 1681 non
558 1636 720 1698 possit,
744 1635 945 1681 deductis
970 1637 1229 1681 cohortibus
1258 1637 1490 1697 eruptione
1522 1654 1604 1698 pu-

196 1727 322 1779 gnet3
355 1717 420 1774 id,
452 1718 534 1762 nisi
565 1718 832 1775 necessario,
864 1734 920 1761 ne
955 1717 1098 1761 faciat.
1130 1720 1229 1779 Ipse
1262 1717 1353 1761 adit
1387 1717 1604 1779 reliquos,

197 1799 455 1843 cohortatur
489 1815 545 1842 ne
575 1798 715 1843 labori
754 1799 1066 1854 succumbant3
1095 1800 1296 1843 omnium
1326 1801 1603 1860 superiorum

198 1880 534 1925 dimicationum
569 1880 761 1924 fructum
797 1881 843 1923 in
870 1896 922 1923 eo
952 1878 1023 1922 die
1048 1889 1179 1940 atque
1206 1880 1316 1923 hora
1346 1879 1477 1924 docet
1501 1897 1606 1924 con-

199 1965 363 2008 sistere.
394 1963 650 2018 Interiores,
677 1961 916 2023 desperatis
940 1961 1259 2022 campestribus
1288 1959 1394 2005 locis
1424 1972 1606 2023 propter

203 2043 557 2106 magnitudinem
588 2042 918 2100 munitionum,
952 2041 1048 2086 loca
1083 2051 1306 2103 praerupta
1339 2059 1390 2086 ex
1422 2059 1605 2086 ascensu

202 2135 399 2181 tentant3
440 2124 527 2169 huc
568 2141 618 2168 ea
657 2140 753 2185 quae
796 2133 1063 2185 paraverant
1107 2122 1366 2178 conferunt3
1407 2121 1605 2167 multitu-

203 2206 305 2250 dine
339 2205 527 2250 telorum
564 2223 616 2250 ex
643 2205 841 2249 turribus
868 2214 1205 2267 propugnantes
1235 2202 1498 2260 deturbant,
1528 2221 1604 2266 ag-

203 2304 306 2350 gere
334 2297 377 2332 et
405 2288 598 2332 cratibus
622 2286 758 2331 fossas
786 2285 984 2348 explent,
1013 2286 1156 2330 aditus
1187 2284 1452 2347 expediunt3
1483 2285 1605 2329 falci-

202 2369 284 2415 bus
308 2367 472 2413 vallum
499 2385 549 2413 ac
574 2367 756 2413 loricam
783 2367 1057 2412 rescindunt.

267 2452 540 2495 LXXXVII.
566 2452 712 2494 Caesar
735 2450 870 2493 mittit
893 2449 1037 2510 primo
1064 2450 1253 2492 Brutum
1282 2446 1606 2492 adolescentem

205 2549 306 2576 cum
333 2530 588 2575 cohortibus
615 2546 685 2587 vl,
716 2540 816 2591 post
843 2547 942 2574 cum
973 2528 1068 2574 aliis
1093 2545 1157 2573 vu
1187 2532 1236 2573 C.
1272 2529 1457 2573 Fabium
1486 2528 1604 2590 lega-

205 2624 329 2670 tum;
368 2623 591 2675 postremo
631 2612 748 2673 ipse,
784 2628 923 2673 quum
968 2611 1269 2655 vehementius
1311 2620 1604 2672 pugnaretur,

208 2696 398 2757 integros
431 2694 628 2739 subsidio
659 2693 848 2738 adducit.
890 2694 1108 2738 Restituto
1144 2691 1300 2754 proelio
1338 2709 1387 2736 ac
1419 2691 1604 2753 repulsis
