1972 3356
376 191 420 214 ιο
578 177 616 213 C.
641 177 770 212 JUL11
801 175 1022 211 CAESARIS
1051 175 1544 213 COMMENTARIORUM

372 273 414 306 et
440 261 636 322 plerique
675 259 958 320 magistratus
982 260 1208 303 consecuti
1241 269 1354 304 sunt.
1390 263 1470 305 Cn.
1498 263 1731 321 Pompeius
1749 297 1759 314 ‚

371 341 512 402 pridie
530 341 623 401 ejus
647 339 731 384 diei
756 356 806 383 ex
825 339 948 384 Urbe
971 339 1217 402 profectus,
1242 341 1323 384 iter
1339 340 1392 384 ad
1415 340 1608 402 legiones
1631 342 1762 387 habe-

372 423 464 478 bat,
489 437 596 482 quas
612 438 637 465 a
652 423 823 467 Caesare
840 430 1041 483 acceptas
1068 422 1112 465 in
1133 420 1296 482 Apulia
1318 422 1605 466 hibernorum
1631 439 1759 467 causa

374 502 664 563 disposuerat.
681 502 890 547 Delectus
913 504 1027 547 intra
1041 503 1207 548 Urbem
1234 504 1590 548 intermittuntur
1616 521 1626 548 z
1651 503 1760 547 nihil

373 583 481 627 citra
510 585 710 646 Capuam
739 593 882 627 tutum
913 599 1005 627 csse
1033 584 1238 628 omnibus
1268 584 1455 629 videtur.
1484 586 1647 646 Capuae
1675 585 1763 645 pri-

372 682 493 709 mum
513 682 606 710 sese
630 665 898 710 confirmant
920 675 964 710 et
987 664 1222 727 colligunt,
1248 665 1555 727 delectumque
1578 664 1760 710 colono-

372 765 470 792 rum
486 783 497 805 ,
524 749 600 810 qui
622 748 715 810 lege
730 747 845 793 Jutia
866 750 1066 810 Capuam
1093 747 1270 792 deducti
1291 758 1434 803 erant,
1461 748 1624 792 habere
1647 748 1765 792 insti-

373 839 525 885 tuunt;
552 829 930 892 gladiatoresque,
951 846 1062 890 quos
1089 830 1148 872 ibi
1174 831 1319 874 Caesar
1349 831 1392 873 in
1420 828 1525 874 ludo
1551 829 1762 885 habebat,

373 911 416 952 in
447 910 592 954 forum
621 909 861 972 productos
888 909 1105 953 Lentulus
1130 908 1319 954 libertati
1341 910 1606 967 confirmat,
1633 919 1764 970 atque

375 990 425 1033 iis
448 1007 582 1050 equos
609 990 836 1045 attribuit,
868 999 911 1033 et
938 1007 982 1034 se
1008 991 1131 1050 sequi
1156 991 1286 1051 jussit
1314 1008 1323 1034 :
1350 1007 1461 1051 quos
1476 1000 1650 1051 postea,
1676 1007 1765 1034 mo-

375 1071 492 1114 nitus
516 1071 570 1114 ab
594 1072 705 1124 suis,
730 1070 848 1131 quod
875 1087 925 1114 ea
953 1086 1020 1114 res
1045 1071 1246 1114 omnium
1270 1070 1436 1131 judicio
1472 1069 1765 1131 reprehende-

374 1151 525 1207 batur,
552 1151 718 1195 circum
747 1150 983 1195 familiares
1008 1161 1254 1195 conventus
1278 1151 1531 1211 Campaniae
1556 1149 1765 1195 custodiae

374 1248 503 1276 causa
532 1231 771 1277 distribuit.

439 1314 537 1356 XV.
576 1315 767 1358 Auximo
797 1316 941 1359 Caesar·
975 1331 1257 1375 progressus,
1297 1331 1471 1358 omnem
1512 1330 1668 1375 agrum
1705 1314 1768 1375 pi-

374 1409 532 1437 cenum
559 1395 790 1454 percurrit.
829 1396 1012 1438 Cunctae
1044 1411 1194 1438 earum
1230 1396 1460 1456 regionum
1494 1395 1765 1455 praefecturae

373 1472 668 1518 libentissimis
705 1475 861 1518 animis
895 1491 995 1519 eum
1032 1476 1269 1536 recipiunt,
1305 1476 1634 1535 exercitumque
1667 1475 1760 1536 ejus

373 1555 577 1598 omnibus
609 1555 738 1599 rebus
762 1556 932 1616 juvant.
960 1557 1104 1600 Etiam
1139 1555 1355 1616 Cingulo,
1393 1555 1511 1615 quod
1548 1554 1762 1617 oppidum

375 1636 594 1679 Labienus
631 1637 945 1691 constituerat,
985 1653 1151 1697 suaque
1183 1638 1368 1697 pecunia
1397 1635 1766 1691 exaedificaverat,

374 1715 427 1759 ad
448 1732 548 1759 eum
573 1715 704 1778 legati
735 1717 944 1771 veniunt,
965 1734 1151 1776 quaeque
1174 1718 1455 1777 imperaverit
1474 1751 1484 1773 ,
1508 1733 1551 1760 se
1573 1716 1767 1777 cupidis-

375 1797 481 1839 sime
508 1796 698 1840 iiicturos
716 1795 994 1856 pollicentur.
1026 1795 1192 1840 Milites
1224 1798 1411 1857 imperat
1442 1815 1449 1839 :
1479 1797 1675 1840 mittunt.
1698 1799 1767 1840 In-

376 1887 492 1920 tereat
521 1876 635 1938 legio
663 1893 729 1921 xii
766 1880 981 1921 Caesarem
1010 1878 1307 1938 consequitur.
1346 1880 1459 1922 Cum
1498 1877 1564 1920 his
1594 1876 1767 1921 duabus

379 1956 586 2002 Asculum
615 1959 826 2002 Picenum
867 1957 1173 2018 proficiscitur.
1213 1958 1263 2002 Id
1296 1958 1510 2019 oppidum
1551 1957 1767 2002 Lentulus

375 2039 585 2099 Spinther
616 2055 644 2082 x
678 2038 933 2083 cohortibus
970 2039 1142 2083 tenebat
1173 2057 1181 2083 :
1219 2040 1319 2099 qui,
1362 2040 1545 2083 Caesaris
1575 2038 1766 2082 adventu

375 2120 571 2181 cognito,
606 2119 803 2180 profugit
834 2136 883 2163 cx
909 2119 1097 2181 oppi‹lo;
1130 2120 1424 2179 cohortesque
1453 2136 1603 2163 secum
1631 2119 1768 2163 abdu-

376 2218 475 2244 cere
500 2210 684 2245 conatus
702 2235 713 2254 ,
738 2218 763 2244 a
781 2218 940 2261 inagna
956 2210 1078 2261 parte
1099 2200 1291 2245 militum
1311 2200 1544 2244 deseritur.
1568 2199 1766 2244 Relictus

376 2284 419 2326 in
457 2283 611 2326 itincre
643 2299 743 2326 cum
785 2283 960 2343 paucis,
998 2282 1152 2326 incidit
1199 2284 1241 2325 in
1290 2280 1535 2325 Vibullium
1576 2281 1765 2336 Rufum,

379 2364 558 2407 missum
580 2380 603 2406 a
628 2364 840 2424 Pompeio
870 2363 911 2405 in
941 2380 1097 2422 agrum
1128 2365 1334 2424 picenum
1361 2361 1765 2405 confirmandorum

379 2445 605 2487 hominum
619 2460 750 2487 causa
778 2460 786 2486 ε
808 2460 830 2487 a
851 2460 939 2503 quo
964 2443 1101 2487 filetus
1121 2442 1341 2487 Vibullius
1364 2444 1546 2499 certior,
1573 2458 1669 2502 quae
1700 2458 1766 2484 res

378 2526 420 2567 in
436 2527 596 2568 Piceno
616 2534 887 2586 gcicrcntur„
915 2524 1076 2567 milites
1095 2526 1147 2568 ab
1168 2542 1219 2568 co
1238 2525 1422 2585 accipit,
1449 2525 1590 2583 ipsum
1616 2522 1763 2565 dimit-

378 2605 440 2646 tit.
472 2607 578 2648 Itcm
609 2621 658 2647 ex
689 2605 885 2648 finitimis
917 2605 1189 2663 orgionibus,
1212 2621 1318 2665 quas
1344 2613 1513 2663 potest,
1544 2602 1767 2646 contrahit
