1972 3356
423 198 468 232 82
630 198 667 231 C.
695 196 823 230 JUL11
852 194 1068 230 CAESARIS
1099 194 1582 230 COMMENTARIORUM

421 280 609 325 titudine
636 276 934 322 Numidarum
959 275 1231 321 conferretur
1261 293 1270 320 ε
1307 276 1400 320 haec
1427 286 1570 321 tamen
1605 278 1659 335 ab
1690 277 1799 338 ipsis

421 361 615 404 inflatius
634 359 1116 426 commemorabantur,
1135 368 1183 402 ut
1202 356 1255 402 de
1276 358 1363 402 suis
1380 358 1579 401 homines
1600 355 1801 402 laudibus

422 441 607 486 libenter
625 441 878 503 praedicant.
900 439 1043 484 Multa
1059 450 1270 502 praeterea
1285 437 1424 501 spolia
1440 437 1801 499 praeferebantur,

421 523 539 584 capti
562 522 762 567 homines
790 522 1049 583 equitesque
1079 520 1460 582 producebantur3
1489 528 1561 576 ut,
1590 517 1805 579 quidquid

423 602 710 647 intercederet
733 603 965 664 temporis,
990 603 1074 646 hoc
1098 617 1226 645 omne
1249 601 1476 644 victoriam
1500 598 1664 643 morari
1687 596 1807 641 vide-

423 694 557 728 retur.
595 686 661 729 Ita
698 685 789 745 spei
830 684 1038 729 Curionis
1077 681 1267 727 militum
1303 680 1446 725 studia
1486 696 1574 723 non
1608 678 1803 722 deerant.

423 765 603 826 Equites
633 766 755 826 sequi
783 764 908 826 jubet
952 780 1068 821 sese,
1107 764 1275 823 iterque
1312 759 1546 817 accelerat,
1589 769 1638 803 ut
1674 775 1807 820 quam

424 847 611 890 maxime
646 862 699 890 ex
733 846 835 908 fuga
862 845 1119 907 perterritos
1148 844 1311 888 adoriri
1341 852 1497 904 posset.
1537 844 1595 886 At
1623 839 1713 896 illi,
1739 841 1808 884 iti-

425 943 530 970 nere
552 928 682 971 totius
701 928 840 971 noctis
862 927 1050 971 confecti
1066 960 1077 983 ,
1096 925 1302 985 subsequi
1323 941 1410 968 non
1427 932 1658 984 poterant,
1676 931 1807 982 atque

425 1006 497 1050 alii
517 1006 602 1051 alio
627 1006 725 1052 loco
750 1007 1025 1051 resistebant.
1053 1008 1123 1051 Ne
1146 1006 1237 1049 haec
1263 1004 1441 1066 quidem
1470 1020 1539 1047 res
1567 1003 1807 1048 Curionem

424 1086 479 1130 ad
504 1103 625 1148 spem
651 1088 919 1131 morabatur.

490 1170 582 1212 XL.
618 1171 641 1213 J
647 1168 751 1224 uba,
776 1169 938 1212 certior
962 1167 1101 1212 factus
1125 1184 1148 1211 a
1171 1167 1339 1212 Sabura
1365 1165 1419 1210 de
1448 1175 1668 1209 nocturno
1691 1180 1808 1226 proe-

426 1248 510 1305 lio,
539 1248 629 1293 duo
651 1248 786 1292 millia
811 1249 1100 1310 hispanorum
1131 1258 1173 1292 et
1197 1247 1410 1309 gallorum
1442 1246 1668 1307 equitum,
1701 1261 1810 1306 quos

427 1347 514 1374 suae
540 1329 748 1374 custodiae
774 1347 906 1375 causa
932 1331 1095 1374 circum
1127 1345 1171 1373 se
1198 1329 1360 1373 habere
1385 1336 1641 1382 consuerat,
1665 1336 1709 1370 et
1733 1342 1811 1388 pe-

427 1410 567 1454 ditum
587 1426 683 1454 eam
702 1421 871 1471 partem
887 1445 898 1466 ,
919 1411 989 1454 cui
1010 1410 1197 1454 maxime
1216 1408 1491 1464 confidebat,
1513 1409 1691 1453 Saburae
1711 1407 1812 1452 sub-

430 1491 566 1533 mittit
592 1507 600 1533 :
626 1491 718 1551 ipse
739 1507 840 1534 cum
862 1490 1043 1551 reliquis
1064 1491 1199 1552 copiis
1221 1489 1552 1551 elephantisque
1573 1505 1629 1534 Lx
1650 1487 1811 1532 lentius

429 1569 735 1631 subsequitur,
757 1572 1001 1632 suspicatus
1019 1605 1030 1627 ,
1050 1571 1283 1632 praemissis
1304 1569 1526 1630 equitibus
1541 1604 1552 1626 ,
1575 1570 1718 1630 ipsum
1740 1567 1813 1611 ad-

429 1650 521 1693 fore
545 1652 799 1695 Curionem.
828 1651 998 1696 Sabura
1023 1652 1170 1712 copias
1197 1652 1395 1711 equitum
1420 1649 1706 1711 peditumque
1742 1650 1811 1692 in-

431 1732 585 1784 struit,
607 1741 738 1791 atque
764 1732 831 1775 his
853 1732 1064 1791 imperat,
1086 1741 1136 1774 ut
1161 1730 1441 1774 simulatione
1470 1730 1639 1774 timoris
1665 1728 1812 1791 paula-

431 1811 508 1854 tim
533 1810 716 1866 cedant,
741 1828 790 1854 ac
813 1810 970 1872 pedem
995 1810 1208 1866 referant3
1237 1827 1355 1867 sese,
1382 1827 1518 1871 quum
1543 1827 1653 1871 opus
1679 1819 1812 1863 esset,

431 1891 603 1951 signum
629 1890 769 1952 proelii
795 1891 1027 1946 daturum,
1051 1901 1122 1947 et,
1147 1891 1265 1952 quod
1289 1907 1382 1935 rem
1406 1889 1630 1953 postulare
1656 1907 1814 1952 cogno-

430 1973 587 2027 visset,
610 1973 943 2033 imperaturum.
967 1973 1103 2016 Curio
1117 2007 1128 2027 ‚
1154 1972 1208 2016 ad
1229 1973 1502 2034 superiorem
1522 1988 1645 2033 spem
1665 1971 1814 2016 addita

431 2054 657 2113 praesentis
686 2053 898 2114 temporis
924 2053 1159 2113 opinione,
1188 2053 1336 2098 hostes
1365 2053 1518 2115 fugere
1547 2053 1784 2097 arbitratus
1802 2086 1814 2109 ,

431 2133 579 2193 copias
606 2150 658 2176 ex
684 2131 790 2177 locis
817 2134 1116 2194 superioribus
1146 2135 1190 2178 in
1215 2151 1420 2195 campum
1446 2134 1639 2178 deducit.

492 2215 609 2258 XLI.
647 2214 822 2271 Quibus
845 2230 897 2258 ex
921 2213 1026 2258 locis
1051 2232 1187 2275 quum
1210 2214 1382 2277 longius
1404 2225 1514 2260 esset
1538 2231 1813 2277 progressus,

431 2293 629 2339 confecto
655 2295 746 2356 jam
777 2294 925 2340 labore
955 2297 1174 2352 exercitu,
1213 2314 1289 2342 xvi
1324 2295 1511 2341 millium
1542 2298 1684 2359 spatio
1709 2313 1814 2341 con-

431 2375 555 2419 sistit.
583 2377 672 2420 Dat
698 2377 785 2420 suis
809 2377 982 2438 signum
1009 2377 1198 2434 Sabura,
1223 2379 1361 2422 aciem
1385 2378 1638 2435 constituit,
1663 2386 1707 2421 et
1727 2377 1814 2421 cir-

431 2457 597 2499 cumire
621 2456 797 2501 ordines
822 2466 952 2518 atque
979 2457 1144 2502 hortari
1169 2458 1348 2520 incipit;
1374 2458 1449 2504 sed
1474 2457 1673 2520 peditatu
1697 2456 1811 2501 dun-

434 2546 549 2581 taxat
576 2537 731 2599 procul
757 2538 812 2582 ad
839 2539 1027 2599 speciem
1049 2541 1188 2584 utitur
1204 2575 1215 2597 ,
1240 2541 1408 2601 equites
1432 2541 1475 2584 in
1498 2540 1634 2584 aciem
1663 2540 1810 2584 mittit.

433 2619 532 2661 Non
569 2617 687 2663 deest
722 2619 900 2680 negotio
932 2621 1093 2676 Curio,
1129 2638 1318 2682 suosque
1353 2621 1577 2677 hortatur,
1611 2630 1659 2664 ut
1690 2636 1811 2682 spem
