1972 3356
3 2253 22 2338 l

18 2623 19 2626 „
3 2394 23 2513 .-‘'v‘

555 232 620 267 DE
650 230 811 266 BELLO
839 228 1168 266 HISPANIENSI.
1478 241 1550 277 299

163 316 346 362 consilio
371 317 523 361 habito
550 327 708 369 noctu,
736 315 902 375 patitur
926 313 1162 357 Lusitanos
1202 312 1478 373 eruptionem
1492 311 1551 356 fa-

164 416 262 443 cere
283 416 293 443 z
318 397 362 442 id
384 397 502 458 quod
523 394 725 441 consulto
746 412 834 439 non
856 393 1165 439 existimabant
1191 393 1297 438 fieri.
1322 396 1389 438 Ita
1411 410 1552 438 erum·

166 480 337 542 pendO,
367 496 522 533 naves,
549 494 645 539 quae
679 476 733 521 ad
765 477 916 521 Baetim
958 474 1120 518 flumen
1161 474 1366 530 fuissent,
1407 475 1556 518 incen-

165 561 290 605 dunt.
321 560 472 604 Nostri
501 558 606 603 dum
644 556 850 602 incendio
881 555 1158 611 detinentur,
1186 553 1247 598 illi
1277 554 1556 616 profugiunt,

165 652 207 686 et
231 643 285 686 ab
311 641 531 702 equitibus
555 638 861 684 conciduntur.
894 637 997 693 Quo
1022 635 1159 691 facto,
1188 635 1353 696 oppido
1380 652 1558 698 recupe-

164 733 281 773 rato,
309 726 459 768 Astam
498 722 580 765 iter
601 721 743 764 facere
771 718 920 778 coepit,
947 733 998 761 ex
1025 733 1114 777 qua
1137 717 1315 761 civitate
1341 715 1472 778 legati
1502 717 1556 761 ad

165 804 432 848 deditionem
458 809 692 857 venerunt,
719 797 1077 858 Mundensesque
1100 831 1111 854 ‚
1137 797 1213 857 qui
1243 813 1293 841 ex
1325 796 1481 858 proelio
1513 798 1557 841 in

165 883 378 945 oppidum
400 882 690 943 confugerant
715 916 725 936 ‚
750 896 885 940 quum
912 878 1077 922 diutius
1116 878 1560 936 circumsiderentur,

165 965 278 1009 bene
300 962 429 1007 multi
453 962 724 1007 deditionem
752 960 918 1005 faciunt
940 977 952 1018 3
981 970 1172 1020 etquum
1191 969 1331 1004 essent
1355 959 1398 1004 in
1423 958 1559 1021 legio-

166 1062 266 1089 nem
290 1044 538 1100 distributi,
567 1043 801 1103 conjurant
827 1043 941 1085 inter
970 1057 1014 1085 se
1031 1075 1042 1094 ‚
1068 1050 1115 1085 ut
1133 1049 1267 1084 noctu
1292 1041 1418 1101 signo
1435 1039 1560 1098 dato,

165 1127 240 1188 qui
270 1127 313 1170 in
337 1124 501 1187 oppido
531 1125 733 1179 fuissent,
761 1123 1040 1184 eruptionem
1069 1121 1287 1178 facerent;
1311 1120 1374 1166 illi
1400 1121 1561 1165 caedem

166 1209 212 1251 in
249 1206 400 1251 castris
444 1205 814 1249 administrarent.
858 1206 951 1248 Hac
986 1219 1032 1246 re
1074 1203 1276 1264 cognita,
1312 1203 1561 1263 insequenti

168 1298 298 1332 nocte
326 1287 476 1348 vigilia
503 1287 655 1339 tertia,
684 1295 844 1330 tessera
876 1284 997 1340 (lata,
1047 1294 1167 1328 extra
1203 1282 1369 1327 vallum
1410 1300 1563 1327 omnes

166 1379 268 1414 sunt
291 1370 469 1414 concisi.

231 1452 462 1495 XXXVII.
510 1449 784 1495 Carteienses
827 1447 979 1505 duces,
1005 1446 1111 1491 dum
1138 1448 1285 1491 Caesar
1319 1446 1365 1489 in
1404 1446 1563 1489 itinere

167 1531 334 1593 reliqua
360 1531 522 1593 oppida
553 1539 777 1592 oppugnat
803 1564 813 1586 ‚
844 1539 1024 1590 propter
1047 1529 1306 1589 Pompeium
1334 1526 1564 1571 dissentire

167 1624 407 1676 coeperunt.
435 1615 540 1657 Pars
575 1621 689 1665 erat,
718 1627 814 1671 quae
842 1610 1008 1671 legatos
1033 1609 1087 1654 ad
1115 1612 1331 1654 Caesarem
1365 1609 1565 1662 miserat3

169 1712 291 1757 pars,
311 1696 386 1757 qui
408 1695 778 1755 Pompeianarum
814 1693 1005 1754 partium
1031 1691 1225 1735 fautores
1256 1699 1413 1734 essent.
1444 1689 1566 1733 Sedi-

169 1777 287 1820 tione
310 1776 549 1831 concitata,
576 1783 724 1835 portas
749 1781 966 1833 occupant
993 1789 1002 1815 :
1027 1770 1162 1815 caedes
1194 1771 1242 1814 fit
1265 1787 1449 1832 magna3
1475 1787 1567 1814 sau-

168 1858 261 1901 cius
285 1857 519 1917 Pompeius
545 1871 676 1898 naves
708 1871 795 1899 xxx
829 1862 1015 1914 occupat
1054 1851 1235 1914 longas,
1269 1862 1313 1896 et
1353 1851 1564 1913 profugit.

168 1937 352 1991 Didius,
396 1937 470 1998 qui
499 1936 636 1982 Gadis
687 1934 810 1980 classi
855 1934 1122 1996 praefuisset,
1165 1934 1219 1977 ad
1265 1949 1396 1994 quem
1435 1931 1565 1976 simul

170 2020 354 2063 nuntius
373 2017 530 2062 allatus
560 2028 642 2074 est,
667 2016 898 2061 confestim
928 2017 1052 2077 sequi
1079 2017 1230 2077 coepit3
1259 2015 1421 2076 partim
1446 2013 1567 2075 pedi-

169 2109 288 2144 tatus
313 2109 354 2144 et
380 2101 602 2161 equitatus
630 2098 685 2144 ad
713 2098 1070 2161 persequendum
1097 2096 1296 2142 celeriter
1324 2099 1406 2140 iter
1435 2095 1565 2139 facie-

169 2180 277 2224 bant
296 2197 306 2224 z
338 2181 441 2225 item
462 2191 621 2243 quarto
643 2180 711 2224 die
730 2181 1010 2242 navigatione
1033 2178 1254 2235 confecta,
1280 2176 1565 2238 consequitur

170 2278 257 2305 eos.
283 2260 416 2319 Quod
442 2262 647 2323 imparati
671 2278 694 2305 a
719 2261 893 2306 Carteia
913 2259 1099 2323 profecti
1115 2260 1208 2304 sine
1223 2275 1337 2320 aqua
1356 2257 1567 2312 fuissent,

171 2341 227 2387 ad
248 2352 410 2387 terram
430 2341 666 2405 applicant.
683 2345 801 2387 Dum
827 2352 1062 2403 aquantur,
1078 2340 1236 2386 Didius
1257 2338 1393 2385 classe
1410 2354 1565 2382 occur-

172 2424 250 2481 rit,
267 2428 399 2469 naves
413 2424 622 2482 incendit,
640 2423 875 2468 nonnullas
893 2424 1023 2486 capit.
1042 2423 1280 2484 Pompeius
1299 2438 1399 2465 cum
1415 2419 1566 2482 paucis

174 2505 395 2567 profugit,
414 2516 455 2550 et
477 2505 621 2550 locum
645 2504 879 2567 quemdam
900 2506 1123 2549 munitum
1145 2513 1302 2548 natura
1330 2511 1528 2563 occupat.

238 2588 493 2632 XXXVIII.
531 2588 715 2648 Equites
752 2597 795 2631 et
823 2587 1049 2642 cohortes,
1084 2602 1181 2647 quae
1216 2585 1271 2630 ad
1301 2599 1567 2646 persequen-

178 2667 280 2712 dum
309 2668 450 2711 missae
485 2678 654 2724 essent,
685 2668 1035 2730 speculatoribus
1064 2677 1164 2712 ante
1193 2667 1332 2711 missis
1361 2666 1567 2710 certiores
