1972 3356
507 440 580 507 C.
620 438 863 506 JULII
914 436 1318 505 CAESARIS

308 634 1517 730 COMMENTARIORUM

551 852 635 895 DE
672 852 890 895 BELLO
927 852 1168 895 AFRICA
1182 852 1273 896 ΝΟ

720 1025 895 1060 LIBER
926 1026 1098 1061 UNUS.

205 1390 239 1432 I.
281 1350 496 1443 CAESAR,
534 1388 766 1431 itineribus
792 1388 921 1449 justis
951 1388 1191 1444 confectis,
1222 1387 1346 1432 nullo
1377 1387 1447 1431 dic
1482 1389 1617 1432 inter-

205 1470 360 1526 misso,
385 1486 423 1513 a.
465 1468 505 1513 d.
549 1485 630 1513 X1v
674 1468 753 1512 cal.
781 1469 872 1530 jan.
909 1468 1157 1532 Lilybaeum
1191 1471 1420 1531 pervenit,
1449 1471 1617 1514 statim-

205 1567 291 1611 que
325 1549 543 1607 ostendit,
575 1567 667 1594 sese
692 1566 824 1594 naves
866 1548 976 1595 velle
1005 1551 1330 1608 conscendere,
1359 1567 1496 1612 quum
1528 1567 1618 1594 non

204 1631 396 1694 amplius
412 1631 632 1694 legionem
660 1633 859 1676 tironum
885 1632 1071 1678 haberet
1087 1650 1245 1691 unam,
1262 1635 1433 1695 equites
1453 1634 1525 1677 vix
1545 1649 1616 1679 Dc.

203 1713 564 1758 Tabernaculum
583 1713 828 1759 secundum
853 1714 954 1759 litus
974 1716 1121 1777 ipsum
1142 1717 1374 1760 constituit
1391 1725 1464 1773 ,ut
1481 1732 1620 1777 prope

204 1794 365 1840 fluctus
392 1795 656 1840 verberaret.
690 1798 786 1839 Hoc
824 1812 876 1840 eo
903 1796 1090 1840 consilio
1128 1796 1261 1853 fecit,
1299 1814 1354 1841 ne
1398 1798 1496 1857 quis
1537 1797 1619 1840 sibi

206 1893 340 1920 morae
369 1876 615 1938 quidquam
640 1877 733 1921 fore
757 1888 978 1939 speraret,
1014 1887 1058 1922 et
1088 1888 1137 1922 ut
1163 1894 1318 1923 omnes
1348 1879 1393 1922 in
1425 1878 1518 1922 dies
1542 1878 1620 1922 ho-

205 1974 365 2019 rasque
399 1958 543 2020 parati
570 1968 730 2003 essent.
760 1959 924 2003 Incidit
950 1976 1030 2021 per
1059 1958 1104 2003 id
1141 1968 1344 2022 tempus,
1376 1970 1426 2004 ut
1451 1969 1619 2020 tempe-

206 2049 341 2085 states
355 2039 411 2083 ad
435 2039 738 2102 navigandum
758 2039 939 2085 idoneas
964 2058 1055 2085 non
1080 2040 1290 2098 haberet,
1308 2040 1450 2086 nihilo
1474 2051 1620 2086 tamen

205 2120 353 2164 minus
384 2121 428 2165 in
457 2121 646 2165 navibus
680 2122 869 2184 remiges
898 2121 1148 2184 militesque
1173 2124 1424 2181 continere,
1458 2133 1501 2167 et
1525 2122 1624 2168 nul-

206 2202 292 2247 lam
320 2203 660 2264 praetermittere
687 2203 965 2248 occasionem
993 2202 1297 2266 profectionis.
1329 2205 1485 2262 Quum
1509 2222 1622 2267 prae-

205 2285 353 2328 sertim
385 2284 439 2328 ab
472 2282 628 2328 incolis
660 2285 756 2346 ejus
785 2286 1029 2346 provinciae
1071 2286 1389 2331 nuntiarentur
1420 2285 1623 2331 adversa-

205 2366 376 2409 riorum
413 2366 583 2426 copiae,
627 2367 853 2427 equitatus
891 2367 1093 2412 infinitus
1113 2403 1124 2424 ,
1162 2367 1356 2431 legiones
1385 2369 1517 2431 regiae
1551 2385 1624 2425 lv,

205 2444 313 2491 levis
346 2457 583 2492 armaturae
620 2464 783 2509 magna
818 2450 906 2506 vis,
951 2450 1171 2512 Scipionis
1213 2449 1411 2512 legiones
1448 2467 1498 2506 x,
1537 2449 1625 2494 ele-

206 2529 362 2590 phanti
393 2546 507 2586 cxx,
539 2528 787 2591 classesque
813 2547 906 2576 esse
932 2529 1212 2593 complures,
1250 2542 1400 2576 tamen
1435 2548 1526 2575 non
1550 2530 1625 2574 de-

207 2612 484 2669 terrebatur,
509 2613 750 2673 animoque
780 2623 823 2657 et
853 2630 929 2675 spe
946 2613 1216 2659 confidebat.
1251 2614 1437 2658 Interim
1468 2614 1513 2657 in
1532 2612 1625 2657 dies

209 2702 251 2735 et
280 2710 412 2738 naves
437 2693 583 2755 longae
611 2693 849 2756 adaugeri,
878 2705 921 2739 et
951 2696 1163 2740 onerariae
1192 2694 1444 2757 complures
1469 2693 1624 2739 eodem
