1972 3356
617 268 684 302 DE
721 268 881 302 BELLO
915 267 1190 303 AFRICANO.
1524 266 1598 316 259

199 350 392 395 hostium
430 351 577 412 copias
615 351 669 395 ab
706 368 749 395 se
793 368 960 411 suoque
998 352 1180 412 vestigio
1212 368 1299 396 non
1332 351 1597 397 discessuras

194 432 486 476 existimabat.
514 434 658 492 Atque
685 441 782 492 post
809 431 922 475 diem
948 432 1124 475 tertium
1155 431 1392 492 productas
1423 449 1599 478 accura-

198 513 283 557 tius
313 529 413 557 suas
446 512 596 573 copias
621 512 734 555 sicut
760 513 1055 566 instruxerat,
1083 521 1266 572 propter
1301 512 1496 558 hostium
1524 531 1596 558 ca-

197 603 288 638 stra
317 603 678 655 praetergressus,
713 608 839 652 aequo
877 590 974 635 loco
1005 592 1163 635 invitat
1196 591 1250 635 ad
1278 592 1595 639 dimicandum.

195 676 432 734 Postquam
452 689 524 717 eos
548 673 789 716 abhorrere
816 671 957 728 videt,
981 670 1153 716 reducit
1175 672 1256 717 sub
1283 689 1513 735 vesperum
1539 675 1598 720 le-

196 756 346 816 giones
370 755 416 797 in
441 762 598 798 castra.

256 836 462 879 LXXIV.
490 834 645 895 Legati
675 835 851 878 interim
875 851 927 878 ex
955 834 1121 896 oppido
1153 837 1323 890 Vacca,
1352 836 1471 897 quod
1502 836 1599 881 fini-

193 917 349 960 timum
377 916 458 960 fuit
484 919 598 960 Zetae
616 949 627 969 ,
659 916 784 976 cujus
813 917 1031 960 Caesarem
1062 917 1253 977 potitum
1282 933 1374 961 esse
1412 917 1596 963 demon-

193 998 454 1052 stravimus,
473 998 678 1052 veniunt3
702 1006 856 1058 petunt
882 1006 925 1041 et
949 997 1207 1051 obsecrant,
1231 1009 1315 1043 «ut
1344 999 1425 1043 sibi
1453 1002 1598 1061 praesi-

192 1079 313 1135 dium
336 1079 504 1134 mittat3
532 1095 575 1122 se
598 1094 665 1122 res
687 1076 962 1139 complures,
985 1095 1082 1140 quae
1100 1078 1227 1123 utiles
1252 1078 1368 1124 bello
1391 1081 1479 1125 sint
1494 1116 1504 1136 ,
1520 1081 1598 1125 ad-

191 1161 533 1204 ministraturos.
576 1179 596 1200 >³
639 1162 723 1204 Per
756 1158 870 1204 idem
906 1170 1105 1221 tempus,
1139 1160 1325 1205 deorum
1370 1161 1598 1207 voluntate

192 1242 427 1302 studioque
453 1258 555 1303 erga
578 1243 814 1297 Caesarem,
842 1241 1068 1303 transfuga
1099 1259 1200 1286 snos
1229 1243 1344 1286 cives
1370 1243 1474 1288 facit
1500 1260 1596 1288 cer-

191 1324 340 1367 tiores.
369 1343 389 1364 «
404 1323 561 1367 Jubam
580 1340 727 1385 regem
745 1322 944 1367 celeriter
954 1340 1055 1367 cum
1076 1324 1215 1385 copiis
1233 1325 1343 1380 suis,
1360 1335 1597 1386 antequam

190 1405 374 1449 Caesaris
404 1403 655 1466 praesidium
681 1421 732 1448 eo
759 1405 1033 1466 perveniret,
1061 1404 1116 1449 ad
1137 1405 1352 1467 oppidum
1377 1406 1596 1450 adcucur-

190 1486 298 1530 risse
314 1521 325 1543 ,
354 1496 511 1547 atque,
537 1485 801 1530 adveniente
818 1485 1107 1530 multitudine
1128 1487 1401 1531 circumdata
1418 1523 1429 1543 ,
1453 1504 1504 1531 eo
1525 1504 1599 1549 po-

190 1567 320 1611 titum
344 1584 355 1625 ς
383 1567 677 1628 omnibusque
703 1567 796 1628 ejus
836 1567 987 1628 oppidi
1017 1567 1173 1612 incolis
1201 1568 1256 1612 ad
1286 1585 1424 1612 unum
1458 1570 1597 1613 inter-

189 1647 332 1706 fectis,
361 1647 531 1693 dedisse
559 1648 773 1711 oppidum
804 1648 1105 1710 diripiendum
1132 1648 1462 1711 delendumque
1489 1649 1599 1694 mili-

189 1729 322 1774 tibus.
349 1749 370 1771 ‚,

253 1813 436 1856 LXXV.
465 1813 611 1856 Caesar
636 1810 835 1867 interim,
864 1809 1051 1854 lustrato
1073 1812 1264 1855 exercitu
1285 1828 1323 1855 a.
1345 1812 1386 1855 d.
1419 1829 1484 1857 ΧΠ
1514 1812 1594 1857 cal.

188 1890 316 1954 april.
346 1901 526 1953 postero
552 1892 621 1935 die
650 1890 879 1953 productis
904 1892 1122 1936 universis
1149 1893 1311 1953 copiis,
1337 1910 1597 1955 progressus

188 1990 213 2018 a
236 1974 325 2018 suis
353 1974 507 2018 castris
537 1972 674 2017 millia
701 1989 911 2034 passuum
947 1989 998 2027 V,
1038 1989 1061 2017 a
1103 1974 1321 2035 Scipionis
1355 1975 1531 2019 circiter
1562 1992 1595 2020 11

189 2054 378 2100 millium
418 2055 651 2117 interjecto
686 2056 852 2116 spati0,
894 2055 938 2098 in
978 2056 1071 2099 acie
1105 2056 1317 2100 constitit.
1354 2058 1595 2118 Postquam

189 2137 294 2181 satis
317 2136 482 2198 diuque
511 2136 807 2193 adversarios,
834 2153 857 2180 a
884 2153 928 2180 se
952 2136 1005 2181 ad
1037 2136 1340 2181 dimicandum
1364 2138 1595 2195 invitatos,

190 2217 479 2279 supersedere
501 2235 662 2279 pugnae
683 2217 1014 2275 animadvertit,
1039 2217 1210 2262 reducit
1228 2220 1391 2281 copias.
1415 2221 1597 2264 Postero

190 2299 262 2343 die
281 2309 423 2344 castra
452 2309 600 2344 movet
616 2335 627 2355 ,
654 2310 786 2360 atque
814 2301 894 2344 iter
921 2299 976 2344 ad
1000 2299 1216 2361 oppidum
1238 2302 1470 2345 Sarsuram
1487 2337 1498 2357 ,
1521 2301 1596 2344 ubi

190 2382 340 2443 Scipio
363 2381 662 2427 Numidarum
689 2381 881 2426 habebat
918 2381 1193 2443 praesidium,
1235 2382 1597 2443 frumentumque

190 2471 546 2525 comportaverat
570 2497 581 2519 ,
614 2464 676 2506 ire
704 2463 948 2507 contendit.
979 2462 1113 2521 Quod
1145 2463 1220 2506 ubi
1248 2463 1474 2508 Labienus
1503 2464 1597 2507 ani-

190 2543 450 2602 madvertit,
478 2560 579 2588 cum
605 2545 805 2605 equitatu
835 2543 1010 2606 levique
1044 2555 1268 2589 armatura
1311 2561 1468 2607 agmen
1503 2545 1596 2605 ejus

191 2633 439 2671 extremum
470 2642 654 2688 carpere
683 2627 848 2688 coepit:
885 2637 1019 2688 atque
1061 2629 1120 2671 ita
1158 2626 1345 2670 lixarum
1385 2636 1597 2671 mercato-

191 2723 401 2768 rumque,
423 2708 500 2769 qui
524 2707 730 2769 plaustris
755 2725 921 2754 merces
946 2709 1206 2771 portabant,
1229 2709 1482 2769 interceptis
1503 2725 1594 2751 sar-

1296 2806 1364 2851 17.
