1972 3356
611 254 677 288 DE
713 253 875 290 BELLO
905 253 1059 289 CIVILI
1089 255 1180 292 LIB.
1213 255 1260 290 11.
1593 252 1642 289 65

239 346 331 381 tute
355 336 547 383 militum
580 338 702 382 brevi
737 340 1082 383 reconcinnatur
1107 356 1116 382 t
1143 348 1303 400 portae,
1339 338 1500 400 quibus
1535 336 1642 382 locis

237 418 431 474 videtur,
457 420 702 481 eruptionis
727 437 859 464 causa
884 421 929 463 in
957 436 1086 464 muro
1110 419 1439 481 relinquuntur.

302 502 422 545 XVI.
451 500 587 558 Quod
613 500 689 544 ubi
718 501 865 544 hostes
898 499 1132 557 viderunt,
1163 516 1234 556 ea,
1262 517 1358 561 quae
1388 501 1465 546 diu
1493 500 1644 563 longo-

237 597 323 642 que
345 582 484 642 spatio
506 581 625 624 refici
645 597 733 624 non
759 597 886 642 posse
905 590 1175 641 sperassent,
1198 597 1447 641 paucorum
1468 582 1641 627 dierum

237 678 372 724 opera
418 672 461 706 et
492 661 644 706 labore
682 663 740 705 ita
771 661 963 718 refecta,
1000 672 1049 705 ut
1085 660 1232 705 nullus
1263 661 1461 723 perfidiae
1499 680 1643 723 neque

237 743 461 805 eruptioni
485 741 607 787 locus
622 752 754 798 esset,
780 759 922 803 neque
949 741 1194 803 quidquam
1217 742 1400 788 omnino
1418 742 1642 804 relinque-

237 834 381 881 retur,
420 840 508 885 quo
545 833 621 868 aut
647 825 689 867 vi
715 822 955 881 militibus,
987 833 1065 868 aut
1091 824 1182 885 igni
1209 824 1448 885 operibus,
1488 825 1638 868 noceri

238 914 407 967 posset3
434 904 676 966 eodemque
702 904 905 966 exemplo
933 906 1151 963 sentiunt,
1177 914 1317 949 totam
1343 905 1526 963 urbem,
1551 922 1637 966 qua

237 987 291 1030 sit
320 985 463 1031 aditus
491 986 544 1031 ab
574 996 716 1042 terra,
748 1003 876 1030 muro
904 987 1191 1047 turribusque
1222 987 1448 1031 circumiri
1480 1003 1635 1048 posse,

238 1068 322 1124 sic,
349 1077 399 1112 ut
424 1068 529 1129 ipsis
557 1068 823 1113 consistendi
854 1069 899 1112 in
928 1068 1017 1112 suis
1047 1068 1370 1113 munitionibus
1398 1068 1520 1113 locus
1551 1085 1640 1112 non

237 1158 369 1204 esset,
396 1166 536 1210 quum
561 1166 684 1212 paene
713 1150 977 1194 inaedificata
1003 1151 1047 1194 in
1074 1151 1212 1194 muris
1243 1150 1298 1194 ab
1336 1151 1533 1195 exercitu
1558 1167 1639 1194 no-

238 1238 329 1273 stro
348 1231 509 1274 moenia
533 1230 805 1287 viderentur,
832 1248 882 1275 ac
908 1229 996 1275 tela
1019 1247 1154 1275 manu
1180 1231 1522 1292 conjicerentur,
1544 1248 1641 1275 suo·

238 1328 426 1372 rumque
441 1322 765 1357 tormentorum
784 1330 934 1370 usum,
952 1313 1112 1374 quibus
1136 1313 1219 1374 ipsi
1247 1329 1408 1374 magna
1430 1313 1641 1376 speravis-

238 1403 353 1451 sent,
384 1395 526 1456 spatio
554 1395 900 1456 propinquitatis
929 1394 1135 1448 interire,
1170 1393 1353 1454 parique
1381 1393 1639 1438 conditione

238 1491 291 1518 ex
325 1491 454 1518 muro
487 1492 536 1519 ac
571 1475 766 1519 turribus
801 1473 996 1518 bellandi
1033 1473 1158 1529 data,
1198 1475 1363 1518 virtute
1394 1491 1439 1518 se
1477 1475 1639 1518 nostris

236 1555 467 1616 adaequare
500 1572 590 1600 non
630 1573 758 1618 posse
792 1554 1066 1617 intelligunt,
1102 1554 1156 1598 ad
1190 1555 1362 1599 easdem
1403 1555 1639 1600 deditionis

235 1637 511 1682 conditiones
540 1647 790 1686 recurrunt.

299 1721 443 1764 XVII.
471 1722 533 1764 M.
550 1722 696 1764 Varro
716 1721 759 1764 in
780 1718 1008 1765 Ulteriore
1026 1720 1263 1781 Hispania,
1281 1720 1430 1776 initio,
1451 1720 1640 1782 cognitis

237 1802 288 1845 iis
312 1801 462 1858 rebus,
483 1817 580 1861 quae
604 1811 706 1845 sunt
731 1802 777 1844 in
801 1800 931 1844 Italia
955 1810 1108 1862 gestae,
1131 1800 1337 1844 diffidens
1357 1802 1638 1862 Pompeianis

237 1881 392 1939 rebus,
420 1882 682 1926 amicissime
711 1881 765 1925 de
792 1883 962 1926 Caesare
987 1880 1254 1942 loquebatur
1276 1898 1285 1925 ε
1314 1900 1334 1922 «
1357 1898 1639 1944 praeoccupa-

239 1972 334 2007 tum
368 1979 460 2006 sese
492 1961 709 2024 legatione
742 1962 797 2006 ab
824 1963 907 2007 Cn.
936 1962 1172 2023 Pompeio,
1200 1963 1338 2006 teneri
1372 1963 1634 2008 obstrictum

239 2043 324 2089 fide
353 2061 363 2088 ε
395 2043 760 2089 necessitudinem
791 2043 969 2105 quidem
1000 2043 1082 2088 sibi
1115 2042 1255 2088 nihilo
1285 2045 1503 2089 minorem
1534 2061 1635 2089 cum

240 2128 410 2171 Caesare
437 2125 736 2182 intercedere;
760 2141 903 2186 neque
932 2142 976 2170 se
1001 2125 1227 2187 ignorare,
1255 2125 1376 2187 quod
1405 2135 1518 2170 esset
1546 2126 1638 2170 offi-

239 2208 356 2252 cium
400 2206 552 2270 legati,
594 2207 671 2268 qui
711 2206 986 2251 fiduciariam
1026 2223 1208 2268 operam
1250 2206 1493 2265 obtineret,
1539 2224 1636 2269 quae

240 2289 353 2333 vires
373 2305 480 2345 suae,
498 2306 593 2350 quae
612 2287 816 2332 voluntas
831 2305 934 2351 erga
953 2290 1172 2333 Caesarem
1188 2289 1324 2333 totius
1338 2289 1597 2334 Provinciae.
1618 2309 1638 2329 υ

239 2373 341 2415 Haec
359 2370 564 2415 omnibus
582 2369 747 2414 ferebat
765 2369 1067 2426 sermonibus;
1088 2386 1232 2431 neque
1254 2386 1298 2414 se
1317 2370 1362 2414 in
1378 2369 1514 2415 ullam
1535 2387 1638 2432 par·

242 2461 329 2496 tem
353 2452 574 2496 movebat.
597 2454 754 2496 Postea
774 2467 900 2509 vero,
918 2468 1054 2512 quum
1081 2453 1299 2496 Caesarem
1317 2451 1372 2495 ad
1395 2451 1637 2496 Massiliam

241 2532 429 2577 detineri
467 2534 703 2594 cognovit,
735 2533 886 2594 copias
920 2532 1080 2577 Petreii
1107 2549 1210 2577 cum
1244 2533 1440 2577 exercitu
1468 2532 1638 2577 Afranii

244 2631 337 2659 esse
360 2615 640 2676 conjunctas,
678 2630 839 2676 magna
867 2613 1029 2659 auxilia
1055 2614 1333 2671 convenisse,
1359 2630 1519 2675 magna
1546 2629 1639 2657 esse

245 2694 290 2738 in
309 2712 384 2758 spe
403 2705 535 2757 atque
553 2696 819 2759 exspectari,
840 2705 884 2740 et
906 2696 1156 2741 consentire
1177 2711 1353 2739 omnem
1375 2695 1638 2740 Citeriorem

438 2794 482 2822 11.
1429 2774 1455 2820 5
