1972 3356
550 265 616 300 DE
645 266 808 301 BELLO
841 266 1065 301 GALLICO
1096 267 1187 302 LIB.
1215 267 1305 301 VIII
1563 267 1637 309 245-

228 348 473 394 multorum
502 350 603 394 fidei
638 368 680 395 se
714 352 1045 408 committebat,
1075 351 1196 413 quod
1221 368 1441 412 nusquam
1469 351 1636 396 diutius

229 432 322 475 sine
354 430 552 493 periculo
581 442 935 476 commoraturus
960 432 1216 490 videbatur,
1252 449 1390 493 quum
1422 432 1504 477 sibi
1530 449 1636 477 con-

230 514 342 557 scius
374 525 487 557 esset
519 530 651 573 quam
685 514 918 556 inimicum
945 513 1127 558 deberet
1167 516 1387 559 Caesarem
1420 513 1636 577 habere),

229 594 346 638 hunc
367 596 641 655 Epasnactus
655 596 902 651 Arvernus,
926 595 1221 639 amicissimus
1242 593 1394 656 populi
1439 596 1636 652 romani,

230 675 322 719 sine
347 675 622 719 dubitatione
651 674 741 719 ulla
766 676 967 719 vinctum
993 674 1048 719 ad
1073 677 1292 720 Caesarem
1319 675 1514 720 deduxit.

291 758 430 800 XLV.
455 756 676 800 Labienus
700 756 880 800 interim
907 757 951 800 in
976 757 1172 800 Treviris
1197 767 1402 817 equestre
1428 756 1636 817 proelium

227 837 470 881 secundum
499 837 625 893 facit3
654 836 1053 899 compluribusque
1075 837 1270 882 Treviris
1301 838 1566 896 interfectis,
1595 849 1639 882 et

231 919 486 975 Germanis⁷
512 919 586 980 qui
614 917 725 964 nulli
759 919 971 963 adversus
994 921 1222 963 Romanos
1252 918 1418 963 auxilia
1445 918 1638 981 denega-

225 1000 357 1056 bant,
378 1001 601 1062 principes
622 1017 777 1044 eorum
802 1002 926 1044 vivos
946 1001 990 1043 in
1012 1017 1138 1044 suam
1159 999 1334 1062 redegit
1352 1009 1637 1061 potestatem,

226 1091 357 1142 atque
395 1083 439 1125 in
476 1082 526 1126 iis
562 1083 725 1126 Surum
769 1081 981 1137 AEduum,
1012 1083 1087 1142 qui
1124 1091 1167 1125 et
1201 1081 1378 1125 virtutis
1403 1091 1446 1125 et
1467 1082 1638 1143 generis

227 1179 445 1207 summam
478 1161 755 1207 nobilitatem
779 1163 991 1219 habebat,
1024 1160 1232 1222 solusque
1259 1179 1311 1206 ex
1341 1162 1496 1208 AEduis
1519 1162 1573 1206 ad
1594 1162 1638 1206 id

228 1253 402 1305 tempus
421 1254 724 1305 permanserat
753 1245 798 1287 in
816 1245 963 1288 armis.

292 1328 454 1371 XLVI.
479 1328 542 1370 Ea
563 1343 609 1370 re
629 1326 807 1387 cognita
822 1360 833 1382 ⁷
855 1328 1020 1383 Caesar,
1040 1343 1179 1387 quum
1204 1328 1247 1370 in
1267 1328 1477 1371 omnibus
1501 1328 1637 1388 parti-

227 1407 308 1451 bus
329 1406 487 1451 Galliae
503 1406 616 1451 bene
643 1423 712 1451 res
740 1417 882 1469 gestas
903 1406 1093 1463 videret,
1111 1407 1420 1468 judicaretque
1447 1409 1640 1468 superio-

228 1489 350 1532 ribus
374 1490 534 1533 aestivis
556 1487 749 1533 Galliam
771 1488 989 1532 devictam
1009 1499 1050 1533 et
1069 1489 1297 1533 subactam
1320 1506 1435 1545 esse,
1457 1491 1640 1550 Aquita-

229 1571 345 1615 niam
370 1587 600 1630 nunquam
623 1571 714 1631 ipse
737 1569 920 1623 adisset,
940 1570 1016 1614 sed
1038 1586 1116 1631 per
1139 1573 1187 1615 P.
1210 1572 1421 1615 Crassum
1446 1570 1637 1631 quadam

228 1669 281 1696 ex
299 1662 424 1714 parte
449 1652 702 1707 devicisset,
726 1669 827 1696 cum
851 1667 883 1695 11
910 1650 1159 1713 legionibus
1183 1653 1228 1695 in
1254 1669 1351 1696 eam
1376 1662 1546 1713 partem
1573 1663 1639 1697 est

227 1733 470 1796 profectus,
504 1744 552 1778 ut
582 1734 641 1777 ibi
672 1744 919 1778 extremum
951 1743 1127 1795 tempus
1157 1744 1442 1778 consumeret
1468 1735 1638 1778 aestivo-

226 1832 339 1859 rum.
365 1817 515 1874 Quam
535 1832 652 1871 rem,
676 1816 790 1859 sicut
809 1825 975 1871 cetera,
1004 1813 1210 1859 celeriter
1227 1813 1504 1876 feliciterque
1530 1832 1636 1860 con-

226 1896 342 1941 fecit.
366 1898 573 1957 Namque
594 1913 746 1941 omnes
768 1896 1017 1956 Aquitaniae
1043 1896 1240 1939 civitates
1263 1895 1430 1957 legatos
1455 1897 1511 1941 ad
1535 1914 1636 1942 eum

228 1978 467 2034 miserunt,
499 1977 760 2038 obsidesque
790 1977 827 2020 ei
856 1976 1088 2021 dederunt.
1119 1977 1296 2034 Quibus
1322 1978 1453 2022 rebus
1482 1980 1634 2040 gestis,

229 2059 320 2119 ipse
358 2076 459 2103 cum
498 2062 697 2121 equitum
740 2060 942 2121 praesidio
983 2060 1241 2104 Narbonem
1286 2059 1508 2120 profectus
1549 2071 1634 2115 est;

231 2142 472 2184 exercitum
494 2158 574 2202 per
599 2141 765 2203 legatos
788 2143 831 2185 in
855 2141 1040 2185 hiberna
1065 2141 1268 2197 deduxi13
1296 2157 1342 2186 1v
1366 2140 1562 2202 legiones
1589 2143 1634 2186 in

230 2219 382 2282 Belgio
417 2221 652 2266 collocavit
684 2239 784 2266 cum
812 2223 874 2266 M.
906 2223 1126 2276 Antonio,
1164 2232 1204 2266 et
1236 2224 1284 2267 C.
1316 2223 1561 2277 Trebonio,
1592 2234 1635 2267 et

228 2303 275 2345 P.
302 2303 508 2359 Vatinio,
535 2313 576 2347 et
599 2304 654 2361 Q.
686 2301 856 2360 Tullio,
886 2302 1063 2365 legati53
1089 2303 1196 2348 duas
1225 2305 1269 2347 in
1300 2303 1465 2349 AEduos
1492 2305 1632 2358 misit,

228 2399 419 2443 quorum
469 2385 514 2427 in
557 2386 678 2428 omni
724 2382 868 2428 Gallia
922 2401 1141 2429 summam
1187 2402 1278 2429 esse
1323 2387 1631 2430 auctoritatem

229 2464 413 2520 sciebat3
438 2465 546 2509 duas
570 2466 615 2509 in
638 2467 836 2510 Turones
861 2466 915 2509 ad
938 2465 1046 2510 fines
1069 2468 1318 2511 Carnutum
1344 2469 1511 2527 posuit,
1535 2484 1632 2528 quae

227 2563 404 2590 onmem
431 2549 657 2608 regionem
682 2548 963 2608 conjunctam
988 2551 1168 2594 Oceano
1194 2549 1500 2606 continerent3
1522 2549 1630 2594 duas

227 2626 420 2689 reliquas
459 2629 503 2672 in
534 2629 824 2673 Lemovicum
861 2629 990 2685 fines,
1022 2647 1111 2673 non
1146 2628 1277 2691 longe
1311 2630 1365 2674 ab
1398 2632 1628 2685 Arvernis,

229 2724 282 2752 ne
310 2726 395 2769 qua
417 2727 517 2771 pars
543 2709 699 2755 Galliae
723 2728 857 2755 vacua
888 2711 941 2754 ab
969 2713 1166 2756 exercitu
1191 2722 1315 2756 esset.
1341 2713 1508 2757 Paucos
1537 2712 1626 2756 dies
