1972 3356
308 268 328 301 6
521 272 558 303 C.
592 269 716 303 JULII
747 266 960 301 CAEsAulS
991 265 1474 302 COMMENTARIORUM

309 352 416 396 fines
448 355 750 411 Sequanorum
783 350 836 392 ab
867 348 1078 392 Helvetiis
1106 347 1286 402 dividit,
1316 348 1451 392 millia
1480 365 1684 409 passuum

308 430 457 474 decem
470 446 626 473 novem
639 446 834 486 ,murum
853 430 896 472 in
911 428 1189 472 altitudinem
1202 427 1364 488 pedum
1380 428 1586 483 sedecim,
1601 428 1686 472 fos-

308 526 486 569 samque
508 509 725 570 perducit.
756 511 820 553 Eo
849 526 980 570 opere
1003 508 1224 569 perfecto,
1254 509 1453 568 praesidia
1474 508 1686 569 disponit,

309 589 484 633 castella
497 590 763 645 communit,
788 605 876 650 quo
899 588 1069 633 facilius
1085 624 1097 644 ,
1128 591 1162 633 si
1183 606 1226 633 se
1249 589 1386 632 invito
1411 590 1595 632 transire
1617 605 1687 632 co-

308 679 538 724 narentur,
555 670 785 730 prohibere
801 670 949 730 possit.
977 670 1065 714 Ubi
1086 686 1136 713 ea
1158 669 1274 725 dies,
1294 684 1426 729 quam
1449 669 1686 712 constitue-

305 759 374 792 rat
398 765 497 793 cum
512 749 664 811 legatis
678 785 688 804 ,
714 751 857 806 venit,
881 759 924 793 et
946 748 1076 810 legati
1093 749 1148 793 ad
1168 766 1268 792 eum
1288 758 1588 805 reverterunt,
1613 765 1688 793 ne-

305 839 398 889 gat,
427 846 472 873 se
499 846 622 873 more
654 839 698 873 et
731 829 927 889 exemplo
964 828 1117 890 populi
1148 829 1318 872 romani
1348 845 1472 889 posse
1504 828 1587 872 iter
1609 827 1687 871 ulli

308 926 383 970 per
395 910 672 953 Provinciam
702 909 828 964 dare,
854 919 898 952 et
918 910 952 953 si
972 909 1060 953 vim
1084 909 1225 953 facere
1240 919 1478 966 conentur,
1494 909 1689 969 prohibi-

305 999 454 1033 turum
482 989 688 1033 ostendit.
723 988 938 1046 Helvetii,
975 1006 1023 1033 ea
1052 1006 1128 1050 spe
1149 989 1330 1050 dejecti,
1356 990 1539 1032 navibus
1562 989 1689 1049 junc-

305 1070 382 1125 tis,
418 1070 674 1130 ratibusque
704 1069 1006 1130 compluribus
1040 1069 1182 1124 factis,
1212 1068 1285 1112 alii
1308 1069 1430 1112 vadis
1458 1068 1687 1123 Rhodani,

304 1166 390 1209 qua
414 1150 598 1193 minima
626 1149 814 1194 altitudo
842 1150 1035 1193 fluminis
1064 1158 1176 1205 erat,
1206 1165 1523 1209 nonnunquam
1553 1149 1688 1192 inter-

304 1228 406 1286 diu,
430 1231 586 1290 saepius
614 1240 770 1286 noctu,
795 1231 829 1274 si
858 1244 1145 1290 perrumpere
1175 1238 1370 1289 possent,
1397 1229 1560 1285 conati,
1589 1245 1690 1288 ope-

304 1310 363 1352 ris
391 1310 637 1354 munitione
666 1320 708 1353 et
735 1308 926 1353 militum
956 1325 1173 1353 concursu
1207 1319 1248 1352 et
1276 1307 1368 1351 telis
1392 1307 1582 1368 repulsi,
1606 1308 1690 1352 hoc

304 1399 461 1432 conatu
483 1390 758 1433 destiterunt.

368 1471 445 1512 IX.
465 1468 816 1529 Relinquebatur
836 1486 923 1513 una
943 1486 1019 1530 per
1036 1472 1259 1530 Sequanos
1278 1471 1346 1512 via
1359 1504 1370 1525 ,
1393 1485 1502 1529 qua,
1527 1470 1689 1529 Sequa-

305 1550 369 1592 nis
394 1550 561 1605 invitis,
584 1560 763 1610 propter
784 1551 1005 1610 angustias
1023 1551 1085 1594 ire
1111 1567 1197 1594 non
1220 1559 1437 1610 poterant.
1455 1550 1532 1593 His
1554 1566 1691 1609 quum

304 1645 380 1672 sua
399 1639 554 1689 sponte
572 1630 835 1690 persuadere
857 1647 944 1674 non
968 1641 1166 1691 possent,
1197 1629 1359 1691 legatos
1380 1629 1434 1672 ad
1449 1630 1691 1674 Dumnori-

305 1726 403 1769 gem
418 1709 610 1753 AEduum
630 1711 835 1765 mittunt,
860 1720 973 1754 uteo
988 1710 1274 1771 deprecatore
1289 1727 1310 1754 a
1327 1711 1540 1770 Sequanis
1555 1710 1691 1770 impe-

306 1799 485 1833 trarent.
516 1791 766 1834 Dumnorix
801 1792 941 1852 gratia
977 1801 1021 1834 et
1061 1790 1291 1851 largitione
1319 1789 1436 1849 apud
1466 1791 1691 1848 Sequanos

305 1868 546 1929 plurimum
573 1879 763 1930 poterat,
788 1880 831 1914 et
853 1870 1065 1915 Helvetiis
1088 1880 1179 1914 erat
1209 1871 1393 1924 amicus,
1421 1869 1539 1929 quod
1568 1885 1619 1912 ex
1642 1885 1690 1911 ea

304 1950 479 1993 civitate
509 1951 783 2011 Orgetorigis
810 1949 944 1994 filiam
971 1951 1015 1993 in
1046 1951 1378 1994 matrimonium
1401 1949 1605 2003 duxerat,
1629 1958 1690 2004 et,

305 2029 545 2090 cupiditate
565 2032 687 2092 regni
707 2031 941 2088 adductus,
966 2032 1091 2075 novis
1112 2031 1239 2074 rebus
1259 2029 1479 2086 studebat,
1497 2039 1539 2073 et
1559 2046 1690 2089 quam

307 2108 516 2169 plurimas
535 2111 733 2155 civitates
756 2128 834 2156 suo
853 2112 932 2156 sibi
953 2111 1166 2155 beneficio
1188 2111 1346 2154 habere
1371 2110 1602 2153 obstrictas
1616 2125 1692 2153 vo-

308 2189 434 2234 lebat.
471 2192 624 2251 Itaque
661 2209 752 2235 rem
786 2192 987 2252 suscipit,
1021 2201 1063 2235 et
1093 2208 1116 2234 a
1143 2191 1354 2251 Sequanis
1390 2191 1615 2250 impetrat,
1644 2199 1692 2233 ut

307 2287 381 2329 per
406 2271 512 2315 fines
539 2289 638 2316 suos
653 2271 878 2316 Helvetios
899 2273 961 2316 ire
985 2273 1227 2332 patiantur3
1250 2271 1510 2330 obsidesque
1533 2271 1598 2314 uti
1627 2271 1690 2312 in-

309 2360 370 2393 ter
383 2367 473 2395 sese
488 2352 596 2396 dent
611 2388 622 2408 ,
646 2353 818 2414 perficit
838 2370 846 2396 ς
863 2352 1078 2412 Sequani,
1095 2368 1149 2394 ne
1173 2352 1329 2394 itinere
1348 2349 1570 2395 Helvetios
1592 2366 1691 2410 pro-

308 2431 502 2488 hibeant3
526 2431 738 2490 Helvetii,
766 2443 815 2476 ut
840 2433 931 2476 sine
961 2431 1175 2476 maleficio
1199 2440 1242 2474 et
1267 2432 1425 2492 injuria
1453 2439 1687 2474 transeant.

367 2514 420 2555 X.
453 2514 612 2557 Caesari
646 2514 952 2570 renunciatur,
982 2512 1192 2557 Helvetiis
1222 2529 1313 2556 esse
1347 2513 1389 2554 in
1417 2513 1581 2565 animo,
1614 2526 1689 2569 per

306 2608 458 2651 agrum
484 2596 786 2653 Sequanorum
811 2605 854 2638 et
877 2593 1119 2638 AEduorum
1144 2595 1225 2637 itcr
1249 2594 1293 2636 in
1318 2595 1558 2636 Santonum
1583 2590 1689 2634 fines

308 2671 467 2727 facere,
499 2674 571 2733 qui
599 2691 685 2717 non
711 2674 839 2735 longe
863 2693 885 2718 a
908 2674 1180 2718 Tolosatium
1209 2674 1367 2716 finibus
1391 2672 1569 2720 absunt,
1595 2688 1688 2730 quae

1954 723 1955 726 Α
1953 663 1969 681 ,ζ
1952 560 1966 658 ὐ-,--
1957 526 1960 531 -
