1972 3356
309 269 380 312 184
519 269 559 304 C.
589 266 718 302 JULII
748 263 966 300 CAESARIS
997 259 1483 298 COMMENTARIORUM

304 362 448 415 gerat,
472 352 614 412 prima
641 349 738 393 luce
761 347 958 409 quotidie
981 345 1037 390 ad
1061 363 1106 390 se
1124 344 1308 406 jubebat
1337 341 1595 397 convenire,
1625 358 1700 385 seu

304 432 411 494 quid
440 429 881 484 communicandum,
911 444 987 472 seu
1016 425 1122 487 quid
1151 421 1549 469 administrandum
1584 421 1702 465 vide-

306 523 456 557 retur:
479 528 623 573 neque
643 509 779 555 ullam
803 509 892 554 fere
917 508 1032 552 diem
1055 505 1394 561 intermittebat,
1419 503 1526 564 quin
1546 518 1702 563 eques-

306 595 364 638 tri
396 592 573 655 proelio,
606 591 846 653 interjectis
881 589 1145 652 sagittariis,
1178 586 1284 648 quid
1306 588 1349 629 in
1383 599 1559 645 quoque
1591 592 1704 626 esset

305 675 442 720 animi
464 691 514 719 ac
542 674 719 718 virtutis
742 689 943 729 suorum,
973 669 1313 733 periclitaretur.
1344 668 1452 711 Erat
1475 682 1497 708 e
1524 664 1704 726 regione

306 755 461 817 oppidi
478 753 601 800 collis
619 754 700 799 sub
715 754 819 815 ipsis
839 752 1062 797 radicibus
1082 750 1262 801 montis,
1292 747 1467 810 egregie
1484 745 1702 801 munitus,

307 847 438 898 atque
465 852 516 880 ex
537 836 658 880 omni
683 844 807 897 parte
831 833 1116 879 circumcisus
1142 832 1293 893 (quem
1317 829 1353 873 si
1376 836 1579 873 tenerent
1607 842 1706 870 nos-

307 919 386 975 tri,
414 928 457 962 et
480 934 603 978 aquae
626 933 786 978 magna
813 925 939 977 parte
967 924 1010 959 et
1038 911 1323 975 pabulatione
1345 909 1483 954 libera
1507 907 1704 970 prohibi-

308 999 398 1043 turi
425 999 573 1044 hostes
600 997 886 1052 videbantur;
915 995 989 1041 sed
1014 996 1049 1038 is
1074 994 1195 1038 locus
1225 991 1427 1054 praesidio
1454 991 1507 1034 ab
1538 990 1588 1033 iis
1616 1006 1704 1032 non

310 1081 440 1125 nimis
466 1080 594 1124 firmo
619 1078 873 1139 tenebatur)
899 1095 907 1121 :
931 1087 1076 1121 tamen
1098 1074 1273 1119 silentio
1299 1074 1440 1117 noctis
1456 1075 1627 1128 Caesar,
1654 1087 1706 1115 cx

309 1162 462 1206 castris
496 1177 714 1223 egressus,
748 1161 870 1221 prius
892 1175 1026 1219 quam
1062 1155 1255 1201 subsidio
1285 1172 1337 1199 ex
1369 1152 1533 1215 oppido
1566 1152 1707 1196 veniri

311 1251 477 1304 posset,
504 1241 675 1302 dejecto
703 1239 925 1302 praesidio,
948 1239 1114 1301 potitus
1140 1237 1260 1293 loco,
1287 1236 1394 1280 duas
1420 1236 1479 1279 ibi
1513 1233 1708 1296 legiones

310 1321 566 1379 collocavit,
592 1322 842 1383 fossamque
863 1320 1084 1383 duplicem
1106 1318 1363 1364 duodenum
1388 1316 1550 1379 pedum
1573 1332 1597 1359 a
1616 1331 1709 1359 ma-

307 1403 476 1464 joribus
500 1404 653 1448 castris
677 1403 732 1447 ad
756 1404 928 1447 minora
955 1401 1182 1464 perduxit,
1209 1410 1255 1444 ut
1281 1409 1377 1444 tuto
1394 1399 1448 1443 ab
1477 1397 1709 1459 repentino

310 1484 505 1528 hostium
529 1485 707 1528 incursu
733 1485 862 1528 etiam
887 1483 1049 1544 singuli
1063 1499 1311 1527 commeare
1336 1490 1530 1543 possent.

375 1566 607 1610 XXXVII.
648 1567 769 1610 Dum
804 1561 895 1609 haze
931 1564 987 1609 ad
1021 1564 1292 1626 Gergoviam
1328 1572 1564 1624 geruntur,
1599 1563 1712 1606 Con-

310 1644 579 1690 victolitanis
604 1645 792 1701 AEduus,
819 1646 889 1690 cui
914 1646 1223 1707 magistratum
1246 1643 1546 1705 adjudicatum
1571 1660 1594 1687 a
1622 1644 1711 1687 Ca:-

312 1742 407 1770 sare
439 1725 858 1783 demonstravimus,
888 1726 1146 1771 sollicitatus
1177 1726 1230 1770 ab
1265 1726 1477 1770 Arvernis
1503 1724 1710 1785 pecunia,

313 1823 413 1850 cum
434 1807 698 1868 quibusdam
722 1806 1078 1852 adolescentibus
1102 1806 1389 1867 colloquitur,
1409 1822 1600 1866 quorum
1621 1815 1714 1849 crat

314 1887 519 1949 prinecps
543 1889 788 1944 Litavicus,
815 1899 948 1948 atque
973 1888 1065 1949 ejus
1092 1887 1269 1944 fratres,
1293 1885 1563 1947 amplissima
1591 1885 1715 1930 fami-

313 1967 368 2013 lia
404 1970 495 2013 nati
535 1969 846 2015 adolescentes.
885 1972 998 2016 Cum
1032 1970 1084 2013 iis
1126 1969 1356 2031 praemium
1393 1967 1713 2024 communicat,

313 2050 603 2112 hortaturque
624 2067 716 2107 eos,
739 2071 758 2092 «
780 2061 827 2096 ut
845 2068 889 2095 se
911 2049 1071 2095 liberos
1089 2060 1132 2094 et
1152 2051 1338 2111 imperio
1354 2059 1480 2093 natos
1501 2049 1714 2093 memine-

312 2131 401 2174 rint
426 2148 434 2174 :
468 2148 604 2176 unam
633 2149 724 2177 esse
753 2132 999 2178 AEduorum
1029 2133 1274 2187 civitatem,
1302 2148 1398 2192 quae
1427 2131 1714 2176 certissimam

314 2211 469 2258 Galliae
492 2215 724 2258 victoriam
745 2214 979 2270 distineat,
1001 2215 1094 2276 cjus
1120 2214 1382 2259 auctoritate
1404 2212 1595 2274 reliquas
1618 2230 1718 2257 con-

313 2294 463 2350 tineri3
487 2311 575 2356 qua
596 2295 817 2351 traducta,
841 2294 988 2340 locum
1010 2295 1277 2340 consistendi
1302 2294 1515 2339 Romanis
1542 2295 1585 2337 in
1610 2293 1717 2339 Gal-

314 2373 370 2419 lia
394 2392 482 2420 non
507 2375 600 2420 fore
616 2394 625 2420 z
644 2393 735 2421 esse
754 2376 973 2422 nonnullo
988 2394 1032 2421 se
1052 2377 1235 2423 Caesaris
1253 2375 1468 2420 beneficio
1486 2374 1716 2429 affectum,

315 2456 377 2500 sic
400 2467 567 2512 tamen,
598 2467 647 2501 ut
667 2459 957 2519 justissimam
981 2458 1099 2519 apud
1124 2475 1224 2502 eum
1248 2474 1426 2501 causam
1454 2456 1715 2508 ol)tinucrit;

319 2536 394 2580 sed
434 2537 532 2600 plus
563 2539 791 2583 communi
820 2539 1015 2583 libertati
1045 2540 1241 2583 tribucre
1273 2556 1281 2582 ε
1311 2555 1390 2583 cur
1421 2537 1539 2582 enim
1571 2536 1716 2597 potius

316 2616 444 2661 AEdui
464 2617 518 2662 de
533 2620 723 2680 suojure
738 2630 783 2664 et
797 2619 851 2664 de
871 2618 1039 2681 legibus
1053 2620 1109 2664 ad
1125 2624 1342 2666 Caesarem
1355 2619 1691 2679 disceptatorem
1703 2657 1713 2673 ‚

315 2712 447 2756 quam
470 2698 659 2743 Romani
681 2700 736 2743 ad
759 2699 944 2756 AEduos,
969 2701 1175 2745 veniant?
1193 2720 1212 2741 n
1236 2699 1449 2743 Celeriter
1468 2696 1719 2742 adoloscen-
