1972 3356
563 217 628 253 DE
659 216 821 253 BELLO
849 216 1236 252 ALEXANDRINO.
1516 226 1529 249 1
1541 227 1584 260 71

206 301 267 346 illi
290 302 322 346 si
352 310 629 363 superassent
648 300 857 357 navibus,
883 299 1030 344 omnia
1054 307 1275 355 tenerent3
1304 297 1338 342 si
1362 297 1588 342 inferiores

204 384 404 439 fuissent,
427 381 639 444 reliquam
678 391 823 426 tamen
855 380 1077 425 fortunam
1114 377 1480 440 periclitarentur.
1521 379 1588 422 Si-

204 463 295 509 mul
323 461 432 508 illud
472 477 602 524 grave
638 477 689 506 ac
731 461 939 505 miserum
976 458 1229 516 videbatur,
1268 475 1511 520 perpaucos
1538 458 1591 502 de

206 560 374 589 summa
398 558 541 587 rerum
570 557 620 586 ac
644 540 696 585 de
717 538 854 584 salute
891 538 1089 583 omnium
1115 538 1340 583 decertare
1367 556 1376 582 ε
1402 556 1590 600 quorum

208 626 243 669 si
261 625 335 685 qui
350 633 425 668 aut
447 623 595 666 animo
619 631 692 665 aut
710 621 870 664 virtute
893 620 1112 675 cessisset,
1134 617 1312 679 reliquis
1330 620 1459 663 etiam
1481 629 1592 685 esset

209 703 473 757 cavendum,
497 701 656 763 quibus
681 717 762 762 pro
787 716 832 744 se
852 698 1078 761 pugnandi
1102 697 1285 744 facultas
1311 716 1400 743 non
1431 698 1591 744 fuisset.

210 786 310 829 Haec
343 781 641 844 superioribus
666 780 818 824 diebus
844 795 1147 842 saepenumero
1178 781 1325 825 Caesar
1347 780 1434 823 suis
1457 795 1592 840 expo-

209 873 374 920 suerat,
396 872 446 907 ut
468 862 553 907 hoc
567 861 722 923 majori
735 861 881 905 animo
897 859 1240 918 contenderent,
1262 860 1381 921 quod
1396 860 1593 904 omnium

207 943 389 988 salutem
413 943 493 987 sibi
517 941 866 988 commendatam
892 940 1106 985 viderent.
1135 940 1300 986 Eadem
1323 956 1449 985 suum
1473 941 1592 1001 quis-

207 1040 294 1085 que
340 1021 730 1077 contubernalem,
761 1022 975 1077 amicum,
1012 1031 1170 1066 notum
1203 1037 1472 1083 prosequens
1505 1030 1598 1064 erat

208 1105 471 1162 obtestatus,
495 1121 550 1148 ne
572 1120 694 1148 suam
721 1113 854 1164 atque
883 1102 1081 1147 omnium
1107 1100 1276 1147 falleret
1311 1103 1564 1164 opinionem
1583 1136 1594 1156 ,

209 1202 398 1246 quorum
419 1184 583 1247 judicio
609 1183 801 1229 delectus
827 1182 882 1227 ad
904 1199 1099 1246 pugnam
1124 1183 1484 1245 proficisceretur.
1510 1185 1598 1226 Ita-

210 1283 294 1327 que
306 1267 390 1310 hoc
411 1267 558 1310 animo
586 1275 649 1310 est
674 1263 966 1319 decertatum,
986 1274 1035 1309 ut
1052 1280 1194 1326 neque
1210 1265 1440 1318 maritimis
1456 1264 1598 1308 nauti-

210 1349 356 1408 cisque
386 1346 560 1392 solertia
586 1355 718 1408 atque
747 1362 816 1390 ars
856 1345 1106 1407 praesidium
1141 1345 1304 1400 ferret;
1336 1361 1478 1406 neque
1517 1360 1599 1388 nu-

211 1444 333 1472 mero
361 1428 538 1472 navium
566 1426 872 1488 praestantibus
907 1424 1148 1470 multitudo
1179 1425 1424 1487 prodesset,
1458 1441 1599 1486 neque

211 1507 337 1553 electi
356 1507 411 1552 ad
436 1508 641 1552 virtutem
665 1523 714 1551 ex
740 1516 861 1550 tanta
884 1504 1168 1550 multitudine
1189 1506 1385 1550 hostium
1405 1506 1489 1549 viri
1510 1506 1601 1549 vir-

210 1590 293 1634 tuti
326 1598 578 1633 nostrorum
620 1596 796 1649 possent
835 1585 1068 1647 adaequari.
1097 1587 1284 1648 Capitur
1322 1587 1406 1632 hoc
1449 1584 1603 1648 proelio

212 1668 540 1731 quinqueremis
572 1684 658 1712 una
689 1678 730 1713 et
762 1667 940 1712 biremis
966 1684 1067 1711 cum
1093 1666 1395 1712 defensoribus
1430 1667 1605 1728 remigi-

212 1751 401 1811 busque,
442 1759 485 1794 et
519 1748 827 1810 deprimuntur
861 1758 968 1803 tres,
1004 1748 1164 1792 nostris
1196 1747 1493 1793 incolumibus
1516 1763 1604 1791 om·

215 1832 346 1875 nibus
368 1848 378 1875 z
404 1829 581 1891 reliquae
606 1830 902 1891 propinquam
923 1828 1070 1891 fugam
1090 1829 1146 1873 ad
1166 1828 1378 1890 oppidum
1402 1830 1603 1890 capiunt,

216 1929 323 1973 quas
348 1921 635 1973 protexerunt
661 1928 711 1955 ex
733 1909 924 1956 molibus
961 1920 1093 1972 atque
1118 1910 1309 1956 aedificiis
1342 1911 1608 1955 imminenti-

218 1993 300 2037 bus
315 2028 326 2045 ,
354 2002 395 2037 et
418 2003 589 2037 nostros
612 1991 732 2036 adire
756 1992 937 2053 propius
959 1991 1299 2053 prohibuerunt.

280 2075 423 2118 XVII.
457 2075 553 2118 Hoc
574 2090 628 2117 ne
652 2073 733 2117 sibi
764 2073 919 2134 saepius
945 2072 1140 2117 accidere
1181 2083 1354 2134 posset,
1391 2077 1512 2119 omni
1540 2091 1608 2119 ra-

221 2156 341 2199 tione
359 2156 504 2199 Caesar
529 2152 883 2199 contendendum
903 2154 1191 2213 existimavit,
1215 2164 1264 2199 ut
1283 2154 1470 2201 insulam
1485 2191 1497 2213 ,
1520 2173 1611 2201 mo-

222 2234 395 2296 lemque
419 2234 474 2280 ad
501 2233 688 2280 insulam
720 2235 1034 2297 pertinentem,
1072 2236 1116 2280 in
1140 2252 1265 2280 suam
1289 2236 1506 2299 redigeret
1531 2254 1610 2299 po-

221 2325 422 2361 testatem
451 2332 462 2360 :
486 2315 689 2378 perfectis
717 2316 834 2361 enim
864 2332 1024 2379 magna
1050 2333 1100 2361 ex
1131 2327 1256 2379 parte
1291 2318 1611 2363 munitionibus

222 2398 268 2441 in
294 2396 483 2459 oppido,
509 2407 552 2442 et
574 2396 692 2442 illam
714 2407 757 2442 et
786 2397 939 2443 urbem
963 2415 1054 2443 uno
1078 2407 1276 2461 tempore
1299 2400 1458 2443 tentari
1485 2415 1612 2461 posse

224 2477 485 2523 confidebat.
516 2478 620 2536 Quo
648 2487 777 2540 capto
804 2477 1008 2536 consilio,
1039 2479 1243 2523 cohortes
1268 2495 1318 2537 x,
1343 2489 1386 2523 et
1410 2478 1515 2523 levis
1549 2495 1614 2523 ar-

225 2568 406 2604 maturae
436 2558 620 2615 electos,
653 2574 763 2620 quos
798 2559 977 2606 idoneos
1007 2577 1058 2605 ex
1087 2559 1306 2621 equitibus
1339 2559 1463 2622 gallis
1493 2560 1611 2605 arbi·

228 2639 453 2698 trabatur,
481 2641 524 2685 in
552 2641 724 2703 navigia
760 2642 930 2686 minora
960 2642 1228 2703 scaphasque
1267 2641 1481 2703 imponit,
1513 2639 1614 2686 inde
