1972 3356
391 284 460 319 128
597 284 636 317 C.
670 283 794 318 JULII
825 282 1041 318 CAESARIS
1073 282 1557 318 COMMENTARIORUM

386 385 445 412 eae
472 376 596 411 erant
617 375 886 410 armatorum
916 367 1091 409 circiter
1115 365 1249 409 millia
1275 382 1344 409 Lx.
1376 366 1530 409 Cicero
1546 400 1557 419 ,
1586 365 1685 409 data
1711 366 1772 409 fa-

387 448 569 501 cultate,
601 445 779 491 Gallum
807 445 859 489 ab
898 445 1050 489 eodem
1079 446 1340 501 Verticone,
1371 461 1503 505 quem
1533 461 1664 505 supra
1696 446 1771 489 de-

387 527 747 582 monstravimus,
774 525 958 586 repetit,
978 526 1053 585 qui
1076 524 1243 568 litteras
1266 524 1320 568 ad
1344 526 1559 569 Caesarem
1581 524 1740 569 referat
1761 543 1770 568 ;

386 608 504 651 hunc
527 606 756 661 admonet,
780 606 862 648 iter
890 615 1015 649 caute
1045 605 1364 667 diligenterque
1387 605 1514 649 faciat
1539 621 1547 647 :
1578 605 1772 665 praescri-

384 688 451 731 bit
471 688 515 730 in
533 686 709 743 litteris,
729 686 875 730 hostes
899 687 951 729 ab
973 703 1016 730 se
1035 685 1300 740 discessisse,
1320 701 1582 745 omnemque
1600 684 1655 728 ad
1672 700 1772 727 eum

386 766 714 811 multitudinem
739 767 1018 810 convertisse.
1048 766 1221 824 Quibus
1249 765 1404 809 litteris
1433 765 1606 809 circiter
1631 763 1774 807 media

386 858 514 891 nocte
539 846 701 902 allatis,
727 849 868 892 Caesar
891 863 990 890 suos
1011 846 1112 889 facit
1137 845 1367 900 certiores,
1392 861 1551 905 eosque
1574 843 1629 887 ad
1651 843 1774 887 dimi-

386 928 575 971 candum
598 929 745 971 animo
765 927 997 971 confirmat
1023 943 1032 969 :
1056 936 1233 986 postero
1257 926 1326 969 die
1341 960 1351 980 ‚
1372 925 1469 969 luce
1492 926 1633 985 prima
1649 959 1660 981 ‚
1684 940 1774 967 mo-

387 1017 459 1052 vet
478 1017 639 1063 castra,
658 1017 697 1051 et
719 1007 893 1050 circiter
910 1005 1048 1050 millia
1066 1022 1274 1066 passuum
1294 1022 1339 1050 1v
1357 1022 1634 1066 progressus,
1652 1015 1773 1048 trans

384 1086 542 1131 vallem
566 1103 771 1148 magnam
794 1097 837 1129 et
852 1088 1018 1141 rivum,
1042 1084 1374 1128 multitudinem
1391 1085 1584 1129 hostium
1605 1086 1775 1146 conspi—

388 1178 527 1211 catur.
558 1170 663 1211 Erat
689 1167 836 1227 magni
861 1165 1045 1226 periculi
1073 1183 1160 1221 res,
1183 1182 1284 1209 cum
1307 1166 1440 1209 tantis
1462 1166 1597 1226 copiis
1623 1166 1774 1226 iniquo

389 1247 485 1291 loco
511 1247 731 1290 dimicare.
751 1248 888 1302 Tum,
915 1246 1126 1306 quoniam
1153 1244 1386 1289 liberatum
1409 1245 1636 1289 obsidione
1659 1246 1777 1289 Cice-

387 1344 540 1371 ronem
565 1327 748 1383 sciebat,
768 1343 908 1387 eoque
935 1328 1117 1370 omnino
1141 1325 1454 1369 remittendum
1479 1325 1532 1369 de
1555 1324 1776 1369 celeritate

387 1407 682 1462 existimabat,
708 1406 925 1462 consedit,
958 1416 1019 1463 et,
1050 1422 1182 1466 quam
1210 1406 1455 1467 aequissimo
1483 1415 1626 1467 potest
1653 1404 1774 1461 loco,

388 1497 528 1530 castra
556 1488 811 1530 communit.
839 1489 984 1545 Atque
1013 1486 1125 1541 haec,
1154 1487 1235 1529 etsi
1261 1496 1387 1529 erant
1415 1487 1572 1547 exigua
1600 1502 1680 1546 per
1711 1502 1775 1535 se,

388 1567 458 1610 vix
487 1567 717 1610 hominum
741 1564 931 1609 millium
959 1581 1052 1620 vn,
1085 1567 1327 1625 praesertim
1357 1565 1488 1609 nullis
1518 1582 1618 1609 cum
1640 1566 1775 1625 impe-

388 1646 612 1701 dimentis,
630 1656 778 1690 tamen
800 1646 1011 1706 angustiis
1031 1646 1224 1701 viarum,
1250 1662 1382 1705 quam
1405 1646 1594 1689 maxime
1613 1654 1774 1705 potest,

387 1727 636 1781 contrahit,
673 1742 724 1769 eo
755 1725 957 1780 consilio,
987 1735 1037 1768 ut
1070 1726 1114 1768 in
1150 1742 1365 1768 summam
1403 1725 1774 1785 contemptionem

387 1805 586 1850 hostibus
608 1807 764 1849 veniat.
792 1806 995 1861 Interim,
1020 1803 1365 1865 speculatoribus
1389 1806 1431 1847 in
1458 1821 1609 1848 omnes
1632 1813 1777 1864 partes

388 1886 597 1943 dimissis,
640 1885 858 1946 explorat,
904 1902 991 1946 quo
1032 1885 1388 1929 commodissimo
1428 1886 1584 1929 itinere
1620 1883 1775 1928 vallem

389 1969 574 2011 transire
597 1968 747 2028 possit.

454 2049 505 2091 L.
543 2050 607 2092 Eo
643 2048 739 2102 die,
777 2046 972 2109 parvulis
1010 2048 1286 2108 equestribus
1329 2047 1492 2108 proeliis
1526 2046 1581 2090 ad
1622 2062 1777 2107 aquam

389 2127 535 2183 factis,
572 2128 745 2188 utrique
787 2144 878 2171 sese
914 2144 992 2171 suo
1027 2126 1126 2172 loco
1169 2129 1401 2172 continent
1440 2146 1449 2171 ε
1488 2126 1627 2183 Galli,
1661 2126 1779 2187 quod

390 2207 623 2269 ampliores
660 2208 829 2268 copias,
865 2225 961 2268 quae
1003 2209 1201 2253 nondum
1243 2219 1566 2263 convenerant,
1605 2223 1780 2268 exspec-

391 2288 572 2342 tabant3
608 2289 771 2344 Caesar,
808 2288 842 2330 si
877 2287 989 2332 forte
1030 2290 1200 2333 timoris
1237 2288 1516 2334 simulatione
1555 2290 1701 2332 hostes
1735 2288 1779 2329 in

391 2385 519 2412 suum
559 2367 703 2412 locum
739 2366 896 2412 elicere
933 2379 1106 2429 posset,
1145 2380 1196 2414 ut
1232 2371 1342 2414 citra
1376 2369 1535 2414 vallem
1571 2384 1651 2429 pro
1690 2383 1781 2410 cas-

391 2449 469 2491 tris
492 2447 648 2508 proelio
675 2447 983 2504 contenderet3
1002 2449 1037 2492 si
1058 2449 1103 2493 id
1120 2449 1403 2494 efficerenon
1421 2457 1588 2510 posset,
1612 2457 1687 2503 ut,
1711 2463 1781 2489 ex-

391 2527 573 2588 ploratis
601 2528 851 2581 itineribus,
880 2529 1052 2573 minore
1079 2545 1180 2573 cum
1207 2529 1405 2590 periculo
1432 2527 1590 2572 vallem
1616 2528 1782 2569 rivum-

394 2624 476 2667 que
504 2608 722 2651 transiret.
754 2608 902 2652 Prima
935 2607 1054 2665 luce,
1083 2609 1277 2653 hostium
1302 2610 1521 2669 equitatus
1554 2605 1609 2649 ad
1641 2615 1782 2650 castra

395 2688 581 2744 accedit,
620 2687 910 2748 proeliumque
949 2706 1046 2733 cum
1085 2690 1245 2734 nostris
1277 2687 1494 2748 equitibus
1529 2687 1779 2730 committit.
