1972 3356
389 246 463 282 280
622 249 661 282 C.
687 247 816 281 JULII
846 246 1070 282 CAESARIS
1100 247 1365 283 COMMENT.
1395 249 1542 294 LIBER

386 348 460 375 nes
488 347 576 374 non
601 346 755 390 parum
786 329 953 374 idonea.
983 331 1097 375 Nam
1131 330 1220 374 fere
1251 333 1386 375 totius
1411 331 1643 376 Ulterioris
1673 335 1766 378 His-

386 411 525 471 paniae
551 411 694 471 regiO,
720 420 902 472 propter
925 420 1050 454 terrae
1081 410 1388 456 fecunditatem
1405 448 1416 465 ,
1459 414 1631 474 inopem
1655 413 1767 458 diffi-

385 489 599 551 cilemque
613 491 746 535 habet
770 495 1167 552 oppugnationem,
1194 502 1236 536 et
1264 509 1350 536 non
1376 493 1521 537 minus
1544 495 1765 554 copiosam

383 571 677 632 aquationem.
705 573 786 616 Hic.
814 573 946 616 etiam
971 582 1151 634 propter
1177 573 1471 617 Barbarorum
1498 574 1673 618 crebras
1699 591 1768 619 ex-

383 653 606 698 cursiones
627 654 774 698 omnia
803 652 920 710 loca,
941 671 1036 715 quae
1060 665 1162 699 sunt
1184 654 1238 698 ab
1253 654 1426 715 oppidis
1453 664 1624 699 remota
1641 689 1653 712 ,
1674 664 1766 699 tur·

383 733 503 778 ribus
525 743 567 778 et
592 734 909 779 munitionibus
935 736 1206 791 retinentur,
1229 745 1272 779 et
1295 736 1407 779 sicut
1431 736 1475 778 in
1499 734 1674 793 Africa,
1697 752 1767 780 ru-

381 814 509 868 dere,
554 831 641 858 non
675 814 861 877 tegulis,
903 825 1135 877 teguntur3
1179 814 1394 876 simulque
1423 816 1468 859 in
1503 815 1571 860 his
1604 815 1766 859 habent

381 893 602 956 speculas,
629 905 671 939 et
704 905 884 957 propter
911 895 1186 940 altitudinem
1225 895 1354 958 longe
1395 896 1570 957 lateque
1597 897 1767 957 prospi-

380 977 516 1020 ciunt.
546 979 657 1020 Item
683 976 947 1037 oppidorum
972 993 1129 1036 magna
1151 993 1250 1037 pars
1272 978 1365 1037 ejus
1385 979 1622 1037 provinciae
1643 994 1767 1021 mon-

381 1058 497 1103 tibus
522 1057 609 1101 fere
633 1058 827 1113 munita,
852 1067 894 1100 et
918 1067 1074 1101 natura
1100 1056 1411 1101 excellentibus
1433 1057 1540 1102 locis
1566 1068 1630 1102 est
1657 1075 1764 1102 con-

381 1138 553 1194 stituta,
597 1146 645 1181 ut
679 1136 808 1181 simul
848 1137 991 1182 aditus
1029 1155 1317 1198 ascensusque
1356 1138 1516 1182 habeat
1549 1137 1763 1183 difficiles.

380 1221 448 1262 Ila
475 1218 530 1262 ab
548 1218 956 1280 oppugnationibus
986 1228 1142 1262 natura
1170 1218 1254 1262 loci
1283 1218 1565 1273 distinemur,
1589 1227 1638 1262 ut
1666 1219 1766 1263 civi-

380 1309 489 1343 tates
518 1299 741 1360 Hispaniae
781 1316 869 1342 non
901 1298 1026 1343 facile
1048 1299 1102 1343 ab
1125 1299 1250 1343 hoste
1273 1300 1504 1360 capiantur
1540 1317 1549 1343 :
1578 1299 1621 1343 id
1645 1299 1766 1361 quod

380 1381 425 1424 in
448 1380 532 1425 hoc
561 1381 747 1442 contigit
771 1378 900 1424 bello.
930 1381 1062 1437 Nam,
1092 1381 1167 1424 ubi
1195 1381 1312 1424 inter
1332 1383 1549 1442 Ateguam
1577 1391 1620 1425 et
1644 1383 1766 1426 Ucu-

378 1462 494 1518 him,
525 1478 621 1522 quae
648 1461 813 1522 oppida
839 1478 971 1523 supra
998 1471 1098 1506 sunt
1125 1464 1310 1523 scripta,
1337 1462 1572 1523 Pompeius
1611 1461 1766 1506 habuit

379 1552 521 1587 castra
552 1544 792 1586 constituta
829 1544 873 1586 in
901 1553 1137 1604 conspectu
1156 1543 1346 1587 duorum
1375 1542 1671 1604 oppidorum,
1707 1543 1763 1587 ab

378 1624 466 1667 suis
490 1624 642 1667 castris
669 1623 844 1666 circiter
861 1622 996 1666 millia
1017 1639 1223 1683 passuum
1250 1638 1318 1678 lv,
1341 1640 1523 1684 grumus
1537 1633 1603 1668 est
1625 1623 1764 1668 excel-

377 1702 469 1747 lens
491 1713 647 1747 natura
663 1738 674 1760 ,
696 1704 770 1763 qui
798 1702 1046 1764 appellatur
1063 1705 1218 1747 Castra
1245 1704 1527 1748 Postumiana
1546 1721 1555 1747 z
1579 1704 1638 1748 ibi
1662 1721 1766 1765 prae-

378 1784 475 1826 sidii
499 1800 628 1827 causa
654 1782 881 1826 castellum
908 1785 1053 1827 Caesar
1080 1784 1234 1827 habuit
1263 1785 1566 1828 constitutum.

444 1866 521 1908 IX.
539 1864 798 1924 Pompeius,
822 1863 897 1924 qui
928 1863 1202 1925 eodemjugo
1224 1864 1453 1925 tegebatur
1475 1863 1559 1909 loci
1582 1875 1764 1923 natura,

378 1955 445 2001 et,
470 1944 587 2005 quod
609 1954 826 1988 remotum
861 1954 954 1988 erat
984 1961 1008 1988 a
1036 1945 1186 1988 castris
1211 1946 1392 1989 Caesaris
1409 1980 1420 2000 ,
1444 1946 1764 1991 animadverte·

379 2027 453 2070 bat
477 2024 560 2070 loci
584 2025 908 2091 difficultatem,
926 2035 995 2079 et,
1020 2025 1138 2086 quod
1165 2025 1346 2070 flumine
1367 2026 1490 2071 Salso
1509 2026 1766 2071 interclude·

380 2108 535 2163 batur,
554 2124 641 2150 uon
663 2123 755 2150 esse
775 2107 1110 2150 commissurum
1132 2108 1372 2163 Caesarem,
1393 2117 1442 2151 ut
1465 2109 1509 2151 in
1535 2117 1654 2152 tanta
1680 2107 1764 2152 loci

380 2186 637 2231 difficultate
666 2186 720 2231 ad
748 2186 993 2231 subsidium
1015 2187 1362 2232 submittendum
1382 2204 1426 2232 se
1453 2188 1657 2233 mitteret.
1676 2191 1763 2233 Ista

382 2268 519 2312 fretus
544 2269 752 2329 opinione
769 2268 924 2323 ,tertia
949 2267 1097 2328 vigilia
1109 2267 1331 2329 profectus
1347 2304 1358 2324 ,
1385 2267 1613 2313 castellum
1630 2285 1764 2331 oppu-

383 2366 517 2410 gnare
534 2351 663 2410 coepit
681 2385 692 2403 ,
718 2360 766 2394 ut
789 2348 1088 2394 laborantibus
1113 2360 1403 2394 succurreret.
1426 2351 1603 2407 Nostri,
1625 2367 1763 2411 quum

383 2430 834 2490 appropinquassent,
859 2429 1049 2474 clamore
1075 2432 1304 2491 repentino
1325 2431 1600 2492 telorumque
1622 2431 1766 2475 multi-

384 2510 535 2554 tudine
552 2512 693 2572 jactus
715 2511 853 2555 facere
870 2522 1118 2574 coeperunt,
1140 2513 1202 2556 uti
1222 2529 1424 2574 magnam
1441 2522 1609 2574 partem
1626 2512 1766 2556 homi-

384 2608 489 2635 num
508 2591 759 2637 vulneribus
783 2593 1019 2638 afficerent.
1035 2594 1136 2651 Quo
1151 2604 1327 2655 peracto
1339 2629 1350 2651 ,
1368 2610 1504 2655 quum
1519 2610 1569 2638 ex
1587 2592 1763 2637 castello

385 2689 631 2733 repugnare
647 2676 894 2736 coepissent,
909 2685 951 2719 et
967 2676 1206 2735 majoribus
1221 2677 1373 2720 castris
1386 2675 1568 2720 Caesaris
1585 2676 1764 2719 nuntius
