1972 3356
521 228 779 263 COMMENT.
807 231 873 264 DE
900 231 1058 265 BELLO
1086 233 1315 266 GALLICO.
1543 233 1612 276 263.-

225 302 353 349 sagitta
364 329 372 344 ‚
387 301 519 337 eodem
535 315 641 338 sensu
651 304 848 350 formatur,
863 306 956 341 sicut
965 319 1103 342 nomen
1119 307 1245 343 Sancti
1260 308 1430 352 Quintini
1446 322 1462 342 a
1479 321 1614 345 κσντος.

224 365 359 410 Apollo
385 361 664 412 Βελεσιχοιρὴς,
686 368 746 401 vel
765 367 906 414 sagittis
941 368 1123 415 gaudens,
1150 369 1354 404 dicebatur.
1389 371 1482 406 Vide
1509 378 1616 406 notas

224 425 466 473 Ambiorigis,
484 426 547 461 lib.
574 439 612 470 v,
632 439 711 474 cap.
726 440 841 472 xxlv,
861 435 896 463 et
919 442 999 472 vu,
1021 428 1087 474 75,
1106 432 1325 466 Lemovices.

276 510 358 543 Cap,
380 510 484 544 XXI.
519 511 651 546 Parvis
678 511 881 546 rhenonum
908 512 1127 559 tegimentis.
1159 516 1430 561 Interpretatur
1449 517 1616 564 pellibus

223 580 425 606 rhenonum
436 599 447 614 ,
464 572 504 606 id
518 580 572 607 est
583 585 718 620 peaux
730 574 777 608 de
790 586 934 617 rennes,
957 575 1001 608 D.
1016 575 1197 610 Lemaire.
1220 592 1234 606 α
1249 577 1407 612 Minime
1428 578 1528 612 enim
1548 578 1616 613 du-

223 632 340 676 bium,
359 632 498 679 inquit,
518 634 609 668 mihi
628 634 776 669 videtur
796 634 884 681 quin
903 635 1038 679 rheno,
1060 636 1192 683 gallice
1213 638 1247 671 le
1265 649 1394 682 tenne,
1417 639 1463 673 sit
1476 651 1615 674 nomen

222 694 388 729 animalis
401 722 409 738 ‚
424 707 501 729 non
514 696 641 740 vestis,
653 703 692 730 ut
705 696 870 740 Isidoro,
891 695 1012 745 Orig„
1039 709 1101 744 19,
1117 696 1164 732 23
1179 725 1187 741 ,
1199 705 1235 733 et
1245 698 1376 734 Servio
1391 699 1438 734 ad
1457 701 1592 747 Georg.
1607 728 1616 744 ,

223 767 271 789 111
284 782 293 798 ‚
313 754 381 790 183
395 783 403 799 ,
417 757 567 803 placuit.
582 757 682 792 Male
697 757 760 804 qui
778 758 907 805 legunt
928 758 1148 802 rhenorum,
1173 759 1277 807 pejus
1298 760 1362 807 qui
1384 762 1511 808 legunt
1534 761 1618 795 rlze-

219 829 317 851 num.
342 818 471 853 Lectio
489 819 640 853 Caesaris
662 818 807 855 sincera
831 819 1000 863 videtur3
1024 827 1152 856 noster
1175 828 1299 857 tamen
1322 822 1461 867 codex,
1478 822 1594 867 5‚764
1608 851 1616 866 ‚

219 878 414 915 rhenorum
442 897 456 911 »
479 895 490 915 :
520 881 599 915 haec
624 880 698 915 ille.
722 881 797 916 Sed
824 881 963 917 animal
991 881 1090 917 istud
1114 882 1228 918 hodie
1252 883 1291 917 in
1315 884 1516 920 Germania
1536 897 1615 919 non

218 941 400 987 reperitur
411 956 420 986 3
430 950 602 977 etvocem
612 942 794 978 rhenones
801 943 893 977 mihi
904 943 1051 978 videtur
1060 943 1266 980 derivatam
1275 958 1352 980 esse
1367 958 1386 980 a
1400 957 1521 993 graeco
1545 943 1613 994 ἑὴν.

218 999 333 1048 ῥηνὸς,
352 1004 450 1048 ovis,
469 1012 510 1039 ut
524 1000 672 1048 ὃίτνικες,
692 1005 819 1040 ovium
833 1005 968 1052 pelles,
988 1011 1024 1039 et
1038 1017 1116 1040 esse
1139 1005 1305 1052 ejusdem
1319 1006 1614 1054 significationis.

270 1090 354 1124 CAP.
372 1089 513 1124 XXIV.
542 1089 771 1136 Hercyniam
792 1090 932 1134 sylvam
936 1116 996 1124 .....
1011 1102 1125 1136 quam
1147 1090 1206 1124 illi
1224 1089 1387 1140 (Graeci)
1415 1092 1615 1137 Orcyniam

219 1152 430 1198 appellant.
447 1166 462 1182 «
474 1152 529 1186 Ita
544 1150 653 1185 codd.
669 1157 705 1185 et
718 1150 803 1185 edd.
819 1157 908 1184 vett.
918 1177 927 1194 ‚
941 1150 992 1185 ait
1004 1152 1245 1196 D.Lemaire;
1259 1153 1310 1186 ita
1324 1165 1472 1199 quoque
1486 1155 1616 1189 Ptole-

218 1225 327 1247 maeus
347 1219 383 1247 et
407 1224 545 1260 graecus
570 1212 776 1258 interpres:
792 1211 923 1246 eadem
937 1219 992 1246 est
1011 1212 1209 1262 (Orcynia)
1225 1226 1267 1248 ac
1286 1215 1472 1259 Hercynia
1497 1217 1613 1260 sylva.

217 1274 349 1309 Ortum
360 1274 432 1309 hoc
440 1287 580 1309 nomen
588 1274 636 1308 ab
647 1274 776 1317 Hartz,
786 1275 1016 1309 Hartzwald.
1026 1291 1039 1305 υ
1048 1275 1275 1310 Econtrario
1284 1277 1402 1309 Hartz
1413 1277 1473 1311 vel
1485 1278 1597 1313 Har-cz

217 1336 319 1369 wald
337 1335 429 1370 mihi
452 1336 600 1371 videtur
623 1348 643 1370 a
666 1336 881 1383 germanico
906 1336 1061 1371 nomine
1087 1336 1164 1383 ejus
1192 1337 1380 1372 hodierno
1408 1338 1613 1383 Schwartz,

218 1398 277 1432 vel
302 1397 598 1431 Schwartzwald
609 1404 827 1444 corruptum
838 1424 848 1440 ,
862 1397 964 1444 quod
978 1396 1163 1444 significat
1176 1399 1296 1446 Nigra
1307 1426 1318 1442 ,
1347 1400 1465 1447 Nigm
1483 1403 1585 1446 sylva
1598 1429 1609 1444 ,

220 1459 257 1493 id
276 1466 330 1493 est
350 1458 529 1504 deformis
549 1459 671 1502 tem's,
694 1471 833 1506 aspera
849 1460 962 1502 coelo,
983 1459 1095 1493 tristis
1107 1461 1180 1494 situ
1197 1462 1386 1507 cultuque,
1405 1468 1442 1495 ut
1462 1462 1512 1495 ait
1534 1464 1610 1497 Ta—

218 1519 525 1566 citu53Hercym'a
544 1532 654 1565 vero,
674 1533 753 1568 quae
777 1515 959 1566 Ἐρκὺνιος
985 1517 1146 1567 ὃρυμὸς,
1171 1522 1323 1556 Juliano
1350 1529 1421 1567 est,
1450 1535 1468 1557 a
1493 1535 1613 1570 graeco

217 1577 344 1627 ἓρκάνη
359 1583 419 1617 vel
438 1576 537 1628 ἕρκος
547 1609 558 1626 ,
580 1576 694 1628 ἓρκιον
706 1610 716 1627 ,
734 1590 880 1630 septum
892 1610 901 1627 ,
923 1595 1045 1630 sepes,
1059 1590 1095 1618 et
1120 1584 1281 1630 Orcym'a
1295 1584 1343 1619 ab
1357 1582 1486 1629 me'wn
1498 1612 1508 1629 ,
1521 1598 1613 1620 voce

215 1643 380 1690 ejusdem
393 1643 696 1692 significationis,
711 1644 813 1679 oriri.
829 1646 921 1680 Fere
936 1645 1067 1680 eadem
1081 1645 1195 1693 igitur
1208 1645 1420 1682 differentia
1440 1655 1493 1682 est
1517 1647 1614 1682 inter

214 1707 399 1753 Hercynia
418 1714 455 1742 et
482 1707 665 1753 Orcym'a,
691 1719 733 1742 ac
755 1707 853 1743 inter
876 1701 1005 1753 ἕρκοὲνη
1030 1716 1066 1743 et
1089 1705 1231 1754 Spnx'vn.
1247 1709 1341 1744 Inde
1355 1710 1513 1744 varietas
1537 1723 1612 1744 no—

213 1767 324 1804 minis
336 1796 346 1814 ,
361 1769 566 1817 eademque
579 1768 815 1817 significatio.
831 1771 1049 1817 Respondet
1064 1771 1177 1818 igitur
1191 1771 1275 1806 voci
1289 1771 1429 1819 gallicae
1444 1774 1482 1806 la
1496 1771 1609 1818 haye,

215 1829 225 1869 ἴ
237 1830 431 1866 l'enceinte
455 1844 504 1866 ou
526 1831 623 1866 foret
648 1831 812 1880 sacre'e)‚
839 1845 884 1867 ex
909 1834 1039 1879 quala
1066 1834 1176 1880 Haye
1198 1833 1237 1868 in
1263 1833 1481 1878 Hollandia,
1512 1841 1547 1868 et
1573 1834 1611 1868 in

214 1892 369 1927 Francia
394 1892 635 1928 St—Germain
657 1905 702 1928 en
727 1895 847 1938 Laye‚
870 1906 940 1941 pro
962 1907 1006 1929 en
1029 1896 1067 1927 la
1092 1893 1204 1940 haye,
1232 1901 1267 1930 et
1288 1902 1345 1929 tot
1368 1895 1522 1931 nomina
1549 1897 1611 1930 lo-

215 1965 361 1998 corum,
384 1953 526 1989 ducunt
549 1954 745 2002 originem.

266 2039 351 2074 CAP.
365 2039 519 2074 XXVII.
534 2040 658 2074 Alces.
674 2056 688 2070 «
705 2040 906 2084 Nonnulli,
926 2039 976 2074 ait
992 2041 1037 2074 D.
1062 2040 1248 2085 Lemaire,
1261 2047 1346 2088 post
1369 2041 1610 2086 Oberlinum,

213 2100 344 2134 volunt
362 2112 503 2135 nomen
522 2102 624 2135 alces
643 2113 664 2136 a
683 2112 803 2148 graeco
825 2101 989 2137 derivari
1011 2099 1129 2146 ἀλκὴ,
1154 2103 1283 2137 robur.
1306 2103 1353 2137 Et
1373 2102 1497 2150 reipsa
1514 2105 1609 2138 Pau—

212 2161 356 2204 sanias,
379 2162 403 2196 l.
432 2174 492 2206 ix,
515 2175 545 2196 c.
572 2174 638 2206 21,
661 2162 708 2198 de
731 2165 814 2197 alce
838 2164 1024 2210 loquitur,
1050 2177 1161 2212 quem
1186 2172 1297 2200 vocat
1323 2162 1445 2201 ἀλκὴν
1471 2177 1610 2212 perpe-

211 2235 312 2257 ram:
334 2235 421 2259 nain
448 2224 585 2258 Graecis
610 2231 695 2260 ante
718 2225 938 2260 Pausaniam
966 2226 1200 2273 incognitum
1223 2227 1362 2263 animal
1387 2227 1487 2263 istud
1512 2234 1609 2270 erat,

211 2291 247 2319 et
274 2297 414 2320 nomen
437 2282 535 2321 amia
560 2286 688 2321 datum
710 2299 732 2322 a
760 2287 961 2332 Pausania,
984 2296 1038 2323 est
1069 2287 1232 2324 effictum
1261 2302 1307 2324 ex
1330 2289 1485 2325 nomine
1519 2289 1608 2325 alcis

211 2359 390 2391 caesareae3
416 2356 595 2394 praeterea
623 2359 760 2395 graecus
782 2348 967 2397 interpres
996 2351 1107 2385 vertit
1133 2363 1177 2385 ex
1203 2362 1308 2386 more
1330 2352 1449 2387 latino
1469 2362 1607 2395 αλκες,

211 2420 289 2443 non
309 2421 354 2443 ex
371 2422 477 2444 more
500 2421 619 2457 graeco
643 2408 784 2455 &anoth
809 2412 910 2447 unde
941 2412 1126 2459 conjicere
1150 2413 1237 2448 licet
1260 2426 1401 2448 nomen
1425 2426 1503 2448 esse
1525 2415 1604 2448 cel--

211 2469 323 2504 ticum
343 2471 425 2505 elch
445 2471 522 2506 sive
548 2473 627 2520 dg,
653 2472 711 2507 cui
734 2473 853 2509 simile
875 2476 928 2516 el,
949 2477 1041 2523 aelg
1057 2482 1093 2510 et
1112 2477 1217 2523 oelg,
1243 2475 1445 2509 etiamnum
1465 2475 1505 2509 in
1524 2487 1606 2522 sep-

213 2531 494 2568 tentrionalium
534 2546 792 2581 europaeorum
829 2549 1001 2571 sermone
1037 2544 1160 2572 restat.
1196 2536 1416 2571 Germanice
1453 2544 1606 2571 vocatur

211 2594 280 2628 das
302 2594 523 2638 elendtlu'er,
551 2596 681 2642 gallice
708 2599 833 2633 l'e'lan.
855 2599 996 2634 Plinius
1022 2599 1122 2634 idem
1149 2598 1286 2633 animal
1309 2604 1417 2632 vocat
1440 2597 1606 2632 machaa

214 2655 342 2690 vitiose
362 2668 431 2703 pro
454 2659 570 2702 (nr-lin,
598 2659 723 2694 addita
752 2660 871 2695 littera
892 2675 928 2695 m
946 2675 991 2697 ex
1017 2674 1108 2696 voce
1132 2659 1378 2709 praecedenti,
1403 2658 1537 2694 sactum
1562 2672 1606 2693 cx
