1972 3356
535 236 602 272 DE
631 236 789 271 BELLO
827 232 1039 271 GALLICO
1064 235 1159 270 LIB.
1184 235 1266 268 VII.
1529 231 1594 266 181

203 319 368 363 amicus
405 329 497 363 erat
533 318 805 381 appellatus⁷
839 335 935 363 cum
978 335 1139 380 magno
1177 318 1379 379 equitum
1417 332 1600 360 suorum

203 416 413 457 numero,
445 410 488 444 et
517 417 627 461 quos
648 417 699 444 ex
719 400 960 460 Aquitania
982 400 1253 444 conduxerat
1271 434 1281 456 ⁷
1305 397 1359 442 ad
1380 414 1480 442 eum
1501 413 1600 457 per-

205 480 337 524 venit.

264 562 450 605 XXXII.
481 563 647 617 Caesar,
676 561 851 606 Avarici
876 560 1125 621 complures
1156 560 1246 604 dies
1277 569 1601 615 commoratus,

202 657 506 702 summamque
536 642 596 685 ibi
626 643 797 702 copiam
830 641 1041 685 frumenti
1071 650 1114 684 et
1143 639 1304 700 reliqui
1328 650 1601 684 commeatus

200 731 373 778 nactus,
407 723 651 766 exercitum
684 739 735 765 ex
771 721 920 766 labore
954 731 1086 782 atque
1119 722 1269 782 inopia
1306 720 1472 765 refecit.
1503 723 1599 764 Jam

200 819 337 863 prope
367 802 511 847 hieme
539 803 760 860 confecta,
791 820 928 864 quum
959 803 1055 863 ipso
1083 802 1188 846 anni
1220 811 1420 862 tempore
1447 800 1502 845 ad
1527 818 1602 862 ge-

197 883 385 928 rendum
412 882 580 928 bellum
611 894 865 941 vocaretur⁷
897 894 940 928 ct
967 883 1023 927 ad
1050 883 1221 927 hostem
1247 882 1468 944 proficisci
1493 899 1600 926 con—

197 964 431 1023 stituisset,
462 966 552 1010 sive
581 983 682 1010 eum
711 982 770 1023 ex*
793 964 1029 1027 paludibus
1062 963 1272 1025 silvisque
1303 963 1481 1020 elicere,
1511 964 1602 1007 sive

198 1046 428 1090 obsidione
448 1064 648 1107 premere
667 1057 835 1108 posset,
856 1046 989 1109 legati
1010 1046 1066 1090 ad
1082 1063 1180 1090 eum
1204 1045 1427 1107 principes
1442 1043 1602 1088 AEduo-

198 1144 298 1171 rum
326 1129 530 1185 veniunt,
561 1138 763 1186 oratum,
793 1148 813 1169 α
832 1138 881 1172 ut
909 1129 1100 1172 maxime
1125 1127 1372 1172 necessario
1401 1136 1601 1188 tempore

198 1210 365 1253 civitati
395 1211 640 1254 subveniat.
669 1213 853 1255 Summo
882 1227 973 1254 esse
1008 1211 1053 1253 in
1085 1208 1286 1270 periculo
1313 1225 1432 1263 rem3
1458 1207 1601 1269 quod,

199 1308 337 1351 quum
353 1291 515 1354 singuli
534 1293 815 1354 magistratus
837 1292 1080 1353 antiquitus
1103 1291 1263 1346 creari,
1284 1300 1415 1351 atque
1434 1290 1601 1352 regiam

199 1383 460 1433 potestatem
485 1391 676 1418 annuam
704 1374 904 1418 obtinere
926 1383 1232 1428 consuessent,
1256 1372 1345 1416 duo
1366 1372 1601 1433 magistra—

198 1463 290 1497 tum
318 1465 496 1510 oei-ant,
526 1465 570 1498 et
599 1472 643 1499 se
675 1465 858 1516 uterque
885 1471 1038 1499 eorum
1074 1453 1245 1516 legibus
1280 1462 1479 1497 creatum
1510 1469 1601 1496 esse

316 1490 340 1516 r>

196 1534 324 1578 dicat.
362 1538 532 1579 Horum
568 1553 659 1580 esse
693 1535 880 1581 alterum
910 1535 1338 1591 Convictolitanem‚
1368 1534 1599 1578 florentem

194 1624 236 1659 et
260 1614 474 1661 illustrem
500 1617 844 1674 adolescentem3
870 1617 1060 1662 alterum
1083 1619 1268 1675 Cotum⁷
1293 1616 1600 1677 antiquissima

194 1696 358 1741 familia
385 1708 558 1755 natum,
589 1710 722 1761 atquc
751 1700 893 1761 ipsum
923 1700 1151 1744 hominem
1179 1715 1362 1743 summae
1393 1698 1600 1759 potentiae

194 1789 238 1823 et
270 1797 439 1842 magnas
471 1782 776 1842 cognationi33
805 1782 930 1841 cujus
955 1780 1089 1824 frater
1116 1778 1370 1824 Valetiacus
1395 1779 1599 1840 proximo

194 1878 311 1906 anno
345 1861 550 1906 eumdem
580 1864 888 1923 magistratum
920 1863 1116 1923 gesserit.
1148 1861 1388 1906 Civitatem
1419 1876 1597 1904 omnem

194 1959 285 1986 esse
310 1944 354 1986 in
379 1944 532 1999 armis,
558 1943 747 1987 divisum
771 1952 993 1999 senatum⁷
1015 1942 1208 1986 divisum
1231 1940 1470 2003 populum,
1498 1958 1598 1985 suas

194 2025 407 2084 cujusque
436 2040 589 2068 eorum
622 2023 862 2068 clientelas.
892 2023 1027 2082 Quod
1054 2024 1087 2067 si
1124 2023 1290 2067 diutius
1317 2022 1460 2066 alatur
1492 2039 1598 2066 con-

194 2106 435 2162 troversia,
470 2105 580 2162 fore,
608 2107 671 2149 uti
702 2123 801 2167 pars
835 2123 937 2150 cum
968 2115 1094 2167 parte
1127 2104 1317 2148 civitatis
1351 2102 1559 2164 confligat
1586 2119 1594 2145 :

193 2184 239 2228 id
272 2203 326 2229 ne
361 2186 552 2243 accidat⁷
581 2188 774 2248 positum
814 2188 857 2230 in
895 2187 987 2247 ejus
1020 2185 1249 2247 diligentia
1282 2194 1414 2245 atque
1443 2193 1598 2228 aucto-

195 2267 337 2311 ritate.
364 2288 383 2308 n

259 2352 471 2394 XXXIII.
508 2353 674 2409 Caesar,
712 2353 793 2397 etsi
821 2370 845 2396 a
877 2352 1018 2410 hello,
1050 2360 1180 2412 atque
1216 2351 1343 2395 hoste
1371 2348 1596 2394 discedere

193 2433 561 2478 detrimentosum
599 2451 688 2478 esse
724 2434 1022 2492 existimabat,
1062 2443 1229 2490 tamen,
1262 2426 1352 2477 non
1387 2433 1595 2493 ignorans

191 2525 357 2577 quanta
386 2532 438 2558 ex
464 2515 809 2560 dissensionibus
836 2515 1120 2560 incommoda
1150 2515 1256 2559 oriri
1284 2521 1594 2563 consuessent,

193 2613 247 2640 ne
271 2605 392 2640 tanta
417 2605 567 2639 ettam
591 2597 827 2657 conjuncta
850 2596 1017 2659 populo
1045 2612 1229 2641 romano
1254 2595 1436 2650 civitas,
1461 2609 1595 2654 quam

195 2678 285 2738 ipse
310 2694 483 2738 semper
507 2676 1012 2741 aluisset70mnibusque
1036 2678 1164 2723 rebus
1183 2685 1400 2732 ornasset,
1426 2673 1480 2718 ad
1504 2674 1593 2717 vim
