1972 3356
298 264 368 287 100
503 255 541 289 C.
573 255 702 290 JULII
733 253 952 288 CAESARIS
983 253 1471 290 COMMENTARIORUM

293 338 426 395 citur,
448 337 567 398 quod
587 354 611 380 a
631 337 817 380 Pirustis
838 336 1070 380 finitimam
1092 346 1262 397 partem
1282 337 1520 397 provinciae
1539 338 1686 382 incur-

292 418 487 462 sionibus
510 417 672 461 vastari
699 415 918 460 audiebat.
948 419 1012 461 Eo
1037 433 1174 477 quum
1200 418 1413 471 venisset,
1439 417 1687 461 civitatibus

292 496 450 541 milites
482 498 690 558 imperat,
731 506 992 557 certumque
1030 497 1073 540 in
1110 495 1255 540 locum
1289 497 1526 540 convenire
1546 497 1684 558 jubet.

290 577 391 634 Qua
417 594 463 621 re
491 578 720 634 nuntiata,
751 578 937 621 Pirustae
968 576 1133 639 legatos
1161 576 1214 621 ad
1243 593 1345 620 eum
1375 577 1578 634 mittunt,
1611 578 1687 638 qui

289 657 498 715 doceant,
522 657 632 702 nihil
656 675 808 702 earum
831 675 977 702 rerum
1000 657 1177 719 publico
1202 658 1368 703 factum
1392 657 1597 715 consilio,
1625 675 1688 702 se-

288 754 420 799 seque
446 749 622 800 paratos
650 755 742 783 esse
772 738 1102 795 demonstrant,
1131 739 1335 783 omnibus
1361 739 1604 783 rationibus
1633 739 1686 783 de

287 819 457 879 injuriis
481 819 741 864 satisfacere.
770 821 964 880 Accepta
991 820 1188 863 oratione
1212 836 1385 876 eorum,
1411 821 1554 865 Caesar
1573 820 1687 863 obsi-

286 898 362 943 des
387 900 593 961 imperat,
623 917 785 961 eosque
812 900 868 944 ad
896 910 1060 944 certam
1091 899 1206 943 diem
1231 900 1387 944 adduci
1413 901 1539 962 jubet
1564 918 1572 944 :
1601 901 1685 944 nisi

285 981 344 1024 ita
368 980 572 1038 fecerint,
601 998 692 1025 sese
720 979 837 1024 bello
867 981 1091 1024 civitatem
1120 991 1458 1041 persecuturum
1485 981 1686 1025 demons-

283 1071 384 1105 trat.
413 1062 491 1106 His
519 1061 575 1105 ad
599 1061 715 1105 diem
739 1060 959 1117 adductis,
984 1070 1031 1104 ut
1055 1060 1368 1121 imperaverat,
1400 1062 1588 1106 arbitros
1619 1062 1685 1105 in-

283 1152 350 1186 ter
377 1143 577 1187 civitates
604 1142 698 1199 dat,
722 1143 798 1203 qui
822 1141 943 1185 litem
971 1142 1210 1198 aestiment,
1236 1158 1500 1203 poenamque
1524 1144 1685 1187 consti-

284 1233 426 1267 tuant.

346 1306 403 1348 II.
440 1306 518 1349 His
557 1305 770 1349 confectis
808 1305 959 1361 rebus,
986 1305 1366 1365 conventibusque
1396 1305 1604 1365 peractis,
1638 1306 1682 1348 in

282 1385 534 1429 citeriorem
561 1385 754 1431 Galliam
777 1385 1038 1439 revertitur,
1064 1395 1194 1445 atque
1229 1385 1331 1429 inde
1360 1385 1415 1429 ad
1442 1386 1682 1429 exercitum

283 1464 590 1526 proficiscitur.
610 1468 674 1510 Eo
694 1482 831 1526 quum
855 1466 1065 1522 venisset,
1092 1466 1289 1510 circuitis
1313 1466 1518 1509 omnibus
1536 1466 1682 1510 hiber-

282 1549 374 1604 nis,
408 1546 620 1608 singulari
654 1546 847 1591 militum
888 1547 1057 1603 studio,
1092 1548 1138 1590 in
1173 1563 1344 1591 summa
1379 1547 1580 1590 omnium
1615 1564 1683 1591 re-

281 1644 380 1671 rum
421 1629 589 1688 inopia,
625 1629 800 1672 circiter
832 1643 892 1673 Dc
920 1629 1013 1689 ejus
1051 1629 1245 1690 generis,
1288 1629 1412 1689 cujus
1439 1645 1571 1689 supra
1606 1628 1681 1672 de-

281 1709 654 1766 monstravimus,
686 1725 839 1766 naves.
869 1719 912 1753 et
943 1707 1096 1770 longas
1121 1724 1265 1752 xxvm
1299 1709 1467 1752 invenit
1496 1710 1682 1753 instruc·

282 1799 367 1846 tas,
404 1806 547 1851 neque
583 1788 774 1834 multum
809 1790 958 1834 abesse
995 1789 1048 1833 ab
1086 1806 1157 1845 co,
1196 1789 1304 1849 quin
1343 1790 1490 1849 paucis
1527 1788 1681 1834 diebus

281 1868 438 1914 deduci
488 1881 679 1931 possent.
721 1868 996 1914 Collaudatis
1045 1868 1258 1913 militibus
1305 1878 1436 1929 atque
1478 1870 1558 1926 iis,
1605 1871 1680 1930 qui

281 1951 459 2012 negotio
487 1950 780 2013 praefuerant,
806 1949 913 2010 quid
939 1948 1033 1993 fieri
1067 1948 1174 1993 velit
1199 1949 1410 2006 ostendit,
1438 1959 1569 2010 atque
1592 1965 1681 1993 om-

281 2048 356 2074 nes
389 2031 443 2074 ad
488 2040 667 2092 portum
708 2031 844 2075 Itium
879 2031 1116 2074 convenire
1146 2030 1291 2090 jubet,
1334 2046 1422 2090 quo
1460 2047 1511 2073 ex
1546 2040 1678 2090 portu

281 2111 690 2156 commodissimum
728 2112 774 2155 in
811 2111 1087 2155 Britanniam
1128 2111 1433 2155 transmissum
1477 2128 1569 2155 esse
1607 2128 1678 2156 co-

280 2202 512 2253 gnoverat,
553 2192 730 2237 circiter
759 2190 950 2236 millium
995 2208 1203 2253 passuum
1238 2209 1332 2236 xxx
1363 2209 1387 2235 a
1414 2193 1673 2236 continenti.

286 2274 394 2318 Huic
429 2275 493 2318 rei
524 2274 644 2335 quod
681 2275 784 2318 satis
816 2291 908 2318 esse
943 2274 1087 2317 visum
1116 2283 1180 2316 est
1213 2272 1427 2329 militum,
1457 2270 1634 2334 reliquit
1664 2290 1673 2316 :

282 2353 370 2413 ipse
402 2371 503 2398 cum
538 2355 783 2417 legionibus
823 2354 1039 2416 expeditis
1076 2371 1121 2398 1v
1150 2364 1193 2397 et
1232 2355 1454 2415 equitibus
1485 2370 1600 2400 Dccc
1629 2354 1673 2397 in

283 2433 389 2477 fines
418 2436 704 2479 Trevirorum
734 2435 1048 2497 proficiscitur,
1070 2434 1191 2495 quod
1214 2435 1259 2478 hi
1282 2451 1425 2495 neque
1446 2433 1500 2477 ad
1524 2435 1672 2478 conci-

284 2511 339 2556 lia
376 2515 626 2573 veniebant,
664 2534 807 2577 neque
842 2517 1030 2577 imperio
1067 2516 1300 2577 parebant,
1338 2516 1673 2574 Germanosque

285 2596 626 2640 transrhenanos
654 2596 892 2641 sollicitare
915 2597 1187 2641 dicebantur.

347 2675 424 2718 III.
460 2679 563 2718 Haec
593 2678 746 2720 civitas
781 2676 911 2737 longe
941 2676 1181 2735 plurimum
1213 2678 1345 2721 totius
1369 2675 1525 2720 Galliae
1552 2675 1673 2737 equi-
