1972 3356
312 228 360 263 30
538 231 576 266 C.
609 232 737 266 JULII
766 231 981 267 CAESARIS
1009 232 1486 269 COMMENTARIORUM

312 312 562 372 postulatis,
589 313 705 369 fore,
732 315 797 356 uti
820 316 1067 374 pertinacia
1087 314 1329 359 desisteret.
1352 317 1456 359 Dies
1480 313 1699 375 colloquio

311 392 453 436 dictus
472 403 557 447 est,
587 410 636 436 ex
659 410 711 436 eo
736 393 806 437 die
830 395 1024 454 quintus.
1049 395 1259 451 Interim,
1286 411 1424 455 quum
1448 412 1559 456 saepe
1584 394 1699 439 ultro

308 472 508 532 citroque
528 471 658 534 legati
681 474 796 517 inter
815 490 888 518 eos
912 475 1212 532 mitterentur,
1238 476 1485 520 Ariovistus
1506 474 1700 536 postula-

308 551 388 606 vit,
412 569 466 595 ne
489 569 621 613 quem
651 554 841 614 peditem
867 555 923 598 ad
951 554 1223 616 colloquium
1251 557 1395 600 Caesar
1424 555 1659 600 adduceret
1688 574 1696 600 :

309 633 448 675 vereri
471 650 515 677 se
531 669 541 688 ,
569 651 624 678 ne
657 651 734 695 per
763 635 941 679 insidias
964 636 1017 680 ab
1047 653 1098 680 eo
1127 637 1522 680 circumveniretur
1546 653 1555 679 :
1579 646 1696 680 uter—

314 729 399 773 que
422 730 523 758 cum
542 717 741 776 equitatu
763 716 934 760 veniret
959 733 967 759 :
995 715 1079 759 alia
1102 717 1275 760 ratione
1302 733 1346 760 se
1369 733 1459 760 non
1481 733 1571 761 esse
1592 733 1697 760 ven-

307 803 472 839 turum.
495 798 662 851 Caesar,
688 795 807 856 quod
825 812 968 856 neque
989 795 1261 856 colloquium
1286 798 1543 856 interposita
1566 813 1694 840 causa

309 875 405 919 tolli
436 875 633 929 volebat,
671 893 815 937 neque
849 876 1035 920 salutem
1072 893 1197 920 suam
1231 875 1464 922 Gallorum
1498 877 1696 937 equitatu

304 958 581 1001 committere
608 957 819 1013 audebat,
851 957 1259 1001 commodissimum
1281 974 1370 1002 esse
1394 958 1569 1011 statuit,
1598 974 1694 1001 om-

304 1037 436 1081 nibus
454 1039 576 1097 equis
591 1037 731 1082 Gallis
755 1039 975 1099 equitibus
997 1038 1225 1093 detractis,
1251 1055 1303 1082 eo
1328 1037 1590 1099 legionarios
1614 1038 1697 1081 mi-

303 1116 400 1161 lites
429 1117 615 1179 legionis
640 1118 845 1174 decimae,
865 1119 936 1162 cui
959 1135 1091 1178 quam
1113 1120 1303 1162 maxime
1323 1118 1595 1173 confidebat,
1616 1119 1696 1162 im-

302 1215 489 1258 ponere,
518 1208 568 1243 ut
597 1198 851 1260 praesidium
875 1215 1008 1259 quam
1033 1199 1367 1253 amicissimum,
1397 1199 1431 1242 si
1458 1198 1564 1258 quid
1586 1215 1696 1259 opus

302 1278 416 1322 facto
446 1288 579 1332 esset,
605 1279 803 1323 haberet.
834 1278 971 1338 Quod
996 1295 1134 1339 quum
1165 1278 1308 1334 fieret,
1342 1295 1431 1321 non
1470 1277 1696 1322 irridicule

301 1358 482 1418 quidam
506 1375 559 1402 ex
577 1357 793 1402 militibus
808 1358 985 1402 (lecimae
1005 1358 1189 1419 legionis
1213 1357 1322 1401 dixit
1346 1375 1355 1401 :
1377 1378 1397 1399 «
1417 1356 1544 1414 Plus,
1563 1374 1695 1417 quam

302 1437 526 1499 pollicitus
555 1449 687 1493 esset,
712 1441 925 1483 Caesarem
952 1439 990 1481 ei
1016 1438 1156 1481 facere
1181 1455 1190 1480 ε
1215 1437 1483 1498 pollicitum,
1505 1438 1609 1481 sein
1628 1454 1696 1481 co-

299 1519 439 1562 hortis
460 1519 674 1579 praetoriae
690 1517 786 1562 loco
802 1518 1018 1562 decimam
1037 1517 1255 1579 legionem
1271 1518 1553 1572 habiturum3
1577 1534 1695 1561 nune

300 1599 355 1642 ad
381 1616 544 1660 equum
572 1600 829 1643 rescribere.
852 1619 872 1640 >³

362 1682 523 1724 XLIII.
560 1679 769 1724 Planities
809 1689 902 1723 erat
937 1696 1119 1741 magna,
1151 1688 1193 1723 et
1221 1680 1264 1722 iu
1295 1696 1344 1723 ca
1378 1677 1572 1722 tumulus
1606 1689 1694 1722 ter-

298 1777 431 1804 renus
451 1762 553 1805 satis
571 1760 764 1822 grandis.
788 1761 871 1804 Hic
894 1759 1015 1804 locus
1039 1777 1164 1820 aequo
1191 1760 1278 1803 fere
1303 1761 1444 1820 spatio
1464 1760 1517 1803 ab
1542 1759 1693 1803 eastris

299 1842 498 1901 utrisque
522 1841 687 1884 aberat.
717 1843 801 1895 Eo,
830 1850 877 1884 ut
903 1849 996 1884 erat
1023 1840 1210 1894 (lictum,
1242 1839 1297 1883 ad
1321 1839 1592 1900 colloquium
1620 1856 1693 1883 ve—

299 1930 475 1965 nerunt.
506 1921 750 1982 Legionem
784 1922 950 1976 Caesar,
982 1937 1115 1981 quam
1151 1921 1274 1980 equis
1309 1919 1565 1974 devexerat,
1593 1936 1692 1981 pas-

299 2003 416 2046 sibus
453 2001 652 2044 ducentis
693 2001 747 2044 ab
785 2018 837 2044 eo
874 2001 1045 2044 tumulo
1086 2001 1328 2045 constituit.
1373 2002 1484 2044 Item
1525 2001 1692 2061 equites

298 2082 511 2127 Ariovisti
552 2082 647 2141 pari
694 2080 926 2126 intervallo
969 2083 1279 2125 constiterunt.
1327 2082 1594 2137 Ariovistus,
1640 2098 1689 2125 ex

297 2164 418 2224 equis
444 2173 495 2206 ut
522 2161 906 2222 colloquerentur,
932 2172 994 2217 et,
1018 2171 1176 2222 praeter
1202 2178 1265 2218 se,
1294 2161 1431 2205 denos
1454 2170 1502 2205 ut
1524 2161 1579 2205 ad
1603 2159 1690 2205 col-

297 2243 495 2304 loquium
521 2242 815 2298 adducerent,
834 2242 1086 2304 postulavit.
1104 2243 1192 2287 Ubi
1211 2260 1262 2286 eo
1280 2252 1463 2286 ventum
1488 2252 1574 2297 est,
1596 2243 1689 2285 Cae·

296 2341 365 2368 sar
391 2325 517 2367 initio
537 2324 752 2367 orationis
771 2340 847 2367 sua
871 2333 1135 2383 senatusque
1159 2325 1203 2366 in
1225 2340 1326 2367 eum
1347 2322 1557 2367 beneficia
1576 2337 1689 2365 com-

297 2405 577 2460 memoravit,
615 2403 734 2464 quod
771 2421 847 2447 rex
883 2402 1129 2465 appellatus
1165 2413 1276 2448 esset
1306 2421 1329 2447 a
1363 2413 1535 2458 senatu,
1571 2401 1689 2462 quod

295 2486 483 2541 amicus,
514 2485 633 2546 quod
664 2502 850 2529 munera
879 2484 1148 2546 amplissima
1183 2487 1336 2542 missa;
1367 2500 1497 2545 quam
1525 2500 1616 2527 rem
1648 2493 1689 2527 et

298 2567 445 2624 paucis
469 2566 722 2627 contigisse,
752 2575 795 2609 et
826 2582 908 2626 pro
944 2568 1116 2627 magnis
1141 2567 1373 2610 hominum
1403 2563 1555 2609 officiis
1583 2580 1689 2608 con-

298 2661 438 2689 suesse
454 2647 586 2689 tribui
609 2646 794 2690 docebat
819 2664 827 2688 :
858 2646 1004 2698 illuni,
1020 2664 1155 2707 quum
1174 2662 1314 2706 neque
1328 2645 1518 2700 aditum,
1546 2661 1687 2706 neque
