1972 3356
583 246 647 280 DE
685 246 845 280 BELLO
875 245 1028 279 CIVILI
1057 245 1149 282 LIB.
1180 245 1207 278 Ι.
1553 247 1600 290 49

206 345 317 389 aqua
345 328 543 390 longius,
581 339 624 373 et
658 331 857 390 praesenti
890 328 1004 372 malo
1028 328 1123 373 aliis
1149 327 1274 372 malis
1299 327 1489 372 remedia
1525 326 1601 371 da-

205 409 382 454 bantur.
408 410 553 454 Prima
582 421 710 454 nocte
744 409 936 470 aquandi
966 426 1097 454 causa
1129 426 1259 454 nemo
1298 409 1524 471 egreditur
1549 425 1602 453 ex

206 493 359 535 castris
381 508 390 535 :
411 492 610 552 proximo
632 491 723 547 die,
749 489 950 552 praesidio
972 491 1016 533 in
1040 492 1193 534 castris
1219 490 1372 534 relicto
1387 525 1398 547 ,
1426 491 1602 534 univer-

206 589 272 616 sas
291 572 345 616 ad
359 588 516 632 aquam
538 572 684 632 copias
700 570 918 625 educunt,
941 569 1201 630 pabulatum
1216 571 1433 614 emittitur
1453 587 1599 614 nemo.

205 655 282 697 His
315 670 386 697 eos
429 651 647 713 supplices
682 649 795 694 male
836 650 989 693 haberi
1023 651 1198 707 Caesar,
1233 660 1273 693 et
1310 652 1601 694 necessariam

206 735 351 779 subire
376 732 663 787 deditionem,
689 748 821 792 quam
843 729 997 791 proelio
1021 730 1260 786 decertare,
1290 729 1481 775 malebat
1502 748 1510 774 ε
1528 748 1602 774 co-

209 825 338 858 natur
359 824 507 858 tamen
532 829 605 857 eos
631 811 745 856 vallo
772 811 977 872 fossaque
1001 812 1367 867 circummunire,
1394 821 1442 855 ut
1468 828 1601 872 quam

205 897 390 939 maxime
424 895 674 955 repentinas
713 910 866 937 eorum
908 894 1162 954 eruptiones
1192 892 1469 949 demoretur,
1512 909 1602 953 quo

205 977 447 1020 necessario
467 976 752 1020 descensuros
776 974 1069 1018 existimabat.
1092 973 1186 1029 Illi,
1212 984 1256 1018 et
1271 974 1419 1035 inopia
1450 972 1603 1034 pabuli

205 1056 402 1114 adducti,
425 1066 493 1113 et,
517 1073 606 1118 quo
627 1065 771 1100 essent
799 1055 853 1100 ad
884 1057 965 1100 iter
989 1056 1309 1117 expeditiores,
1337 1056 1486 1100 omnia
1516 1072 1604 1099 sar-

205 1138 371 1182 cinaria
392 1138 593 1199 jumenta
623 1137 811 1182 interfici
834 1137 1007 1198 jubent.

270 1221 499 1264 LXXXII.
529 1221 579 1262 In
603 1218 670 1263 his
691 1218 900 1280 operibus
920 1216 1204 1279 consiliisque
1228 1217 1414 1261 biduum
1442 1234 1604 1261 consu-

207 1301 343 1344 mitur
369 1317 378 1344 :
415 1301 544 1344 tertio
578 1300 648 1344 die
682 1316 843 1361 magna
864 1299 953 1359 jam
989 1315 1089 1360 pars
1121 1300 1266 1360 operis
1295 1299 1478 1343 Caesaris
1508 1316 1607 1360 pro-

206 1391 408 1425 cesserat.
440 1380 506 1425 llli
536 1380 823 1441 impediendae
848 1380 910 1423 rei
940 1396 1090 1433 causa,
1116 1380 1226 1423 hora
1252 1380 1428 1423 circiter
1448 1389 1604 1422 octava

206 1463 331 1522 signo
358 1461 484 1512 dato,
522 1460 713 1522 legiones
752 1459 970 1514 educunt,
997 1460 1224 1519 aciemque
1252 1459 1332 1503 sub
1363 1460 1516 1502 castris
1546 1460 1607 1502 in-

203 1552 396 1586 struunt.
415 1544 562 1586 Caesar
576 1541 631 1586 ab
649 1557 782 1601 opere
802 1539 994 1601 legiones
1020 1550 1217 1594 revocat,
1240 1539 1486 1599 equitatum
1511 1556 1606 1583 om-

207 1639 306 1666 nem
329 1623 566 1666 convenire
587 1622 739 1683 jubet,
766 1622 904 1665 aciem
930 1621 1139 1664 instruit:
1167 1630 1322 1664 contra
1347 1620 1603 1681 opinionem

205 1705 325 1748 enim
352 1702 543 1747 militum
571 1703 821 1763 famamque
848 1702 1049 1759 omnium
1078 1700 1218 1745 videri
1245 1699 1449 1762 proelium
1480 1700 1608 1744 diffu-

207 1786 337 1848 z,isse‚
369 1801 582 1845 magnum
620 1784 936 1827 detrimentum
973 1782 1198 1826 afferebat.
1238 1782 1322 1826 Sed
1356 1782 1521 1826 eisdem
1554 1781 1607 1825 de

208 1868 373 1923 causis,
413 1882 510 1926 quae
536 1874 638 1909 sunt
672 1864 881 1924 cognitae,
911 1880 999 1923 quo
1031 1863 1175 1906 minus
1210 1861 1422 1906 dimicare
1451 1861 1606 1919 vellet,

207 1948 466 1991 movebatur
482 1963 492 1995 ;
509 1955 641 2006 atque
661 1945 744 1989 hoc
759 1945 891 1988 etiam
912 1944 1072 2004 magis,
1093 1942 1212 2003 quod
1235 1944 1365 2004 spatii
1394 1943 1606 1999 brevitas,

209 2029 343 2072 etiam
371 2029 415 2071 in
451 2027 602 2089 fugam
641 2026 852 2086 conjectis
891 2024 1174 2079 adversariis,
1209 2040 1299 2067 non
1328 2022 1516 2067 multum
1553 2023 1607 2067 ad

211 2125 429 2153 summam
474 2108 667 2152 victoriae
700 2107 856 2168 juvare
889 2115 1065 2167 poterat
1095 2122 1102 2149 ε
1133 2121 1221 2148 non
1261 2105 1377 2149 enim
1419 2103 1607 2165 amplius

211 2190 374 2252 pedum
421 2188 615 2233 millibus
663 2205 693 2233 [ι
740 2188 794 2232 ab
844 2188 996 2232 castris
1032 2196 1175 2231 castra
1214 2185 1450 2230 distabant.
1493 2187 1608 2229 Hinc

211 2272 318 2316 duas
352 2283 498 2333 partes
534 2272 648 2315 acies
674 2269 952 2331 occupabant
987 2268 1104 2323 duae3
1145 2269 1273 2312 tertia
1308 2267 1517 2324 vacabat,
1553 2267 1605 2310 ad

213 2355 437 2397 incursum
474 2362 605 2413 atque
643 2352 854 2412 impetum
888 2349 1080 2394 militum
1117 2348 1279 2392 relicta.
1317 2350 1362 2392 Si
1403 2347 1608 2410 proelium

211 2435 582 2488 committeretur,
612 2432 920 2494 propinquitas
945 2441 1193 2474 castrorum
1222 2428 1407 2473 celerem
1435 2444 1608 2489 snpera-

214 2515 269 2558 tis
295 2531 348 2558 ex
371 2514 474 2576 fuga
502 2522 728 2574 receptum
757 2511 902 2556 dabat.
934 2514 1027 2555 Hac
1053 2511 1106 2555 de
1134 2527 1267 2555 causa
1289 2510 1578 2554 constituerat
1597 2545 1607 2561 ,

214 2597 338 2657 signa
372 2595 661 2640 inferentibus
687 2594 914 2650 resistere,
940 2594 1060 2654 prior
1080 2591 1235 2654 proelio
1259 2608 1348 2634 non
1382 2589 1604 2634 lacessere.

281 2678 532 2721 LXXXIII.
575 2676 700 2720 Acies
742 2683 835 2718 erat
880 2674 1120 2719 Afraniana
1172 2671 1333 2733 duplex
1382 2671 1607 2732 legionum

409 2774 452 2801 ΙΙ.
1400 2774 1424 2806 ιζ
