1972 3356
286 263 355 305 164
494 265 532 298 C.
566 262 693 297 JULII
725 260 943 295 CAESARIS
971 258 1459 295 COMMENTARIORUM

280 347 379 390 liam
409 348 452 390 in
484 346 646 390 finibus
672 347 976 389 Arvernorum
1006 341 1153 386 audita
1184 351 1309 398 sunt3
1338 344 1456 402 quod
1484 344 1670 404 spatium

278 436 342 470 est
370 425 560 470 millium
585 425 762 469 circiter
783 440 883 469 CLX.

343 508 419 550 IV.
455 504 599 552 Simili
639 506 810 549 ratione
846 504 906 548 ibi
944 504 1301 564 Vercingetorix,
1341 503 1504 549 Celtilli
1534 502 1672 559 filius,

278 593 502 632 Arvernus
516 623 526 643 ,
551 603 732 631 summae
755 585 963 647 potentiae
981 583 1232 628 adolescens
1250 583 1396 645 (cujus
1416 593 1539 645 pater
1560 583 1675 644 prin-

275 669 471 729 cipatum
512 666 668 712 Galliae
703 667 838 710 totius
869 666 1147 721 obtinuerat,
1178 675 1222 708 et
1249 665 1305 708 ob
1346 681 1441 708 eam
1477 680 1673 720 causam,

275 748 395 809 quod
434 765 622 810 regnum
658 747 913 809 appetebat,
947 747 1001 790 ab
1037 748 1214 790 civitate
1243 756 1335 790 erat
1371 744 1672 806 interfectus),

276 829 529 872 convocatis
562 829 650 872 suis
685 826 940 882 clientibus,
976 826 1102 871 facile
1135 843 1207 870 cos
1240 826 1449 869 incendit.
1482 826 1673 887 Cognito

275 910 367 969 ejus
387 908 664 965 consilio‚.ad
690 924 812 951 arma
833 908 1117 951 concurritur
1142 924 1150 950 :
1176 907 1229 950 ab
1255 907 1572 961 Gobanitione,
1596 923 1672 967 pa-

276 999 377 1032 truo
405 1005 503 1045 suo,
537 988 804 1048 reliquisque
835 987 1129 1048 principibus,
1161 988 1237 1047 qui
1270 987 1382 1030 hanc
1417 986 1672 1030 tentandam

275 1069 500 1113 fortunam
525 1085 615 1112 non
636 1068 966 1122 existimabant,
990 1065 1225 1127 expellitur
1251 1083 1303 1109 ex
1321 1065 1485 1127 oppido
1506 1069 1673 1127 Gergo—

274 1150 343 1192 via
375 1167 383 1192 :
417 1166 506 1192 non
539 1148 705 1192 destitit
730 1158 896 1203 tamen,
923 1156 1055 1207 atque
1080 1148 1123 1189 in
1155 1147 1269 1208 agris
1299 1146 1431 1191 habet
1462 1145 1671 1190 dilectum

274 1230 497 1291 egentium
521 1246 571 1273 ac
601 1228 888 1289 perditorum.
910 1230 1004 1271 Hac
1034 1236 1183 1271 coacta
1209 1244 1361 1283 manu,
1386 1243 1673 1288 quoscunque

274 1310 365 1355 adit
386 1327 440 1354 ex
465 1311 662 1365 civitate,
683 1309 737 1353 ad
758 1326 879 1353 suam
907 1309 1170 1352 sententiam
1194 1307 1396 1368 perducit
1419 1322 1430 1351 ε
1453 1307 1670 1363 hortatur,

273 1402 323 1435 ut
358 1392 605 1435 communis
634 1389 850 1434 libertatis
879 1406 1010 1433 causa
1039 1405 1160 1433 arma
1189 1390 1386 1450 capiant,
1415 1389 1672 1450 magnisque

273 1473 434 1517 coactis
472 1473 631 1533 copiis,
670 1471 943 1514 adversarios
982 1487 1102 1525 SUOS,
1140 1487 1164 1513 a
1205 1470 1364 1530 quibus
1405 1469 1537 1531 paulo
1570 1478 1672 1514 ante

270 1563 368 1597 erat
388 1555 573 1614 ejectus,
594 1550 774 1614 expellit
798 1569 849 1594 cx
875 1552 1064 1595 civitate.
1090 1553 1183 1594 Rex
1206 1551 1260 1594 ab
1281 1551 1370 1595 suis
1391 1549 1638 1612 appellatur
1660 1568 1668 1594 :

272 1633 456 1677 dimittit
483 1649 817 1694 quoquoversus
846 1631 1107 1693 legationes;
1138 1632 1405 1687 obtestatur,
1438 1642 1484 1675 ut
1513 1632 1556 1674 in
1586 1631 1670 1676 fide

272 1724 491 1758 maneant.
519 1712 732 1758 Celeriter
760 1713 842 1757 sibi
866 1714 1080 1768 Senones,
1104 1712 1315 1768 Parisios,
1337 1713 1561 1767 Pictones,
1585 1714 1670 1757 Ca-

271 1794 451 1851 durcos,
494 1797 721 1850 Turones,
770 1793 1008 1849 Aulercos,
1047 1795 1332 1849 Lemovices,
1366 1793 1532 1849 Andes,
1572 1792 1671 1837 reli—

271 1891 470 1935 quosque
495 1891 667 1929 omncs,
693 1875 768 1934 qui
795 1876 1024 1918 Oceanum
1051 1874 1295 1935 attingunt,
1318 1873 1519 1935 adjungit
1542 1890 1551 1916 :
1573 1891 1669 1918 om-

271 1956 393 1999 nium
424 1972 639 1999 consensu
669 1955 724 1998 ad
752 1971 851 1998 cum
882 1954 1077 1999 defertur
1110 1956 1360 2016 imperium.
1391 1956 1493 2013 Qua
1523 1954 1667 1999 oblata

271 2046 507 2096 potestate,
536 2036 742 2080 omnibus
768 2036 834 2079 his
863 2037 1115 2080 civitatibus
1140 2036 1315 2081 obsides
1344 2037 1549 2097 imperat,
1574 2052 1668 2080 cer-

271 2125 363 2159 tum
390 2133 625 2161 numerum
652 2116 844 2161 militum
869 2117 923 2161 ad
944 2134 988 2161 se
1013 2116 1213 2161 celeriter
1240 2117 1399 2161 adduci
1422 2117 1572 2177 jubct3
1600 2134 1668 2161 ar—

270 2213 443 2241 morum
477 2208 692 2259 quantum
731 2215 916 2258 quaeque
955 2199 1107 2242 civitas
1141 2198 1281 2253 (lonii,
1321 2197 1528 2258 quodque
1567 2207 1667 2241 ante

269 2287 443 2338 tempus
495 2278 684 2332 efficiat,
725 2279 968 2322 constituit.
1018 2282 1069 2323 In
1112 2279 1265 2340 primis
1309 2279 1525 2339 equitatui
1574 2287 1665 2321 stu-

269 2358 355 2401 det.
394 2360 586 2402 Summae
624 2357 862 2421 diligentiae
908 2376 1127 2403 summam
1172 2360 1345 2420 imperii
1385 2360 1663 2403 severitatem

268 2438 390 2482 addit
421 2457 429 2483 :
458 2440 765 2501 magnitudine
804 2439 1009 2501 supplicii
1053 2440 1304 2484 dubitantes
1344 2441 1491 2501 cogit,
1528 2455 1662 2495 nam,

269 2520 433 2579 majore
465 2521 698 2565 commisso
733 2520 918 2578 delicto,
952 2522 1041 2582 igni
1072 2531 1204 2583 atque
1237 2521 1442 2565 omnibus
1475 2529 1663 2563 tormen-

272 2599 325 2642 tis
355 2610 505 2656 necat;
534 2600 699 2646 leviore
734 2602 787 2645 de
816 2619 968 2656 causa,
1003 2602 1181 2646 auribus
1219 2601 1423 2654 desectis,
1462 2610 1539 2644 aut
1571 2601 1661 2644 sin-

275 2678 383 2738 gulis
415 2680 580 2725 effossis
617 2682 783 2739 oculis,
822 2683 1002 2727 domum
1046 2683 1245 2740 remittit,
1277 2691 1323 2725 ut
1359 2682 1445 2724 sint
1482 2679 1657 2742 reliquis
