1972 3356
308 211 355 254 48
517 212 554 246 C.
583 211 709 246 JULII
737 209 954 244 CAESARIS
986 209 1466 245 COMMENTARIORUM

371 295 552 338 LXXX.
573 291 667 335 Tali
693 307 828 351 quum
850 297 1071 351 pugnatur
1096 290 1250 347 modo,
1279 290 1391 335 lente
1414 302 1544 352 atque
1569 312 1677 355 pau-

308 374 426 417 latim
464 371 735 432 proceditur,
761 371 1026 431 crebroque,
1057 379 1107 413 ut
1139 371 1224 414 sint
1252 370 1412 414 auxilio
1445 373 1552 428 suis,
1578 375 1677 417 suh-

307 454 489 507 sistunt,
514 461 562 494 ut
582 461 672 494 tuin
698 450 868 494 accidit.
893 448 1036 494 Millia
1062 450 1176 493 enim
1208 450 1423 510 progressi
1453 467 1519 508 1V,
1547 453 1678 497 vehe-

308 532 580 591 mentiusque
625 531 851 592 peragitati
888 530 941 573 ab
971 531 1190 590 equitatu,
1234 540 1428 574 montem
1466 531 1679 576 excelsum

308 612 507 672 capiunt,
547 611 693 671 ibique
725 628 812 654 una
852 609 995 654 fronte
1033 620 1184 654 contra
1223 611 1391 655 hostem
1419 621 1557 655 castra
1585 629 1680 657 mu-

308 692 460 747 niunt,
485 708 624 751 neque
641 692 849 752 jumentis
870 707 1003 734 onera
1023 690 1263 751 deponunt.
1284 691 1372 735 Ubi
1393 693 1681 746 Caesariscas-

309 781 375 814 tra
393 771 529 831 posita
543 806 553 826 ,
581 769 944 830 tabernaculaque
960 771 1216 827 constituta,
1236 780 1277 813 et
1296 769 1494 814 dimissos
1515 773 1680 831 equites

310 850 545 911 pabulandi
561 867 689 895 causa
708 852 902 894 animum
925 850 1226 905 adverterunt,
1247 866 1336 894 sese
1364 850 1508 894 subito
1535 852 1678 911 prori-

309 931 436 990 piunt
461 948 469 974 :
501 931 606 974 liora
636 931 807 974 circiter
833 939 952 973 sexta
988 930 1181 990 ejusdem
1207 930 1311 986 diei,
1341 940 1382 974 et
1410 947 1528 990 spem
1564 934 1680 976 nacti

309 1027 440 1054 morae
456 1045 466 1065 ,
491 1011 680 1055 discessu
696 1020 943 1053 nostrorum
961 1010 1159 1069 equitum
1175 1011 1279 1064 ,iter
1296 1009 1434 1053 facere
1449 1011 1677 1070 incipiunt.

308 1091 407 1147 Qua
441 1107 486 1134 re
516 1089 839 1145 animadversa,
868 1091 1036 1145 Caesar,
1080 1088 1239 1132 relictis
1276 1087 1542 1149 legionibus,
1579 1091 1681 1133 sub-

309 1171 525 1230 sequitur,
554 1169 754 1230 praesidio
784 1168 1104 1229 impedimentis
1130 1184 1289 1228 paucas
1323 1168 1521 1212 cohortes
1552 1168 1683 1213 relin-

308 1252 403 1310 quit
433 1267 441 1293 :
467 1251 574 1294 hora
601 1267 630 1293 x
655 1249 858 1309 subsequi
882 1247 1178 1309 pabulatores,
1205 1249 1459 1309 equitesque
1483 1251 1682 1293 revocari

304 1331 442 1391 jubet.
474 1330 684 1376 Celeriter
720 1330 938 1390 equitatus
972 1329 1026 1372 ad
1059 1329 1363 1389 quotidianum
1399 1330 1564 1373 itineris
1590 1329 1683 1373 offi-

309 1412 425 1455 cium
438 1412 672 1454 revertitur
690 1427 699 1453 :
719 1420 941 1471 pugnatur
956 1410 1112 1453 acriter
1129 1409 1183 1452 ad
1199 1410 1482 1453 novissimum
1501 1426 1655 1470 agmen
1670 1444 1682 1466 ,

309 1490 417 1534 adeo
435 1524 446 1546 ,
473 1500 520 1534 ut
544 1506 662 1550 paene
687 1499 808 1550 terga
833 1499 1113 1543 convertant3
1143 1487 1474 1548 compluresque
1501 1488 1682 1544 milites,

310 1572 441 1614 etiam
467 1569 665 1613 nonnulli
693 1569 991 1624 centuriones,
1023 1568 1355 1612 interficiuntur.
1387 1569 1580 1612 Instabat
1616 1585 1684 1630 ag-

310 1666 409 1693 men
432 1650 608 1704 Caesari,
638 1659 767 1709 atque
792 1649 1042 1692 universum
1069 1649 1333 1692 imminebat.

374 1731 576 1774 LXXXI.
603 1731 714 1772 Tum
748 1745 850 1772 vero
880 1744 1020 1787 neque
1050 1728 1103 1770 ad
1131 1727 1446 1788 explorandum
1476 1729 1682 1773 idoneum

311 1809 454 1853 locum
482 1809 652 1863 castris,
679 1824 821 1867 neque
850 1807 903 1851 ad
933 1807 1302 1868 progrediendum
1330 1808 1428 1852 data
1453 1809 1683 1866 facultate,

311 1889 553 1933 consistunt
578 1888 838 1944 necessario,
867 1897 909 1931 et
936 1887 1086 1948 procul
1128 1889 1179 1931 ab
1202 1905 1334 1948 aqua,
1361 1898 1401 1932 et
1427 1899 1583 1933 natura
1607 1891 1687 1933 ini-

313 1986 399 2029 quo
419 1969 515 2013 loco
529 1978 669 2013 castra
691 1977 874 2029 ponunt.
902 1968 987 2012 Sed
1005 1968 1155 2012 iisdem
1171 1968 1222 2012 de
1242 1970 1380 2012 causis
1401 1972 1544 2014 Caesar
1559 2004 1570 2024 ,
1590 1986 1685 2029 quae

313 2066 442 2110 supra
471 2059 572 2093 sunt
600 2048 928 2104 demonstratae,
959 2046 1111 2108 proelio
1141 2048 1326 2108 amplius
1363 2066 1451 2093 non
1487 2049 1683 2105 lacessit,

313 2139 355 2173 et
377 2147 427 2174 eo
452 2129 520 2173 die
552 2127 833 2173 tabernacula
868 2130 998 2172 statui
1025 2145 1175 2189 passus
1212 2145 1300 2172 non
1329 2139 1417 2185 est,
1445 2146 1531 2189 quo
1562 2145 1686 2190 para-

316 2210 444 2253 tiores
468 2220 607 2253 essent
639 2210 693 2253 ad
730 2208 1046 2269 insequendum
1084 2225 1259 2264 omues,
1296 2210 1383 2252 sive
1411 2219 1565 2265 noctu,
1597 2211 1685 2252 sive

317 2291 506 2335 interdiu
526 2300 818 2352 erumperent.
838 2289 907 2333 Illi
931 2290 1070 2345 enim,
1092 2289 1272 2333 adverso
1294 2290 1397 2333 vitio
1421 2299 1685 2343 castrorum,

317 2381 407 2415 tota
434 2380 561 2415 nocte
590 2372 854 2415 munitiones
876 2369 1124 2430 proferunt,
1154 2379 1379 2429 castraque
1405 2370 1553 2413 castris
1585 2385 1684 2411 con-

318 2461 506 2495 vertunt.
523 2454 615 2495 Hoc
639 2450 753 2494 idem
774 2451 971 2511 proximo
997 2450 1064 2493 die
1088 2467 1110 2493 a
1126 2451 1266 2511 prima
1294 2448 1389 2493 luce
1416 2449 1598 2503 faciunt3
1620 2458 1686 2491 to-

318 2540 496 2591 tumque
522 2532 565 2574 in
591 2547 640 2574 ea
666 2547 712 2574 re
741 2529 854 2573 diem
881 2540 1156 2573 consumunt.
1185 2529 1293 2583 Sed,
1320 2537 1533 2588 quantum
1557 2543 1686 2587 opere

320 2620 642 2670 processerant,
673 2620 717 2654 et
747 2619 885 2654 castra
931 2608 1227 2670 protulerant,
1260 2617 1381 2652 tanto
1412 2607 1590 2650 aberant
1632 2606 1686 2649 ab
