1972 3356
610 193 677 229 DE
709 193 876 230 BELLO
907 194 1065 229 CIVILI
1094 194 1188 229 LIB.
1214 194 1265 230 ΙΙ.
1596 197 1643 241 75

234 278 332 324 illos
349 280 480 324 etiam
502 279 659 340 iniquo
684 278 781 323 loco
803 278 1107 323 dimicandum
1134 288 1307 341 putare.
1333 281 1472 339 «Qua
1494 283 1614 327 enim
1633 320 1644 338 ,

232 362 401 423 inquit,
427 360 590 406 fiducia
609 370 652 406 et
670 377 803 422 opere
825 370 868 405 et
888 371 1049 405 natura
1072 360 1158 406 loci
1181 363 1477 409 munitissima
1501 375 1644 411 castra

231 444 477 506 expugnari
503 459 632 505 posse
659 441 953 486 confidimus?
985 451 1061 486 aut
1090 459 1194 487 vero
1221 444 1329 504 quid
1361 445 1644 506 proficimus,

232 526 288 583 si,
318 534 503 586 accepto
524 540 688 585 magno
716 522 1010 580 detrimento,
1037 524 1091 567 ab
1120 527 1455 585 oppugnatione
1475 538 1645 573 castro-

231 624 331 652 rum
351 605 648 651 discedimus?
671 604 796 666 quasi
837 620 928 647 non
958 614 1001 648 et
1023 603 1208 649 felicitas
1241 622 1389 650 rerum
1420 619 1645 669 gestarum

230 690 448 734 exercitus
481 685 837 731 benevolentiam
864 686 1240 747 imperatoribus,
1270 698 1313 732 et
1347 705 1416 732 res
1451 689 1645 737 adversae

229 770 330 814 odia
362 767 615 814 concilient.
648 769 909 813 Castrorum
940 777 1091 812 autem
1118 769 1309 813 mutatio
1336 770 1445 832 quid
1480 771 1645 830 habet,

228 851 313 895 nisi
340 860 519 912 turpem
548 849 726 911 fugam,
756 858 799 893 et
822 848 1176 911 desperationem
1207 852 1437 910 omnium,
1465 863 1509 898 et
1542 853 1648 900 alie-

227 933 455 976 nationem
470 929 716 976 exercitus?
739 948 841 976 nam
859 948 1002 992 neque
1017 931 1258 992 prudentes
1280 935 1497 995 suspicari
1517 952 1648 997 opor-

227 1024 314 1072 tet,
331 1014 413 1059 sibi
436 1030 595 1075 parum
619 1012 762 1069 credi3
778 1029 922 1075 neque
949 1013 1176 1075 improbos
1194 1015 1329 1070 scire,
1353 1032 1446 1060 sese
1469 1018 1612 1061 timeri
1637 1036 1645 1062 :

226 1095 350 1158 quod
377 1094 462 1140 illis
486 1094 712 1140 licentiam
746 1096 880 1139 timor
912 1104 1073 1157 augeat
1099 1106 1269 1154 nostcr;
1300 1097 1368 1141 his
1398 1098 1545 1144 studia
1568 1099 1646 1144 de-

227 1179 415 1222 minuat.
444 1177 579 1235 Quod
619 1178 653 1222 si
674 1178 793 1240 jam,
822 1178 993 1239 inquit,
1019 1178 1110 1223 haec
1147 1177 1378 1241 explorata
1404 1181 1647 1238 habemus,

228 1277 326 1321 quae
352 1259 407 1304 de
433 1261 654 1304 exercitus
681 1258 948 1304 alienatione
977 1259 1209 1318 dicuntur,
1235 1278 1331 1323 quae
1361 1262 1543 1323 quidem
1565 1281 1648 1326 ego

227 1351 306 1386 aut
338 1342 524 1386 omnino
554 1340 686 1399 falsa,
715 1351 794 1386 aut
820 1351 937 1386 certe
967 1342 1141 1386 minora
1170 1344 1382 1404 opinione
1418 1361 1510 1390 esse
1539 1362 1647 1390 con-

226 1423 344 1478 fido,
387 1433 579 1485 quanto,
614 1423 707 1467 haec
734 1421 1005 1468 dissimulari
1048 1432 1090 1467 et
1131 1422 1367 1481 occultari,
1399 1442 1534 1485 quam
1569 1444 1649 1489 per

227 1522 307 1549 nos
331 1505 609 1561 confirmari,
632 1503 838 1566 praestat?
865 1506 935 1548 An
959 1521 1076 1559 non,
1111 1505 1174 1548 uti
1199 1506 1402 1566 corporis
1432 1506 1619 1552 vulnera
1636 1544 1648 1565 ‚

226 1587 287 1631 ita
313 1587 529 1632 exercitus
557 1585 840 1631 incommoda
865 1596 969 1630 sunt
999 1584 1209 1648 tegenda,
1241 1603 1296 1630 ne
1328 1604 1451 1648 spem
1487 1588 1648 1634 adver-

227 1670 353 1714 sariis
367 1668 634 1732 augeamus?
647 1671 708 1714 At
727 1669 862 1712 etiam
878 1703 889 1724 ‚
908 1678 956 1712 ut
971 1668 1114 1712 media
1139 1677 1269 1712 nocte
1286 1669 1649 1730 proficiscamur,

227 1750 424 1807 addunt3
454 1767 544 1812 quo
582 1750 820 1810 majorem,
868 1748 1026 1806 credo,
1054 1748 1281 1793 licentiam
1317 1750 1538 1808 habeant,
1573 1754 1649 1814 qui

226 1849 412 1895 peccare
445 1841 701 1876 conentur:
734 1847 928 1892 namque
961 1830 1219 1892 hujusmodi
1259 1847 1328 1874 res
1356 1844 1433 1878 aut
1455 1834 1649 1896 pudore,

229 1924 308 1958 aut
333 1923 456 1958 metu
481 1923 713 1970 tenentur,
733 1911 894 1974 quibus
917 1912 1051 1956 rebus
1074 1929 1164 1957 nox
1189 1915 1379 1959 maxime
1398 1915 1650 1960 adversaria

230 2006 308 2040 est.
337 1996 491 2054 Quare
518 2011 662 2056 neque
682 1995 793 2039 tanti
815 2011 913 2038 sum
936 1994 1099 2052 animi,
1126 2005 1172 2040 ut
1201 1997 1295 2040 sine
1320 2014 1397 2058 spe
1412 2008 1555 2042 castra
1577 2015 1652 2061 op-

230 2077 472 2140 pugnanda
503 2093 730 2135 censeam;
777 2093 920 2138 neque
953 2077 1062 2121 tanti
1098 2078 1295 2137 timoris,
1334 2089 1382 2123 ut
1419 2080 1514 2142 ipse
1544 2080 1651 2125 defi-

230 2160 344 2204 ciam
365 2177 373 2204 :
392 2170 526 2221 atque
544 2160 693 2204 onmia
714 2159 838 2220 prius
862 2159 1128 2221 experienda
1156 2160 1375 2219 arbitror,
1397 2178 1650 2223 magnaque

231 2259 281 2286 ex
304 2252 431 2305 parte
449 2242 542 2304 jam
568 2258 639 2286 me
663 2258 752 2286 una
779 2242 1007 2287 vobiscum
1033 2241 1087 2286 de
1110 2259 1157 2286 re
1179 2242 1400 2303 judicium
1422 2242 1648 2289 facturum

230 2324 422 2369 confido.
444 2345 465 2366 ))

298 2408 491 2451 XXXII.
530 2407 728 2451 Dimisso
757 2406 967 2466 concilio,
1002 2409 1264 2453 concionem
1305 2409 1495 2454 advocat
1530 2407 1650 2453 mili-

234 2498 330 2534 tum
353 2497 763 2546 :commemorat,«
779 2506 868 2550 quo
883 2491 940 2535 sit
964 2507 1120 2535 eorum
1148 2508 1251 2535 usus
1282 2491 1430 2536 studio
1460 2490 1515 2535 ad
1536 2492 1650 2535 Cor-

235 2571 392 2615 finium
407 2572 553 2616 Caesar
570 2588 579 2615 :
599 2579 647 2615 ut
662 2587 868 2634 magnam
885 2583 1058 2635 partem
1084 2572 1221 2618 Italiae
1238 2609 1249 2631 ,
1271 2573 1489 2618 beneflcio
1516 2583 1651 2634 atquc

237 2654 500 2698 auctoritate
525 2669 703 2711 eorum,
729 2670 855 2698 suam
880 2654 1046 2700 fecerit.
1073 2658 1165 2701 Vos
1194 2656 1312 2701 enim
1328 2691 1340 2715 7
1364 2665 1653 2716 vestrumque
