1972 3356
575 217 643 253 DE
673 217 838 253 BELLO
870 217 1028 252 C1V1L1
1055 217 1149 252 LIB.
1181 217 1252 252 111.
1549 218 1620 254 125

210 303 342 366 vulgo
367 320 474 348 vero
496 303 692 348 universi
712 303 756 347 in
781 304 918 365 Epiro
941 313 1075 364 atque
1094 301 1256 348 AEtolia
1277 305 1516 366 conscripti
1543 305 1624 349 mi-

210 385 328 442 lites,
355 402 596 447 earumque
621 385 854 447 regionum
881 385 1108 439 omnium,
1136 400 1233 445 quae
1257 402 1281 430 a
1308 387 1481 432 Caesare
1506 396 1624 432 lene-

209 470 384 514 bantur.
421 467 508 513 Sed
542 467 609 524 hi,
650 467 839 528 cognitis
869 466 1078 510 omnibus
1114 466 1270 522 rebus,
1313 485 1389 512 seu
1429 469 1537 530 quid
1579 470 1624 513 in

208 549 530 595 munitionibus
562 547 807 610 perfectum
851 563 938 591 non
973 556 1088 602 erat,
1113 564 1190 592 seu
1222 548 1330 608 quid
1357 565 1381 593 a
1408 552 1625 611 peritiori-

208 632 289 677 bus
328 632 388 676 rei
415 628 617 675 militaris
668 627 908 673 desiderari
954 627 1216 683 videbatur,
1258 631 1623 694 temporibusque

209 730 355 759 rerum
389 722 431 756 et
459 711 610 774 spatiis
635 709 837 755 locorum
865 720 909 754 et
937 709 1241 755 custodiarum
1282 712 1403 757 varia
1442 712 1625 776 diligen—

210 797 267 840 tia
305 792 631 849 animadversa,
676 802 811 854 prout
850 792 1065 854 cujusque
1103 809 1280 850 eorum,
1308 794 1383 854 qui
1436 797 1626 857 negotiis

206 886 449 940 praeerant,
472 886 549 921 aut
569 885 729 920 natura
752 885 830 920 aut
857 874 1056 920 studium
1081 873 1274 931 ferebat,
1305 876 1398 920 haec
1417 875 1473 921 ad
1499 880 1626 922 Pom-

206 959 353 1021 peium
383 958 532 1003 omnia
560 956 830 1003 detulerunt.

268 1043 410 1086 LXII.
449 1040 630 1098 Quibus
676 1039 748 1085 ille
782 1041 996 1103 cognitis,
1026 1042 1364 1104 eruptionisque
1393 1042 1485 1103 jam
1522 1053 1626 1087 ante

205 1133 336 1186 capto
370 1122 583 1181 consilio,
623 1133 671 1168 ut
700 1123 1055 1169 demonstratum
1094 1136 1184 1182 est,
1223 1133 1445 1186 tegmenta
1489 1123 1626 1187 galeis

205 1205 366 1251 milites
393 1223 442 1250 ex
471 1205 712 1250 viminibus
742 1205 910 1262 facere,
943 1216 1075 1268 atque
1101 1222 1309 1269 aggerem
1339 1217 1627 1268 comportare

201 1288 344 1349 jubet.
372 1289 451 1332 His
476 1289 642 1350 paratis
661 1288 819 1345 rebus,
842 1305 1055 1350 magnum
1084 1304 1322 1334 numerum
1344 1287 1452 1333 levis
1480 1305 1628 1333 arma·

207 1382 315 1416 turae
332 1381 375 1415 et
401 1372 736 1434 sagittariorum
756 1406 767 1428 ‚
791 1388 1088 1434 aggeremque
1112 1388 1290 1416 omnem
1307 1381 1441 1416 noctu
1467 1372 1510 1415 in
1535 1388 1627 1417 sca-

206 1454 314 1515 phas
343 1463 385 1498 et
413 1470 544 1499 naves
571 1454 790 1500 actuarias
818 1454 1054 1515 imposuit,
1079 1463 1122 1498 et
1152 1452 1206 1498 de
1230 1453 1374 1497 media
1402 1463 1531 1498 nocte
1554 1470 1627 1498 co-

206 1535 354 1580 bortes
390 1553 476 1594 Lx,
517 1553 569 1580 ex
612 1536 815 1580 maximis
849 1537 1004 1580 castris
1041 1535 1345 1597 praesidiisque
1393 1535 1626 1589 deductas,

204 1616 259 1662 ad
283 1634 380 1662 eam
415 1627 586 1680 partem
617 1618 922 1662 munitionum
965 1617 1108 1674 ducit,
1137 1634 1234 1679 quae
1262 1617 1546 1681 pertinebant
1571 1617 1626 1661 ad

205 1716 348 1755 mare,
377 1700 722 1763 longissimeque
753 1717 776 1744 a
800 1700 1002 1744 maximis
1028 1701 1184 1745 eastris
1210 1701 1397 1745 Caesaris
1425 1700 1624 1745 aberant.

206 1781 374 1826 Eodem
400 1799 534 1826 naves
551 1818 562 1837 ‚
591 1799 700 1842 quas
725 1780 1129 1826 demonstravimus
1163 1798 1324 1843 aggere
1353 1793 1397 1826 et
1425 1781 1531 1827 levis
1557 1800 1626 1827 ar-

206 1874 390 1908 maturae
428 1863 643 1908 militibus
685 1862 949 1925 completas,
994 1879 1193 1924 quasque
1233 1862 1290 1907 ad
1327 1864 1625 1925 Dyrrachium

207 1963 338 1992 naves
361 1945 514 2009 longas
543 1946 758 2004 habebat,
789 1947 949 2003 mittit,
977 1956 1019 1990 et
1044 1945 1152 2007 quid
1178 1963 1202 1990 a
1227 1963 1406 2007 quoque
1432 1946 1527 1991 fieri
1557 1964 1626 1992 ve-

208 2029 275 2086 lit,
297 2030 509 2092 praecipit.
538 2028 604 2076 Ad
643 2046 715 2074 eas
754 2029 1025 2073 munitiones
1061 2031 1208 2074 Caesar
1235 2027 1478 2074 Lentulum
1506 2031 1627 2075 Mar-

206 2110 415 2157 cellinum
447 2121 712 2174 quaestorem
752 2128 854 2156 cum
892 2109 1066 2174 legione
1105 2128 1224 2156 nona
1264 2112 1460 2173 positum
1487 2112 1625 2157 habe-

208 2194 294 2238 bat.
321 2194 462 2249 Huic,
499 2193 621 2256 quod
651 2193 901 2240 valetudine
943 2195 1089 2239 minus
1114 2193 1349 2238 commoda
1386 2194 1624 2249 utebatur,

211 2275 412 2320 Fulvium
431 2277 728 2322 Posthumum
754 2276 1003 2338 adjutorem
1031 2276 1311 2322 submiserat.

270 2360 437 2403 LXIII.
466 2360 573 2403 Erat
597 2375 649 2403 eo
671 2358 769 2404 loco
796 2358 908 2404 fossa
937 2359 1102 2422 pedum
1129 2374 1189 2404 xv
1205 2395 1216 2416 ‚
1239 2370 1283 2404 et
1304 2357 1448 2405 vallus
1469 2369 1625 2405 contra

208 2439 377 2484 hostem
418 2441 461 2484 in
506 2439 788 2486 altitudinem
824 2440 986 2504 pedum
1013 2460 1069 2497 x,
1108 2441 1478 2504 tantumdemque
1531 2442 1626 2503 ejus

206 2519 308 2566 valli
345 2539 482 2586 agger
520 2524 564 2568 in
593 2521 879 2569 latitudinem
915 2525 1105 2589 patebat.
1148 2524 1215 2570 Ab
1258 2541 1337 2580 e0‚
1371 2524 1626 2569 intermisso

206 2604 348 2665 spatio
371 2604 537 2667 pedum
564 2622 649 2664 De,
674 2605 785 2652 alter
811 2625 1052 2655 conversus
1079 2609 1123 2652 in
1150 2608 1423 2653 contrariam
1453 2617 1625 2670 partem

207 2695 301 2729 erat
335 2685 496 2744 vallus,
530 2687 771 2734 humiliore
804 2689 939 2753 paulo
970 2691 1221 2736 munitione
1255 2710 1263 2735 :
1294 2691 1378 2736 hoc
1403 2691 1521 2735 enim
1561 2707 1629 2735 su—
