1972 3356
365 259 439 282 200
601 247 640 281 C.
666 246 796 280 JULII
824 243 1043 278 CAESARIS
1073 242 1340 277 COMMENT.
1372 244 1520 278 LIBER

364 330 456 392 pidi
477 336 737 389 conspectu,
760 325 882 382 loco,
908 324 1080 370 excelso
1105 323 1208 369 facit
1236 333 1402 381 castra3
1428 323 1598 369 litteras
1622 325 1676 369 ad
1692 342 1757 370 re-

364 426 460 471 gem
486 407 716 470 Bogudem
741 407 785 451 in
814 406 1151 463 Mauritaniam,
1182 414 1225 449 et
1250 403 1305 448 ad
1326 407 1389 449 M.
1416 404 1635 466 Lepidum
1661 422 1757 466 pro-

363 487 590 534 consulem
618 489 663 533 in
684 489 947 550 Hispaniam
974 486 1237 532 Citeriorem
1270 485 1428 543 mittit,
1456 485 1651 530 subsidio
1675 485 1758 530 sibi

361 571 689 632 provinciaeque
710 569 895 614 Caesaris
921 585 1052 613 causa
1075 567 1408 629 quamprimum
1443 567 1627 611 veniret.
1658 569 1759 628 Ipse

361 651 510 696 hostili
521 650 654 696 modo
664 649 1020 696 Cordubensium
1029 665 1158 711 agros
1177 657 1337 704 vastat,
1350 647 1532 692 aedificia
1547 647 1758 692 incendit.

425 734 521 778 LX.
547 733 685 793 Cujus
707 733 771 776 rei
794 730 1075 776 deformitate
1097 740 1229 791 atque
1251 729 1516 791 indignitate
1540 728 1731 792 legiones
1746 765 1758 786 ,

362 831 458 875 quae
480 813 743 859 Marcellum
765 813 847 858 sibi
878 812 1035 857 ducem
1062 821 1292 874 ceperant,
1311 811 1366 855 ad
1392 828 1491 855 eum
1523 827 1759 855 concurre-

361 906 491 951 runt,
510 906 561 940 ut
586 897 630 940 in
654 896 793 940 aciem
813 894 1130 950 educerentur,
1153 894 1363 955 priusque
1388 892 1655 954 confligendi
1676 893 1758 937 sibi

363 986 556 1038 potestas
583 976 727 1033 fieret,
754 992 887 1036 quam
913 991 1012 1019 cum
1036 984 1158 1018 tanta
1180 972 1450 1018 contumelia
1480 972 1760 1018 nobilissimae

361 1059 681 1118 carissimaeque
717 1056 1011 1118 possessiones
1038 1053 1393 1099 Cordubensium
1435 1054 1480 1097 in
1521 1064 1760 1115 conspectu

361 1156 442 1183 suo
471 1139 657 1200 rapinis,
687 1137 833 1192 ferro,
861 1136 1128 1196 flammaque
1161 1144 1540 1179 consumerentur.
1570 1134 1762 1179 Marcel-

361 1219 452 1272 lus,
478 1236 615 1280 quum
639 1218 879 1280 confligere
909 1217 1208 1262 miserrimum
1237 1225 1432 1277 putaret,
1474 1215 1593 1276 quod
1634 1225 1676 1260 et
1704 1217 1763 1260 vi-

361 1302 494 1344 ctoris
512 1310 555 1345 et
576 1301 681 1344 victi
704 1299 1023 1344 detrimentum
1039 1297 1095 1342 ad
1113 1297 1317 1342 eumdem
1336 1299 1553 1342 Caesarem
1575 1307 1688 1341 esset
1701 1314 1763 1342 re-

361 1381 692 1438 dundaturum,
720 1397 863 1442 neque
888 1397 975 1425 suae
1001 1380 1226 1442 potestatis
1254 1395 1369 1433 esse,
1393 1376 1587 1440 legiones
1611 1378 1761 1422 Baetim

362 1462 632 1520 transducit,
658 1472 790 1523 atque
814 1462 954 1506 aciem
980 1461 1172 1505 instruit.
1203 1460 1355 1517 Quum
1384 1460 1582 1503 Cassium
1609 1468 1763 1503 contra

362 1560 442 1604 pro
469 1544 622 1587 castris
647 1543 734 1587 suis
759 1543 895 1586 aciem
921 1540 1177 1585 instruxisse
1198 1539 1295 1584 loco
1315 1540 1542 1600 superiore
1567 1539 1762 1595 videret,

361 1640 494 1668 causa
524 1623 804 1685 interposita,
832 1622 951 1683 quod
984 1623 1017 1665 is
1052 1622 1095 1664 in
1131 1637 1304 1681 aequum
1337 1637 1426 1664 non
1455 1619 1761 1677 descenderet,

361 1703 600 1749 Marcellus
626 1703 838 1747 militibus
864 1702 1117 1764 persuadet,
1149 1711 1197 1745 ut
1222 1718 1267 1745 se
1297 1701 1341 1744 in
1367 1710 1510 1745 castra
1529 1702 1761 1763 recipiant.

362 1786 517 1845 Itaque
540 1786 690 1846 copias
704 1783 915 1828 reducere
933 1784 1076 1844 coepit.
1097 1783 1274 1826 Cassius
1289 1816 1300 1837 ,
1316 1798 1404 1842 quo
1425 1781 1544 1826 bono
1569 1781 1764 1838 valebat,

362 1865 715 1926 Marcellumque
745 1865 973 1908 infirmum
996 1880 1087 1908 esse
1104 1864 1289 1917 sciebat,
1315 1879 1547 1925 aggressus
1563 1864 1763 1925 equitatu

364 1947 629 2010 legionarios
655 1964 700 1992 se
724 1947 1006 2008 recipientes,
1033 1944 1280 2007 complures
1307 1946 1566 1990 novissimos
1606 1946 1649 1989 in
1685 1945 1765 1990 ssu-

364 2031 494 2073 minis
519 2030 627 2091 ripis
652 2028 870 2073 interficit.
893 2029 1045 2085 Quum
1070 2027 1154 2072 hoc
1180 2026 1466 2081 detrimento,
1494 2017 1602 2087 quid
1630 2036 1766 2071 trans-

365 2113 452 2155 itus
479 2110 674 2155 ssuminis
702 2110 798 2154 vitii
826 2107 1190 2169 difficultatisque
1212 2108 1420 2165 haberet,
1445 2108 1672 2168 cognitum
1695 2123 1764 2151 es-

367 2203 457 2248 set,
485 2191 724 2237 Marcellus
752 2200 894 2235 castra
923 2190 1078 2235 Baetim
1105 2188 1332 2246 transfert,
1364 2188 1611 2249 crebroque
1645 2198 1764 2233 uter-

368 2290 453 2335 que
478 2272 676 2334 legiones
708 2273 754 2315 in
779 2272 916 2315 aciem
939 2270 1107 2327 educit;
1140 2286 1284 2331 neque
1314 2279 1461 2313 tamen
1487 2268 1764 2330 confligitur,

369 2364 552 2416 propter
568 2353 766 2397 locorum
789 2350 1083 2396 difficultates.

433 2437 550 2479 LXI.
589 2437 693 2478 Erat
735 2434 872 2494 copiis
898 2431 1173 2494 pedestribus
1205 2431 1346 2475 multo
1387 2431 1554 2474 firmior
1580 2429 1766 2475 Marcel-

369 2516 437 2560 lus
463 2533 471 2559 :
499 2516 687 2560 habehat
707 2516 824 2559 enim
848 2523 1095 2570 veteranas,
1118 2511 1355 2573 multisque
1377 2511 1541 2573 proeliis
1566 2521 1764 2572 expertas

371 2596 577 2658 legiones.
612 2596 787 2642 Cassius
826 2593 928 2639 fidei
970 2595 1130 2656 magis,
1162 2610 1293 2655 quam
1329 2594 1481 2637 virtuti
1516 2592 1764 2654 legionum,

374 2677 631 2721 confidebat.
659 2679 836 2737 Itaque,
862 2692 997 2737 quum
1016 2685 1156 2719 castra
1175 2675 1325 2720 castris
1348 2673 1504 2718 collata
1533 2683 1699 2729 essent,
1722 2683 1765 2717 et
