<?xml version="1.0" encoding="UTF-8"?>
<!DOCTYPE html PUBLIC "-//W3C//DTD XHTML 1.0 Transitional//EN"
    "http://www.w3.org/TR/xhtml1/DTD/xhtml1-transitional.dtd">
<html xmlns="http://www.w3.org/1999/xhtml" xml:lang="en" lang="en">
 <head>
  <title>
</title>
<meta http-equiv="Content-Type" content="text/html;charset=utf-8" />
  <meta name='ocr-system' content='tesseract 3.04.00' />
  <meta name='ocr-capabilities' content='ocr_page ocr_carea ocr_par ocr_line ocrx_word'/>
</head>
<body>
  <div class='ocr_page' id='page_1' title='image "./operajoh0102caesuoft_0311.png"; bbox 0 0 1972 3356; ppageno 0'>
   <div class='ocr_carea' id='block_1_1' title="bbox 618 204 1633 245">
    <p class='ocr_par' dir='ltr' id='par_1_1' title="bbox 618 204 1633 245">
     <span class='ocr_line' id='line_1_1' title="bbox 618 204 1633 245; baseline -0.004 0"><span class='ocrx_word' id='word_1_1' title='bbox 618 210 685 245; x_wconf 85' lang='lat' dir='ltr'>DE</span> <span class='ocrx_word' id='word_1_2' title='bbox 717 210 879 245; x_wconf 85' lang='lat' dir='ltr'>BELLO</span> <span class='ocrx_word' id='word_1_3' title='bbox 907 208 1059 244; x_wconf 86' lang='lat' dir='ltr'>CIVILI</span> <span class='ocrx_word' id='word_1_4' title='bbox 1083 209 1173 243; x_wconf 87' lang='lat' dir='ltr'>LlB.</span> <span class='ocrx_word' id='word_1_5' title='bbox 1200 209 1227 243; x_wconf 89' lang='lat' dir='ltr'>l.</span> <span class='ocrx_word' id='word_1_6' title='bbox 1612 204 1633 241; x_wconf 82' lang='lat'>5</span> 
     </span>
    </p>
   </div>
   <div class='ocr_carea' id='block_1_2' title="bbox 228 290 1643 2638">
    <p class='ocr_par' dir='ltr' id='par_1_2' title="bbox 228 290 1641 1813">
     <span class='ocr_line' id='line_1_2' title="bbox 229 290 1633 345; baseline -0.004 -7"><span class='ocrx_word' id='word_1_7' title='bbox 229 303 431 338; x_wconf 84' lang='lat' dir='ltr'>senatum</span> <span class='ocrx_word' id='word_1_8' title='bbox 447 293 663 338; x_wconf 85' lang='lat' dir='ltr'>refertur:</span> <span class='ocrx_word' id='word_1_9' title='bbox 684 304 778 338; x_wconf 80' lang='lat' dir='ltr'>tota</span> <span class='ocrx_word' id='word_1_10' title='bbox 798 291 923 337; x_wconf 86' lang='lat' dir='ltr'>ltalia</span> <span class='ocrx_word' id='word_1_11' title='bbox 944 290 1137 336; x_wconf 81' lang='lat' dir='ltr'>delectus</span> <span class='ocrx_word' id='word_1_12' title='bbox 1156 291 1428 345; x_wconf 78' lang='lat' dir='ltr'>habeantur3</span> <span class='ocrx_word' id='word_1_13' title='bbox 1448 294 1633 335; x_wconf 81' lang='lat' dir='ltr'>Faustus</span> 
     </span>
     <span class='ocr_line' id='line_1_3' title="bbox 229 372 1634 436; baseline -0.004 -17"><span class='ocrx_word' id='word_1_14' title='bbox 229 374 345 436; x_wconf 76' lang='lat' dir='ltr'>Sylla</span> <span class='ocrx_word' id='word_1_15' title='bbox 383 384 629 436; x_wconf 74' lang='lat' dir='ltr'>propraetor</span> <span class='ocrx_word' id='word_1_16' title='bbox 664 376 708 418; x_wconf 90' lang='lat' dir='ltr'>in</span> <span class='ocrx_word' id='word_1_17' title='bbox 741 375 1058 419; x_wconf 84' lang='lat' dir='ltr'>Mauritaniam</span> <span class='ocrx_word' id='word_1_18' title='bbox 1089 373 1313 428; x_wconf 79' lang='lat' dir='ltr'>mittatur3</span> <span class='ocrx_word' id='word_1_19' title='bbox 1344 372 1534 433; x_wconf 88' lang='lat' dir='ltr'>pecunia</span> <span class='ocrx_word' id='word_1_20' title='bbox 1568 372 1634 414; x_wconf 90' lang='lat' dir='ltr'>uti</span> 
     </span>
     <span class='ocr_line' id='line_1_4' title="bbox 228 437 1635 517; baseline -0.002 -18"><span class='ocrx_word' id='word_1_21' title='bbox 228 472 281 499; x_wconf 84' lang='lat' dir='ltr'>ex</span> <span class='ocrx_word' id='word_1_22' title='bbox 308 456 462 500; x_wconf 87' lang='lat' dir='ltr'>aerario</span> <span class='ocrx_word' id='word_1_23' title='bbox 490 457 703 517; x_wconf 90' lang='lat' dir='ltr'>Pompeio</span> <span class='ocrx_word' id='word_1_24' title='bbox 731 454 874 499; x_wconf 90' lang='lat' dir='ltr'>detur.</span> <span class='ocrx_word' id='word_1_25' title='bbox 900 453 1107 499; x_wconf 80' lang='lat' dir='ltr'>Refertur</span> <span class='ocrx_word' id='word_1_26' title='bbox 1135 437 1269 498; x_wconf 61' lang='grc' dir='ltr'>θιίἃίη</span> <span class='ocrx_word' id='word_1_27' title='bbox 1299 452 1353 497; x_wconf 93' lang='lat' dir='ltr'>de</span> <span class='ocrx_word' id='word_1_28' title='bbox 1378 469 1480 514; x_wconf 84' lang='lat' dir='ltr'>rege</span> <span class='ocrx_word' id='word_1_29' title='bbox 1501 452 1635 508; x_wconf 85' lang='lat' dir='ltr'>Juba,</span> 
     </span>
     <span class='ocr_line' id='line_1_5' title="bbox 230 533 1636 597; baseline -0.002 -17"><span class='ocrx_word' id='word_1_30' title='bbox 230 546 279 580; x_wconf 92' lang='lat' dir='ltr'>ut</span> <span class='ocrx_word' id='word_1_31' title='bbox 296 537 439 580; x_wconf 90' lang='lat' dir='ltr'>socius</span> <span class='ocrx_word' id='word_1_32' title='bbox 458 537 514 580; x_wconf 84' lang='lat' dir='ltr'>sit</span> <span class='ocrx_word' id='word_1_33' title='bbox 537 546 670 597; x_wconf 88' lang='lat' dir='ltr'>atque</span> <span class='ocrx_word' id='word_1_34' title='bbox 693 537 859 580; x_wconf 90' lang='lat' dir='ltr'>amicus</span> <span class='ocrx_word' id='word_1_35' title='bbox 886 552 894 577; x_wconf 92' lang='lat'>:</span> <span class='ocrx_word' id='word_1_36' title='bbox 923 533 1162 578; x_wconf 84' lang='lat' dir='ltr'>Marcellus</span> <span class='ocrx_word' id='word_1_37' title='bbox 1187 551 1315 590; x_wconf 85' lang='lat' dir='ltr'>vero,</span> <span class='ocrx_word' id='word_1_38' title='bbox 1337 550 1570 594; x_wconf 89' lang='lat' dir='ltr'>passurum</span> <span class='ocrx_word' id='word_1_39' title='bbox 1591 550 1636 578; x_wconf 90' lang='lat' dir='ltr'>se</span> 
     </span>
     <span class='ocr_line' id='line_1_6' title="bbox 230 613 1638 678; baseline -0.001 -18"><span class='ocrx_word' id='word_1_40' title='bbox 230 618 276 660; x_wconf 88' lang='lat' dir='ltr'>in</span> <span class='ocrx_word' id='word_1_41' title='bbox 308 618 562 678; x_wconf 81' lang='lat' dir='ltr'>praesentia,</span> <span class='ocrx_word' id='word_1_42' title='bbox 594 626 738 678; x_wconf 81' lang='lat' dir='ltr'>negat.</span> <span class='ocrx_word' id='word_1_43' title='bbox 778 618 846 660; x_wconf 93' lang='lat' dir='ltr'>De</span> <span class='ocrx_word' id='word_1_44' title='bbox 876 618 1038 659; x_wconf 84' lang='lat' dir='ltr'>Fausto</span> <span class='ocrx_word' id='word_1_45' title='bbox 1065 614 1253 675; x_wconf 87' lang='lat' dir='ltr'>impedit</span> <span class='ocrx_word' id='word_1_46' title='bbox 1284 613 1538 675; x_wconf 75' lang='lat' dir='ltr'>Philippus,</span> <span class='ocrx_word' id='word_1_47' title='bbox 1564 615 1638 658; x_wconf 89' lang='lat' dir='ltr'>tri-</span> 
     </span>
     <span class='ocr_line' id='line_1_7' title="bbox 229 692 1639 758; baseline -0.003 -17"><span class='ocrx_word' id='word_1_48' title='bbox 229 692 374 742; x_wconf 90' lang='lat' dir='ltr'>bunus</span> <span class='ocrx_word' id='word_1_49' title='bbox 395 696 547 758; x_wconf 89' lang='lat' dir='ltr'>plebis.</span> <span class='ocrx_word' id='word_1_50' title='bbox 570 699 637 741; x_wconf 89' lang='lat' dir='ltr'>De</span> <span class='ocrx_word' id='word_1_51' title='bbox 651 696 839 757; x_wconf 78' lang='lat' dir='ltr'>reliquis</span> <span class='ocrx_word' id='word_1_52' title='bbox 866 696 998 739; x_wconf 90' lang='lat' dir='ltr'>rebus</span> <span class='ocrx_word' id='word_1_53' title='bbox 1028 697 1070 739; x_wconf 91' lang='lat' dir='ltr'>S.</span> <span class='ocrx_word' id='word_1_54' title='bbox 1094 697 1144 739; x_wconf 83' lang='lat' dir='ltr'>C.</span> <span class='ocrx_word' id='word_1_55' title='bbox 1165 694 1521 755; x_wconf 89' lang='lat' dir='ltr'>perscribuntur,</span> <span class='ocrx_word' id='word_1_56' title='bbox 1541 712 1639 756; x_wconf 88' lang='lat' dir='ltr'>pro-</span> 
     </span>
     <span class='ocr_line' id='line_1_8' title="bbox 230 774 1639 839; baseline -0.001 -18"><span class='ocrx_word' id='word_1_57' title='bbox 230 779 383 822; x_wconf 83' lang='lat' dir='ltr'>vinciae</span> <span class='ocrx_word' id='word_1_58' title='bbox 421 778 604 839; x_wconf 87' lang='lat' dir='ltr'>privatis</span> <span class='ocrx_word' id='word_1_59' title='bbox 646 777 967 833; x_wconf 88' lang='lat' dir='ltr'>decernuntur,</span> <span class='ocrx_word' id='word_1_60' title='bbox 1006 776 1103 820; x_wconf 79' lang='lat' dir='ltr'>duae</span> <span class='ocrx_word' id='word_1_61' title='bbox 1142 774 1419 832; x_wconf 88' lang='lat' dir='ltr'>consulares,</span> <span class='ocrx_word' id='word_1_62' title='bbox 1457 774 1639 836; x_wconf 82' lang='lat' dir='ltr'>reliquae</span> 
     </span>
     <span class='ocr_line' id='line_1_9' title="bbox 230 856 1635 920; baseline -0.001 -17"><span class='ocrx_word' id='word_1_63' title='bbox 230 860 457 920; x_wconf 68' lang='lat' dir='ltr'>praetoriae.</span> <span class='ocrx_word' id='word_1_64' title='bbox 498 859 694 920; x_wconf 85' lang='lat' dir='ltr'>Scipioni</span> <span class='ocrx_word' id='word_1_65' title='bbox 731 859 913 903; x_wconf 86' lang='lat' dir='ltr'>obvenit</span> <span class='ocrx_word' id='word_1_66' title='bbox 953 859 1100 919; x_wconf 73' lang='lat' dir='ltr'>Syria3</span> <span class='ocrx_word' id='word_1_67' title='bbox 1142 860 1191 902; x_wconf 88' lang='lat' dir='ltr'>L.</span> <span class='ocrx_word' id='word_1_68' title='bbox 1235 858 1437 902; x_wconf 88' lang='lat' dir='ltr'>Domitio</span> <span class='ocrx_word' id='word_1_69' title='bbox 1475 856 1635 902; x_wconf 88' lang='lat' dir='ltr'>Gallia.</span> 
     </span>
     <span class='ocr_line' id='line_1_10' title="bbox 229 939 1637 1002; baseline -0.001 -18"><span class='ocrx_word' id='word_1_70' title='bbox 229 940 463 1001; x_wconf 82' lang='lat' dir='ltr'>Philippus</span> <span class='ocrx_word' id='word_1_71' title='bbox 505 950 547 984; x_wconf 91' lang='lat' dir='ltr'>et</span> <span class='ocrx_word' id='word_1_72' title='bbox 575 939 817 985; x_wconf 82' lang='lat' dir='ltr'>Marcellus</span> <span class='ocrx_word' id='word_1_73' title='bbox 850 941 1024 1002; x_wconf 90' lang='lat' dir='ltr'>privato</span> <span class='ocrx_word' id='word_1_74' title='bbox 1059 939 1246 984; x_wconf 88' lang='lat' dir='ltr'>consilio</span> <span class='ocrx_word' id='word_1_75' title='bbox 1283 950 1637 1001; x_wconf 86' lang='lat' dir='ltr'>praetereuntur,</span> 
     </span>
     <span class='ocr_line' id='line_1_11' title="bbox 229 1020 1638 1083; baseline 0 -18"><span class='ocrx_word' id='word_1_76' title='bbox 229 1038 373 1082; x_wconf 90' lang='lat' dir='ltr'>neque</span> <span class='ocrx_word' id='word_1_77' title='bbox 409 1038 565 1065; x_wconf 89' lang='lat' dir='ltr'>eorum</span> <span class='ocrx_word' id='word_1_78' title='bbox 597 1032 737 1066; x_wconf 82' lang='lat' dir='ltr'>sortes</span> <span class='ocrx_word' id='word_1_79' title='bbox 768 1021 1050 1083; x_wconf 88' lang='lat' dir='ltr'>dejiciuntur.</span> <span class='ocrx_word' id='word_1_80' title='bbox 1084 1024 1136 1065; x_wconf 90' lang='lat' dir='ltr'>In</span> <span class='ocrx_word' id='word_1_81' title='bbox 1166 1020 1358 1082; x_wconf 85' lang='lat' dir='ltr'>reliquas</span> <span class='ocrx_word' id='word_1_82' title='bbox 1387 1021 1638 1082; x_wconf 89' lang='lat' dir='ltr'>provincias</span> 
     </span>
     <span class='ocr_line' id='line_1_12' title="bbox 230 1103 1638 1164; baseline 0 -18"><span class='ocrx_word' id='word_1_83' title='bbox 230 1113 437 1163; x_wconf 69' lang='lat' dir='ltr'>praetores</span> <span class='ocrx_word' id='word_1_84' title='bbox 467 1104 729 1159; x_wconf 71' lang='lat' dir='ltr'>mittuntur,</span> <span class='ocrx_word' id='word_1_85' title='bbox 765 1120 909 1164; x_wconf 87' lang='lat' dir='ltr'>neque</span> <span class='ocrx_word' id='word_1_86' title='bbox 939 1112 1217 1164; x_wconf 77' lang='lat' dir='ltr'>exspectant,</span> <span class='ocrx_word' id='word_1_87' title='bbox 1248 1103 1368 1163; x_wconf 88' lang='lat' dir='ltr'>quod</span> <span class='ocrx_word' id='word_1_88' title='bbox 1398 1104 1638 1164; x_wconf 87' lang='lat' dir='ltr'>superiori-</span> 
     </span>
     <span class='ocr_line' id='line_1_13' title="bbox 230 1183 1637 1246; baseline 0.001 -19"><span class='ocrx_word' id='word_1_89' title='bbox 230 1184 311 1227; x_wconf 92' lang='lat' dir='ltr'>bus</span> <span class='ocrx_word' id='word_1_90' title='bbox 342 1185 470 1228; x_wconf 85' lang='lat' dir='ltr'>annis</span> <span class='ocrx_word' id='word_1_91' title='bbox 499 1184 741 1242; x_wconf 89' lang='lat' dir='ltr'>acciderat,</span> <span class='ocrx_word' id='word_1_92' title='bbox 772 1194 823 1227; x_wconf 91' lang='lat' dir='ltr'>ut</span> <span class='ocrx_word' id='word_1_93' title='bbox 852 1183 905 1227; x_wconf 91' lang='lat' dir='ltr'>de</span> <span class='ocrx_word' id='word_1_94' title='bbox 936 1201 1090 1228; x_wconf 89' lang='lat' dir='ltr'>eorum</span> <span class='ocrx_word' id='word_1_95' title='bbox 1119 1185 1307 1245; x_wconf 90' lang='lat' dir='ltr'>imperio</span> <span class='ocrx_word' id='word_1_96' title='bbox 1334 1184 1390 1228; x_wconf 86' lang='lat' dir='ltr'>ad</span> <span class='ocrx_word' id='word_1_97' title='bbox 1418 1183 1637 1246; x_wconf 90' lang='lat' dir='ltr'>populum</span> 
     </span>
     <span class='ocr_line' id='line_1_14' title="bbox 232 1265 1639 1327; baseline 0.001 -19"><span class='ocrx_word' id='word_1_98' title='bbox 232 1265 399 1309; x_wconf 87' lang='lat' dir='ltr'>feratur</span> <span class='ocrx_word' id='word_1_99' title='bbox 412 1301 423 1321; x_wconf 94' lang='lat'>,</span> <span class='ocrx_word' id='word_1_100' title='bbox 441 1265 748 1327; x_wconf 78' lang='lat' dir='ltr'>paludatique,</span> <span class='ocrx_word' id='word_1_101' title='bbox 768 1267 882 1309; x_wconf 80' lang='lat' dir='ltr'>votis</span> <span class='ocrx_word' id='word_1_102' title='bbox 903 1266 1194 1327; x_wconf 88' lang='lat' dir='ltr'>nuncupatis,</span> <span class='ocrx_word' id='word_1_103' title='bbox 1210 1276 1379 1310; x_wconf 80' lang='lat' dir='ltr'>exeant.</span> <span class='ocrx_word' id='word_1_104' title='bbox 1399 1265 1639 1323; x_wconf 82' lang='lat' dir='ltr'>Consules,</span> 
     </span>
     <span class='ocr_line' id='line_1_15' title="bbox 232 1346 1637 1409; baseline 0.001 -20"><span class='ocrx_word' id='word_1_105' title='bbox 232 1346 352 1406; x_wconf 89' lang='lat' dir='ltr'>quod</span> <span class='ocrx_word' id='word_1_106' title='bbox 376 1357 478 1390; x_wconf 89' lang='lat' dir='ltr'>ante</span> <span class='ocrx_word' id='word_1_107' title='bbox 504 1346 548 1390; x_wconf 91' lang='lat' dir='ltr'>id</span> <span class='ocrx_word' id='word_1_108' title='bbox 572 1357 747 1408; x_wconf 83' lang='lat' dir='ltr'>tempus</span> <span class='ocrx_word' id='word_1_109' title='bbox 764 1346 985 1391; x_wconf 86' lang='lat' dir='ltr'>acciderat</span> <span class='ocrx_word' id='word_1_110' title='bbox 1010 1364 1259 1408; x_wconf 84' lang='lat' dir='ltr'>nunquam,</span> <span class='ocrx_word' id='word_1_111' title='bbox 1284 1365 1336 1391; x_wconf 77' lang='lat' dir='ltr'>ex</span> <span class='ocrx_word' id='word_1_112' title='bbox 1360 1348 1482 1392; x_wconf 84' lang='lat' dir='ltr'>Urbe</span> <span class='ocrx_word' id='word_1_113' title='bbox 1503 1347 1637 1409; x_wconf 78' lang='lat' dir='ltr'>profi-</span> 
     </span>
     <span class='ocr_line' id='line_1_16' title="bbox 234 1427 1637 1489; baseline 0.001 -19"><span class='ocrx_word' id='word_1_114' title='bbox 234 1428 484 1481; x_wconf 81' lang='lat' dir='ltr'>ciscuntur,</span> <span class='ocrx_word' id='word_1_115' title='bbox 516 1427 782 1488; x_wconf 83' lang='lat' dir='ltr'>lictoresque</span> <span class='ocrx_word' id='word_1_116' title='bbox 815 1428 979 1471; x_wconf 85' lang='lat' dir='ltr'>habent</span> <span class='ocrx_word' id='word_1_117' title='bbox 1010 1428 1055 1471; x_wconf 88' lang='lat' dir='ltr'>in</span> <span class='ocrx_word' id='word_1_118' title='bbox 1079 1428 1203 1471; x_wconf 83' lang='lat' dir='ltr'>Urbe</span> <span class='ocrx_word' id='word_1_119' title='bbox 1224 1438 1266 1471; x_wconf 90' lang='lat' dir='ltr'>et</span> <span class='ocrx_word' id='word_1_120' title='bbox 1295 1428 1518 1489; x_wconf 86' lang='lat' dir='ltr'>Capitolio</span> <span class='ocrx_word' id='word_1_121' title='bbox 1548 1430 1637 1489; x_wconf 89' lang='lat' dir='ltr'>pri·</span> 
     </span>
     <span class='ocr_line' id='line_1_17' title="bbox 230 1508 1639 1569; baseline 0.002 -18"><span class='ocrx_word' id='word_1_122' title='bbox 230 1509 340 1565; x_wconf 90' lang='lat' dir='ltr'>vati,</span> <span class='ocrx_word' id='word_1_123' title='bbox 356 1518 508 1552; x_wconf 88' lang='lat' dir='ltr'>contra</span> <span class='ocrx_word' id='word_1_124' title='bbox 526 1510 675 1552; x_wconf 86' lang='lat' dir='ltr'>omnia</span> <span class='ocrx_word' id='word_1_125' title='bbox 692 1510 923 1552; x_wconf 86' lang='lat' dir='ltr'>vetustatis</span> <span class='ocrx_word' id='word_1_126' title='bbox 940 1508 1154 1569; x_wconf 83' lang='lat' dir='ltr'>exempla.</span> <span class='ocrx_word' id='word_1_127' title='bbox 1170 1511 1281 1553; x_wconf 87' lang='lat' dir='ltr'>Tota</span> <span class='ocrx_word' id='word_1_128' title='bbox 1297 1508 1424 1553; x_wconf 80' lang='lat' dir='ltr'>Italia</span> <span class='ocrx_word' id='word_1_129' title='bbox 1443 1509 1639 1554; x_wconf 79' lang='lat' dir='ltr'>delectus</span> 
     </span>
     <span class='ocr_line' id='line_1_18' title="bbox 232 1590 1641 1653; baseline 0.001 -19"><span class='ocrx_word' id='word_1_130' title='bbox 232 1590 471 1648; x_wconf 86' lang='lat' dir='ltr'>habentur,</span> <span class='ocrx_word' id='word_1_131' title='bbox 497 1608 619 1635; x_wconf 86' lang='lat' dir='ltr'>arma</span> <span class='ocrx_word' id='word_1_132' title='bbox 649 1592 952 1652; x_wconf 87' lang='lat' dir='ltr'>imperantur,</span> <span class='ocrx_word' id='word_1_133' title='bbox 988 1591 1186 1651; x_wconf 80' lang='lat' dir='ltr'>pecuniae</span> <span class='ocrx_word' id='word_1_134' title='bbox 1213 1607 1237 1634; x_wconf 88' lang='lat' dir='ltr'>a</span> <span class='ocrx_word' id='word_1_135' title='bbox 1266 1592 1523 1653; x_wconf 87' lang='lat' dir='ltr'>municipiis</span> <span class='ocrx_word' id='word_1_136' title='bbox 1555 1592 1641 1635; x_wconf 85' lang='lat' dir='ltr'>exi-</span> 
     </span>
     <span class='ocr_line' id='line_1_19' title="bbox 230 1672 1638 1735; baseline 0.001 -20"><span class='ocrx_word' id='word_1_137' title='bbox 230 1681 421 1733; x_wconf 80' lang='lat' dir='ltr'>guntur,</span> <span class='ocrx_word' id='word_1_138' title='bbox 443 1689 464 1716; x_wconf 95' lang='lat' dir='ltr'>e</span> <span class='ocrx_word' id='word_1_139' title='bbox 487 1672 599 1716; x_wconf 88' lang='lat' dir='ltr'>fanis</span> <span class='ocrx_word' id='word_1_140' title='bbox 626 1672 865 1729; x_wconf 88' lang='lat' dir='ltr'>tolluntur,</span> <span class='ocrx_word' id='word_1_141' title='bbox 886 1674 1037 1716; x_wconf 83' lang='lat' dir='ltr'>onmia</span> <span class='ocrx_word' id='word_1_142' title='bbox 1059 1673 1206 1717; x_wconf 83' lang='lat' dir='ltr'>divina</span> <span class='ocrx_word' id='word_1_143' title='bbox 1233 1673 1518 1734; x_wconf 87' lang='lat' dir='ltr'>humanaque</span> <span class='ocrx_word' id='word_1_144' title='bbox 1536 1674 1638 1735; x_wconf 84' lang='lat' dir='ltr'>jura</span> 
     </span>
     <span class='ocr_line' id='line_1_20' title="bbox 231 1754 569 1813; baseline 0.006 -17"><span class='ocrx_word' id='word_1_145' title='bbox 231 1754 569 1813; x_wconf 87' lang='lat' dir='ltr'>permiscentur.</span> 
     </span>
    </p>

    <p class='ocr_par' dir='ltr' id='par_1_3' title="bbox 231 1836 1643 2638">
     <span class='ocr_line' id='line_1_21' title="bbox 300 1836 1642 1898; baseline 0.003 -20"><span class='ocrx_word' id='word_1_146' title='bbox 300 1837 399 1879; x_wconf 79' lang='lat' dir='ltr'><strong>VII.</strong></span> <span class='ocrx_word' id='word_1_147' title='bbox 430 1836 606 1892; x_wconf 87' lang='lat' dir='ltr'>Quibus</span> <span class='ocrx_word' id='word_1_148' title='bbox 636 1837 766 1880; x_wconf 85' lang='lat' dir='ltr'>rebus</span> <span class='ocrx_word' id='word_1_149' title='bbox 788 1839 1002 1897; x_wconf 75' lang='lat' dir='ltr'>cognitis,</span> <span class='ocrx_word' id='word_1_150' title='bbox 1033 1841 1178 1881; x_wconf 76' lang='lat' dir='ltr'>Caesar</span> <span class='ocrx_word' id='word_1_151' title='bbox 1202 1838 1321 1898; x_wconf 85' lang='lat' dir='ltr'>apud</span> <span class='ocrx_word' id='word_1_152' title='bbox 1350 1838 1511 1882; x_wconf 83' lang='lat' dir='ltr'>milites</span> <span class='ocrx_word' id='word_1_153' title='bbox 1539 1855 1642 1882; x_wconf 89' lang='lat' dir='ltr'>con-</span> 
     </span>
     <span class='ocr_line' id='line_1_22' title="bbox 232 1918 1640 1979; baseline 0.002 -20"><span class='ocrx_word' id='word_1_154' title='bbox 232 1918 446 1960; x_wconf 88' lang='lat' dir='ltr'>cionatur.</span> <span class='ocrx_word' id='word_1_155' title='bbox 495 1918 712 1961; x_wconf 85' lang='lat' dir='ltr'>Omnium</span> <span class='ocrx_word' id='word_1_156' title='bbox 755 1927 1007 1978; x_wconf 88' lang='lat' dir='ltr'>temporum</span> <span class='ocrx_word' id='word_1_157' title='bbox 1045 1919 1227 1979; x_wconf 88' lang='lat' dir='ltr'>injurias</span> <span class='ocrx_word' id='word_1_158' title='bbox 1265 1919 1550 1963; x_wconf 89' lang='lat' dir='ltr'>inimicorum</span> <span class='ocrx_word' id='word_1_159' title='bbox 1596 1921 1640 1962; x_wconf 91' lang='lat' dir='ltr'>in</span> 
     </span>
     <span class='ocr_line' id='line_1_23' title="bbox 233 1998 1643 2061; baseline 0.004 -21"><span class='ocrx_word' id='word_1_160' title='bbox 233 2014 277 2041; x_wconf 86' lang='lat' dir='ltr'>se</span> <span class='ocrx_word' id='word_1_161' title='bbox 298 2008 640 2055; x_wconf 82' lang='lat' dir='ltr'>commemorat,</span> <span class='ocrx_word' id='word_1_162' title='bbox 660 2016 683 2042; x_wconf 89' lang='lat' dir='ltr'>a</span> <span class='ocrx_word' id='word_1_163' title='bbox 702 1999 863 2059; x_wconf 90' lang='lat' dir='ltr'>quibus</span> <span class='ocrx_word' id='word_1_164' title='bbox 884 1998 1114 2043; x_wconf 87' lang='lat' dir='ltr'>diductum</span> <span class='ocrx_word' id='word_1_165' title='bbox 1136 2016 1185 2043; x_wconf 85' lang='lat' dir='ltr'>ac</span> <span class='ocrx_word' id='word_1_166' title='bbox 1208 1999 1499 2061; x_wconf 88' lang='lat' dir='ltr'>depravatum</span> <span class='ocrx_word' id='word_1_167' title='bbox 1515 2003 1643 2045; x_wconf 90' lang='lat' dir='ltr'>Pom-</span> 
     </span>
     <span class='ocr_line' id='line_1_24' title="bbox 233 2079 1640 2142; baseline 0.004 -20"><span class='ocrx_word' id='word_1_168' title='bbox 233 2079 381 2139; x_wconf 89' lang='lat' dir='ltr'>peium</span> <span class='ocrx_word' id='word_1_169' title='bbox 408 2080 629 2140; x_wconf 89' lang='lat' dir='ltr'>queritur,</span> <span class='ocrx_word' id='word_1_170' title='bbox 658 2080 824 2124; x_wconf 86' lang='lat' dir='ltr'>invidia</span> <span class='ocrx_word' id='word_1_171' title='bbox 848 2090 979 2142; x_wconf 88' lang='lat' dir='ltr'>atque</span> <span class='ocrx_word' id='word_1_172' title='bbox 1007 2081 1329 2126; x_wconf 83' lang='lat' dir='ltr'>obtrectatione</span> <span class='ocrx_word' id='word_1_173' title='bbox 1358 2080 1502 2126; x_wconf 89' lang='lat' dir='ltr'>laudis</span> <span class='ocrx_word' id='word_1_174' title='bbox 1532 2100 1640 2139; x_wconf 85' lang='lat' dir='ltr'>suae,</span> 
     </span>
     <span class='ocr_line' id='line_1_25' title="bbox 232 2161 1639 2228; baseline 0.004 -25"><span class='ocrx_word' id='word_1_175' title='bbox 232 2161 356 2221; x_wconf 87' lang='lat' dir='ltr'>cujus</span> <span class='ocrx_word' id='word_1_176' title='bbox 384 2162 474 2222; x_wconf 88' lang='lat' dir='ltr'>ipse</span> <span class='ocrx_word' id='word_1_177' title='bbox 501 2161 662 2205; x_wconf 88' lang='lat' dir='ltr'>honori</span> <span class='ocrx_word' id='word_1_178' title='bbox 687 2172 729 2206; x_wconf 87' lang='lat' dir='ltr'>et</span> <span class='ocrx_word' id='word_1_179' title='bbox 756 2162 962 2224; x_wconf 84' lang='lat' dir='ltr'>dignitati</span> <span class='ocrx_word' id='word_1_180' title='bbox 989 2180 1163 2225; x_wconf 88' lang='lat' dir='ltr'>semper</span> <span class='ocrx_word' id='word_1_181' title='bbox 1185 2164 1344 2208; x_wconf 86' lang='lat' dir='ltr'>faverit</span> <span class='ocrx_word' id='word_1_182' title='bbox 1373 2165 1639 2228; x_wconf 89' lang='lat' dir='ltr'>adjutorque</span> 
     </span>
     <span class='ocr_line' id='line_1_26' title="bbox 233 2242 1642 2308; baseline 0.006 -24"><span class='ocrx_word' id='word_1_183' title='bbox 233 2242 375 2285; x_wconf 84' lang='lat' dir='ltr'>fuerit.</span> <span class='ocrx_word' id='word_1_184' title='bbox 405 2244 584 2288; x_wconf 89' lang='lat' dir='ltr'>Novum</span> <span class='ocrx_word' id='word_1_185' title='bbox 608 2244 652 2286; x_wconf 93' lang='lat' dir='ltr'>in</span> <span class='ocrx_word' id='word_1_186' title='bbox 677 2243 905 2305; x_wconf 84' lang='lat' dir='ltr'>republica</span> <span class='ocrx_word' id='word_1_187' title='bbox 930 2245 1235 2290; x_wconf 87' lang='lat' dir='ltr'>introductum</span> <span class='ocrx_word' id='word_1_188' title='bbox 1261 2246 1518 2308; x_wconf 81' lang='lat' dir='ltr'>exemplum</span> <span class='ocrx_word' id='word_1_189' title='bbox 1542 2265 1642 2308; x_wconf 91' lang='lat' dir='ltr'>que-</span> 
     </span>
     <span class='ocr_line' id='line_1_27' title="bbox 233 2324 1641 2391; baseline 0.006 -25"><span class='ocrx_word' id='word_1_190' title='bbox 233 2324 366 2381; x_wconf 87' lang='lat' dir='ltr'>ritur,</span> <span class='ocrx_word' id='word_1_191' title='bbox 408 2334 456 2368; x_wconf 90' lang='lat' dir='ltr'>ut</span> <span class='ocrx_word' id='word_1_192' title='bbox 499 2325 732 2369; x_wconf 86' lang='lat' dir='ltr'>tribunitia</span> <span class='ocrx_word' id='word_1_193' title='bbox 769 2326 1024 2371; x_wconf 87' lang='lat' dir='ltr'>intercessio</span> <span class='ocrx_word' id='word_1_194' title='bbox 1058 2329 1193 2371; x_wconf 89' lang='lat' dir='ltr'>armis</span> <span class='ocrx_word' id='word_1_195' title='bbox 1238 2339 1472 2374; x_wconf 86' lang='lat' dir='ltr'>notaretur</span> <span class='ocrx_word' id='word_1_196' title='bbox 1508 2340 1641 2391; x_wconf 88' lang='lat' dir='ltr'>atque</span> 
     </span>
     <span class='ocr_line' id='line_1_28' title="bbox 231 2407 1638 2470; baseline 0.006 -21"><span class='ocrx_word' id='word_1_197' title='bbox 231 2407 590 2467; x_wconf 79' lang='lat' dir='ltr'>opprimeretur,</span> <span class='ocrx_word' id='word_1_198' title='bbox 626 2424 723 2468; x_wconf 84' lang='lat' dir='ltr'>quae</span> <span class='ocrx_word' id='word_1_199' title='bbox 758 2409 1067 2470; x_wconf 89' lang='lat' dir='ltr'>superioribus</span> <span class='ocrx_word' id='word_1_200' title='bbox 1106 2411 1232 2454; x_wconf 89' lang='lat' dir='ltr'>annis</span> <span class='ocrx_word' id='word_1_201' title='bbox 1269 2421 1380 2455; x_wconf 88' lang='lat' dir='ltr'>esset</span> <span class='ocrx_word' id='word_1_202' title='bbox 1421 2413 1638 2457; x_wconf 86' lang='lat' dir='ltr'>restituta.</span> 
     </span>
     <span class='ocr_line' id='line_1_29' title="bbox 232 2487 1642 2555; baseline 0.006 -24"><span class='ocrx_word' id='word_1_203' title='bbox 232 2487 418 2548; x_wconf 81' lang='lat' dir='ltr'>Syllam,</span> <span class='ocrx_word' id='word_1_204' title='bbox 449 2489 615 2533; x_wconf 88' lang='lat' dir='ltr'>nudata</span> <span class='ocrx_word' id='word_1_205' title='bbox 649 2491 857 2535; x_wconf 87' lang='lat' dir='ltr'>omnibus</span> <span class='ocrx_word' id='word_1_206' title='bbox 889 2493 1020 2537; x_wconf 88' lang='lat' dir='ltr'>rebus</span> <span class='ocrx_word' id='word_1_207' title='bbox 1048 2494 1281 2538; x_wconf 86' lang='lat' dir='ltr'>tribunitia</span> <span class='ocrx_word' id='word_1_208' title='bbox 1308 2505 1549 2555; x_wconf 87' lang='lat' dir='ltr'>potestate,</span> <span class='ocrx_word' id='word_1_209' title='bbox 1579 2505 1642 2540; x_wconf 85' lang='lat' dir='ltr'>ta-</span> 
     </span>
     <span class='ocr_line' id='line_1_30' title="bbox 234 2570 1640 2638; baseline 0.006 -25"><span class='ocrx_word' id='word_1_210' title='bbox 234 2587 335 2614; x_wconf 88' lang='lat' dir='ltr'>men</span> <span class='ocrx_word' id='word_1_211' title='bbox 364 2571 729 2615; x_wconf 85' lang='lat' dir='ltr'>intercessionem</span> <span class='ocrx_word' id='word_1_212' title='bbox 754 2570 939 2617; x_wconf 89' lang='lat' dir='ltr'>liberam</span> <span class='ocrx_word' id='word_1_213' title='bbox 965 2573 1191 2636; x_wconf 88' lang='lat' dir='ltr'>reliquisse</span> <span class='ocrx_word' id='word_1_214' title='bbox 1217 2593 1224 2618; x_wconf 89' lang='lat'>:</span> <span class='ocrx_word' id='word_1_215' title='bbox 1252 2578 1540 2638; x_wconf 87' lang='lat' dir='ltr'>Pompeium,</span> <span class='ocrx_word' id='word_1_216' title='bbox 1563 2579 1640 2638; x_wconf 89' lang='lat' dir='ltr'>qui</span> 
     </span>
    </p>
   </div>
   <div class='ocr_carea' id='block_1_3' title="bbox 233 2652 1638 2719">
    <p class='ocr_par' dir='ltr' id='par_1_4' title="bbox 233 2652 1638 2719">
     <span class='ocr_line' id='line_1_31' title="bbox 233 2652 1638 2719; baseline 0.006 -25"><span class='ocrx_word' id='word_1_217' title='bbox 233 2652 435 2698; x_wconf 85' lang='lat' dir='ltr'>amissam</span> <span class='ocrx_word' id='word_1_218' title='bbox 461 2653 702 2698; x_wconf 84' lang='lat' dir='ltr'>restituisse</span> <span class='ocrx_word' id='word_1_219' title='bbox 727 2654 951 2714; x_wconf 89' lang='lat' dir='ltr'>videatur,</span> <span class='ocrx_word' id='word_1_220' title='bbox 983 2657 1100 2702; x_wconf 85' lang='lat' dir='ltr'>dona</span> <span class='ocrx_word' id='word_1_221' title='bbox 1123 2659 1281 2715; x_wconf 82' lang='lat' dir='ltr'>ctiam,</span> <span class='ocrx_word' id='word_1_222' title='bbox 1308 2676 1404 2719; x_wconf 82' lang='lat' dir='ltr'>quae</span> <span class='ocrx_word' id='word_1_223' title='bbox 1436 2668 1538 2703; x_wconf 89' lang='lat' dir='ltr'>ante</span> <span class='ocrx_word' id='word_1_224' title='bbox 1562 2658 1638 2702; x_wconf 64' lang='lat' dir='ltr'>ha-²</span> 
     </span>
    </p>
   </div>
  </div>
 </body>
</html>
