1972 3356
323 260 368 296 2
546 258 584 291 c.
618 259 745 294 JULII
775 259 992 295 CAESARIS
1020 237 1498 296 COMMENTARIORUM

321 347 597 400 prosecutuS,
635 357 810 385 omnem
850 351 1051 386 senatum
1087 343 1142 386 ad
1177 360 1221 387 se
1259 345 1513 397 convenire,
1555 344 1715 404 princi·

320 435 514 479 pumque
541 420 701 465 liberos
726 421 898 467 obsides
925 422 980 466 ad
1005 441 1049 466 se
1078 423 1233 467 adduci
1260 424 1402 484 jussit.
1431 424 1542 481 Quae
1566 425 1715 468 omnia

321 499 373 541 ab
404 499 470 542 his
501 499 737 562 diligenter
764 502 819 546 ad
851 502 966 547 diem
997 503 1111 548 sacta
1147 514 1262 548 sunt.
1295 505 1417 565 Ipse,
1443 504 1714 548 Divitiacum

319 579 511 623 AEduum
544 597 706 642 magno
735 598 868 643 opere
898 584 1178 641 cohortatus,
1208 583 1361 641 docet,
1391 593 1557 644 quanto
1585 600 1715 644 opere

320 659 573 721 reipublicae
593 664 929 724 communisque
953 663 1104 709 salutis
1130 666 1317 721 intersit,
1341 681 1497 708 manus
1522 664 1714 708 hostium

320 740 547 799 distineri,
576 760 631 787 ne
657 760 757 787 cum
792 754 915 788 tanta
946 745 1229 790 multitudine
1260 762 1348 789 uno
1377 755 1575 806 tempore
1609 762 1715 789 eon-

320 820 559 882 ssigendum
583 824 650 867 sit.
676 824 727 868 Id
753 824 847 868 fieri
871 842 1017 886 posse,
1038 827 1073 869 si
1096 840 1195 870 suas
1212 827 1360 887 copias
1380 826 1510 870 AEdui
1539 827 1582 869 in
1608 826 1716 870 fines

321 901 657 947 Bellovacorum
693 905 1047 962 introduxerint,
1085 916 1127 950 et
1165 923 1316 950 eorum
1351 922 1479 967 agros
1510 905 1717 966 populari

321 984 547 1043 coeperint.
580 986 658 1029 His
689 986 930 1042 mandatis,
958 1003 1059 1031 eum
1093 987 1146 1030 ab
1176 1003 1220 1030 se
1248 987 1445 1030 dimittit.
1477 988 1716 1047 Postquam

320 1080 471 1109 omnes
491 1065 726 1128 Belgarum
750 1070 898 1129 copias
920 1070 965 1111 in
991 1085 1129 1112 unum
1148 1067 1294 1112 locum
1318 1078 1494 1112 coactas
1512 1067 1567 1111 ad
1588 1084 1632 1111 se
1647 1083 1718 1110 ve-

320 1145 414 1189 nire
434 1146 564 1203 vidit,
588 1163 730 1208 neque
750 1149 841 1209 jam
869 1149 996 1211 longe
1021 1149 1186 1205 abesse,
1212 1150 1265 1192 ab
1291 1150 1357 1192 his
1380 1166 1488 1209 quos
1519 1149 1716 1203 miserat,

319 1227 673 1288 exploratoribus
701 1239 743 1272 et
771 1231 824 1273 ab
852 1231 1001 1274 Remis
1033 1231 1242 1292 cognovit
1260 1265 1271 1285 ,
1299 1230 1461 1274 {lumen
1490 1233 1715 1285 Axonam,

320 1308 440 1367 quod
468 1319 534 1352 est
562 1309 608 1352 in
638 1312 845 1354 extremis
877 1313 1120 1355 Remorum
1149 1311 1329 1367 tinibus,
1360 1311 1600 1354 exercitum
1628 1319 1717 1353 tra-

321 1389 481 1433 ducere
504 1392 765 1447 maturavit,
789 1402 921 1452 atque
942 1392 1000 1435 ibi
1021 1402 1160 1435 castra
1186 1393 1344 1452 posuit.
1365 1394 1478 1450 Quae
1501 1406 1568 1434 res
1591 1400 1634 1434 et
1663 1389 1719 1433 la-

322 1480 390 1514 tus
420 1487 559 1514 unuin
594 1482 842 1516 castrorum
873 1474 978 1534 ripis
1012 1474 1207 1517 fluminis
1240 1474 1486 1529 muniebat,
1516 1483 1582 1530 et,
1620 1482 1719 1533 post

321 1568 421 1595 eum
443 1569 539 1612 quae
564 1563 727 1610 essent,
750 1564 846 1597 tuta
869 1555 922 1598 ab
942 1555 1144 1599 hostibus
1170 1553 1401 1609 reddebat,
1427 1564 1471 1597 et
1494 1569 1717 1598 commea·

321 1643 392 1677 tus
410 1633 465 1677 ab
488 1635 638 1677 Remis
662 1633 932 1696 reliquisque
957 1636 1228 1691 civitatibus,
1255 1645 1304 1678 ut
1327 1635 1420 1679 sine
1440 1633 1638 1695 periculo
1663 1634 1719 1678 ad

322 1731 422 1758 eum
455 1717 624 1777 portari
651 1727 819 1777 posset,
846 1717 1076 1761 efficiebat.
1103 1720 1153 1761 In
1186 1734 1236 1761 eo
1266 1718 1447 1761 flumine
1478 1733 1587 1777 pons
1610 1726 1717 1761 erat.

325 1798 388 1840 lbi
412 1798 662 1859 praesidium
689 1800 840 1860 ponit,
865 1809 907 1842 et
929 1800 971 1842 in
997 1798 1134 1842 altera
1157 1809 1282 1859 parte
1307 1799 1501 1842 fluminis
1521 1801 1578 1856 Q.
1598 1799 1721 1843 Titu-

325 1879 437 1921 rium
465 1878 701 1934 Sabinum,
728 1879 945 1941 legatum,
974 1896 1072 1923 cum
1097 1896 1170 1922 sex
1195 1879 1451 1923 cohortibus
1481 1877 1718 1936 relinquit:

297 1952 299 1956 Α
324 1969 467 2003 (rastra
497 1960 541 2003 in
570 1959 850 2004 altitudinem
875 1963 1037 2021 pedum
1064 1976 1126 2004 x11
1153 1958 1289 2015 vallo,
1323 1960 1524 2020 fossaque
1553 1959 1720 2004 duode-

324 2043 479 2104 viginti
507 2043 697 2103 pedum,
725 2043 899 2087 munire
921 2042 1062 2103 jubet.

388 2126 465 2169 VI.
509 2125 573 2170 Ab
609 2126 676 2169 his
709 2125 862 2169 castris
893 2124 1106 2186 oppidum
1136 2127 1403 2180 Remorum,
1436 2125 1615 2169 nomine
1648 2126 1720 2169 Bi-

323 2207 455 2262 brax,
489 2207 641 2250 aberat
673 2206 810 2250 millia
843 2223 1051 2267 passuum
1080 2223 1173 2250 vni.
1208 2205 1259 2251 Id
1289 2224 1340 2250 ex
1369 2207 1528 2251 itinere
1560 2222 1720 2267 magno

326 2289 490 2349 impetu
511 2287 653 2350 Belgae
682 2303 940 2349 oppugnare
965 2297 1206 2348 coeperunt.
1230 2289 1360 2348 AEgre
1388 2304 1440 2331 eo
1462 2287 1531 2331 die
1557 2296 1721 2331 susten-

326 2379 466 2412 tatum
493 2378 570 2412 est.
597 2368 831 2414 Gallorum
856 2368 1007 2412 eadem
1033 2377 1164 2429 atque
1189 2367 1424 2429 Belgarum
1446 2368 1721 2429 oppugnatio

326 2461 391 2494 est
418 2452 523 2495 haec.
559 2451 672 2507 Ubi,
709 2450 990 2510 circumjecta
1029 2449 1315 2494 multitudine
1350 2450 1583 2494 hominum
1617 2449 1721 2491 totis

331 2533 563 2588 moenibus,
599 2532 796 2593 undique
833 2531 999 2592 lapides
1035 2533 1078 2575 in
1113 2548 1291 2575 murum
1319 2532 1405 2592 jaci
1435 2530 1565 2590 coepti
1595 2538 1721 2585 sunt,

330 2629 570 2673 murusque
591 2613 896 2658 defensoribus
921 2613 1111 2657 nudatus
1128 2623 1214 2669 est,
1239 2611 1458 2657 testudine
1484 2610 1596 2653 faeta
1619 2626 1720 2670 por—

334 2705 395 2736 {as
430 2693 698 2749 succedunt,
736 2711 1001 2754 murumque
1036 2695 1268 2738 subruunt.
1302 2691 1435 2751 Quod
1471 2702 1563 2735 tum
1598 2688 1723 2735 facile
