1972 3356
595 179 660 215 DE
691 177 853 214 BELLO
885 173 1041 211 CIVILI
1072 170 1256 208 LIB.111.
1554 164 1625 201 155

239 268 464 330 cognoscit
487 283 496 310 ε
518 275 650 326 atque
675 263 734 307 ibi
758 263 948 325 primum
970 276 993 303 e
1013 258 1113 303 navi
1139 254 1368 318 egrediens
1390 251 1627 297 clamorem

242 348 430 393 militum
465 346 614 402 audit,
643 361 752 406 quos
785 359 858 386 rex
884 342 927 385 in
954 338 1121 400 oppido
1149 335 1339 398 praesidii
1369 349 1501 379 causa
1526 331 1629 376 reli-

241 439 421 491 querat,
444 437 487 471 et
504 440 774 483 *concursum
793 422 848 466 ad
875 437 918 465 se
941 420 1033 463 sieri
1054 417 1199 473 videt,
1219 415 1338 477 quod
1359 415 1494 460 fasces
1515 424 1633 458 antc-

240 510 470 554 ferrentur.
501 508 555 550 In
588 506 671 548 hoc
704 502 846 548 omnis
882 498 1120 544 multitudo
1156 496 1428 556 majestatem
1467 495 1631 557 regiam

242 591 381 635 minui
404 586 680 650 praedicabat.
702 586 798 628 Hoc
813 582 964 626 sedato
984 577 1176 624 tumultu
1196 613 1207 634 ,
1229 577 1392 620 crebrae
1409 577 1633 620 continuis

243 671 396 716 diebus
429 685 481 713 ex
512 681 733 712 concursu
765 661 1063 708 multitudinis
1094 659 1413 704 concitationes
1443 657 1633 714 fiebant,

243 749 579 812 compluresque
606 744 766 792 milites
793 745 924 805 hujus
952 742 1074 787 urbis
1104 739 1309 785 omnibus
1340 739 1540 800 partibus
1568 740 1628 783 in·
1655 800 1659 801 ⁷

244 831 580 877 terficiebantur.
1653 806 1657 809 ¹

307 914 445 958 CVII.
480 911 654 969 Quibus
684 908 815 953 rebus
839 905 1179 960 animadversis,
1201 902 1396 966 legiones
1424 903 1504 946 sibi
1533 901 1638 947 alias

244 1012 295 1040 ex
327 994 430 1039 Asia
459 991 619 1037 adduci
652 990 808 1052 jussit,
849 1004 957 1049 quas
1002 1003 1052 1031 ex
1096 985 1379 1046 Pompeianis
1423 982 1639 1028 militibus

244 1074 496 1120 confecerat
523 1091 532 1118 ε
559 1074 652 1135 ipse
677 1072 793 1116 enim
829 1068 1073 1114 necessario
1101 1067 1258 1112 Etesiis
1285 1066 1534 1122 tenebatur,
1563 1065 1638 1126 qui

246 1155 509 1203 Alexandria
544 1153 857 1214 navigantibus
888 1160 992 1196 sunt
1019 1147 1315 1194 adversissimi
1350 1148 1484 1192 venti.
1516 1148 1639 1191 Inte-

247 1240 329 1283 rim
362 1236 683 1282 controversias
712 1250 865 1296 regum
896 1231 951 1277 ad
979 1228 1194 1293 populum
1223 1245 1483 1285 romanum,
1512 1237 1556 1272 et
1586 1226 1641 1271 ad

248 1336 319 1377 se,
357 1317 476 1380 quod
511 1327 623 1362 esset
653 1314 825 1370 consul,
858 1315 1076 1375 pertinere
1111 1312 1389 1366 existimans,
1424 1319 1556 1371 atque
1591 1325 1642 1353 eo

250 1400 391 1461 magis
414 1399 561 1443 officio
590 1414 670 1442 suo
699 1396 958 1449 convenire,
983 1393 1103 1455 quod
1131 1393 1357 1454 superiore
1383 1389 1614 1435 consulatu
1632 1425 1644 1447 ,

248 1497 348 1525 cum
369 1489 493 1541 patre
521 1477 783 1534 Ptolemaeo,
805 1486 848 1521 et
871 1475 965 1537 lege
989 1485 1031 1519 et
1055 1476 1098 1519 S.
1119 1476 1167 1519 C.
1187 1473 1371 1517 societas
1396 1481 1491 1516 erat
1510 1471 1646 1526 facta,

248 1562 438 1607 ostendit
472 1562 555 1605 sibi
588 1559 790 1622 placere,
821 1574 971 1621 regem
1012 1555 1326 1612 Ptolemaeum,
1354 1564 1488 1615 atque
1529 1570 1649 1597 soro-

250 1661 342 1689 rem
373 1644 468 1704 ejus
503 1642 787 1704 Cleopatram
815 1639 1060 1695 exercitus,
1088 1653 1199 1698 quos
1228 1636 1468 1690 haberent,
1495 1634 1646 1679 dimit-

251 1736 371 1782 tere,
396 1734 438 1768 et
466 1724 519 1768 de
541 1721 853 1768 controversiis
879 1723 978 1782 jure
1012 1717 1129 1779 apud
1159 1733 1203 1761 se
1229 1717 1399 1779 potius,
1425 1733 1558 1778 quam
1585 1716 1651 1760 in-

254 1816 320 1850 ter
347 1822 391 1850 se
419 1805 551 1849 armis
579 1803 837 1864 disceptare.

319 1888 481 1932 CVIII.
515 1888 622 1930 Erat
656 1885 701 1928 in
742 1881 1055 1945 procuratione
1094 1880 1222 1942 regni
1261 1888 1442 1941 propter
1477 1888 1650 1923 aetatem

258 1967 383 2030 pueri
418 1967 636 2011 nutricius
673 1965 790 2026 ejus,
831 1962 1091 2019 eunuchus,
1127 1961 1306 2006 nomine
1337 1959 1569 2005 Pothinus.
1610 1960 1653 2003 Is

257 2049 451 2111 primum
477 2049 593 2092 inter
618 2063 721 2091 suos
747 2045 873 2107 queri
901 2053 1033 2105 atque
1057 2042 1282 2105 indignari
1308 2042 1441 2102 coepit
1459 2076 1471 2099 ,
1501 2058 1651 2103 regem

259 2130 314 2174 ad
352 2128 583 2174 dicendam
615 2143 792 2173 causam
827 2126 1002 2171 evocari
1028 2142 1038 2170 z
1068 2123 1228 2169 deinde
1265 2122 1488 2185 adjutores
1518 2138 1653 2184 quos-

261 2211 360 2255 dam
379 2246 390 2267 ,
418 2211 616 2255 conscios
643 2210 731 2267 sui,
761 2218 916 2253 nactus
943 2224 994 2252 ex
1018 2207 1134 2268 regis
1159 2205 1332 2259 amicis,
1361 2205 1601 2248 exercitum
1631 2221 1656 2248 a

261 2290 436 2337 Pelusio
481 2290 592 2336 clam
633 2288 943 2336 Alexandriam
991 2287 1192 2332 evocavit
1212 2321 1223 2343 ,
1267 2296 1400 2347 atque
1451 2284 1657 2330 eumdem

261 2371 500 2430 Achillam,
525 2372 651 2434 cujus
673 2388 806 2434 supra
829 2370 1133 2426 meminimus,
1159 2367 1365 2412 omnibus
1387 2367 1524 2429 copiis
1549 2383 1658 2428 prae-

262 2454 379 2499 fecit.
407 2456 558 2511 Hunc,
588 2454 821 2497 incitatum
850 2453 960 2505 suis,
990 2460 1033 2496 et
1062 2450 1176 2512 regis
1202 2448 1405 2493 inflatum
1434 2446 1654 2510 pollicita-

263 2536 481 2592 tionibus,
506 2552 604 2597 quae
627 2534 720 2579 fieri
750 2532 899 2591 vellet,
928 2532 1086 2578 litteris
1117 2531 1372 2592 nuntiisque
1393 2529 1582 2574 edocuit.
1606 2531 1658 2573 In

265 2626 528 2662 testamento
551 2615 774 2662 Ptolemaei
797 2616 934 2678 patris
955 2614 1137 2660 heredes
1161 2623 1289 2658 erant
1311 2612 1462 2674 scripti
1488 2628 1539 2656 ex
1557 2609 1660 2656 duo-
