1972 3356
397 259 469 294 118
598 260 637 293 C.
666 259 797 294 JULII
825 258 1049 294 CAESARIS
1081 258 1574 297 COMMENTARIORUM

457 344 661 386 XLVIII.
694 344 772 386 Est
797 343 930 386 etiam
972 359 1110 405 genus
1150 342 1306 388 radicis
1343 345 1568 388 inventum
1617 346 1672 390 ab
1714 348 1788 404 iis,

391 424 467 484 qui
493 416 668 468 fuerant
692 439 794 467 cum
809 423 1021 481 Valerio,
1049 423 1169 485 quod
1204 424 1454 486 appellatur
1478 426 1636 483 chara,
1668 428 1789 488 quod

391 503 636 548 admixtum
663 503 774 549 lacte
800 503 989 549 multum
1024 505 1219 566 inopiam
1251 504 1436 550 levabat.
1474 505 1527 551 Id
1558 506 1614 551 ad
1638 506 1789 552 simili-

391 584 591 629 tudinem
607 586 733 647 panis
746 584 1010 630 efficiebant.
1029 586 1135 646 Ejus
1159 595 1253 630 erat
1279 603 1438 648 magna
1463 587 1602 648 copia.
1625 588 1692 631 Ex
1706 588 1791 632 hoc

390 665 568 710 effectos
592 683 748 727 panes,
770 683 907 727 quum
929 667 973 710 in
990 665 1220 728 colloquiis
1239 668 1497 730 Pompeiani
1526 668 1684 712 famem
1712 685 1791 713 no-

390 747 490 790 stris
510 747 800 808 objectarent,
829 747 961 810 vulgo
985 749 1028 792 in
1052 748 1386 809 eosjaciebant,
1413 758 1461 793 ut
1486 766 1607 810 spem
1634 765 1789 794 eorum

390 829 653 873 minuerent.

454 911 617 954 XLIX.
663 913 848 971 Jamque
898 910 1115 956 frumenta
1164 921 1460 956 maturescere
1494 911 1788 973 incipiebant,

388 1001 520 1051 atque
560 992 653 1052 ipsa
686 1008 781 1052 spes
809 991 1004 1051 inopiam
1038 992 1331 1046 sustentabat,
1361 991 1478 1053 quod
1515 991 1713 1037 celeriter
1743 1009 1788 1037 se

388 1071 615 1115 habituros
636 1072 807 1132 copiam
836 1071 1118 1116 confidebant
1138 1072 1414 1133 :crebraeque
1439 1089 1568 1117 voces
1594 1072 1786 1118 militum

388 1153 433 1195 in
467 1151 624 1213 vigiliis
653 1150 970 1213 colloquiisque
1002 1151 1316 1207 audiebantur,
1352 1173 1373 1194 α
1396 1154 1518 1214 prius
1552 1170 1596 1197 se
1625 1154 1788 1198 cortice

387 1249 439 1276 ex
469 1232 700 1277 arboribus
729 1234 943 1287 victuros,
972 1249 1104 1294 quam
1132 1234 1392 1294 Pompeium
1432 1250 1455 1277 e
1486 1233 1689 1277 manibus
1719 1233 1788 1278 di-

387 1315 610 1359 missuros.
646 1334 666 1355 »
702 1315 910 1359 Libenter
949 1315 1078 1358 etiam
1115 1332 1166 1359 ex
1202 1314 1398 1376 perfugis
1439 1314 1783 1376 cognoscebant,

387 1413 522 1457 equos
552 1412 702 1440 eorum
741 1397 812 1440 vix
853 1395 1052 1453 tolerari,
1090 1395 1258 1457 reliqua
1310 1413 1413 1441 vero
1443 1397 1644 1458 jumenta
1685 1397 1790 1441 inte-

388 1478 519 1529 risse3
550 1478 612 1520 uti
631 1487 778 1521 autem
809 1478 924 1538 ipsos
953 1475 1205 1521 valetudine
1239 1495 1328 1522 non
1365 1478 1499 1534 bona,
1541 1494 1679 1538 quum
1712 1494 1789 1521 an-

388 1558 541 1619 gustiis
563 1557 671 1613 loci,
701 1567 743 1601 et
773 1558 908 1601 odore
943 1568 1057 1602 tetro
1089 1575 1140 1602 ex
1176 1558 1458 1602 multitudine
1495 1557 1787 1615 cadaverum,

386 1648 428 1682 et
463 1639 732 1699 quotidianis
760 1637 1008 1695 laboribus,
1045 1640 1237 1683 insuetos
1280 1655 1494 1700 operum,
1535 1648 1629 1682 tum
1666 1655 1789 1699 aquae

386 1735 556 1763 summa
604 1720 752 1780 inopia
776 1719 957 1763 affectos
1010 1737 1018 1763 :
1069 1721 1218 1763 onmia
1252 1722 1369 1763 enim
1409 1720 1612 1776 flumina,
1655 1729 1787 1780 atque

385 1817 536 1844 omnes
563 1801 700 1857 rivos,
728 1801 804 1860 qui
834 1800 889 1843 ad
918 1817 1039 1843 mare
1066 1800 1368 1861 pertinebant,
1393 1801 1540 1844 Caesar
1565 1810 1642 1844 aut
1665 1817 1790 1844 aver-

385 1891 526 1935 terat,
552 1891 627 1925 aut
653 1881 824 1942 magnis
851 1880 1059 1941 operibus
1089 1880 1380 1925 obstruxerat.
1416 1885 1561 1941 Atque
1589 1889 1636 1924 ut
1661 1890 1787 1925 erant

386 1960 482 2005 loca
511 1972 765 2019 montuosa,
793 1972 836 2006 et
860 1962 915 2006 ad
945 1979 1099 2023 specus
1125 1963 1340 2023 angustiae
1368 1961 1571 2017 vallium,
1602 1962 1680 2006 has
1715 1978 1787 2006 su·

386 2042 511 2089 blicis
542 2044 585 2087 in
610 2054 771 2087 terram
801 2043 998 2088 demissis
1025 2054 1328 2105 praesepserat,
1360 2054 1608 2104 terramque
1634 2058 1788 2105 agges-

386 2134 520 2181 serat,
551 2135 599 2169 ut
621 2141 782 2186 aquam
806 2126 1097 2169 continerent.
1126 2128 1279 2186 Itaque
1314 2123 1377 2169 illi
1411 2125 1655 2169 necessario
1693 2123 1789 2169 loca

387 2206 507 2266 sequi
538 2204 725 2250 demissa
756 2222 806 2250 ac
838 2203 1071 2267 palustria,
1101 2216 1145 2250 et
1177 2217 1330 2267 puteos
1371 2206 1540 2260 fodere,
1569 2206 1788 2267 cogeban-

388 2296 484 2330 tur:
507 2296 639 2346 atque
660 2287 779 2331 hunc
805 2285 999 2330 laborem
1017 2287 1070 2330 ad
1089 2287 1348 2348 quotidiana
1367 2304 1501 2348 opera
1529 2287 1751 2331 addebant
1777 2303 1786 2329 :

386 2367 461 2426 qui
504 2376 650 2411 tamen
690 2367 834 2411 fontes
869 2383 893 2410 a
928 2368 1193 2428 quibusdam
1227 2367 1440 2429 praesidiis
1476 2368 1659 2412 aberant
1692 2366 1788 2410 lon-

388 2448 504 2508 gius,
529 2458 571 2492 et
599 2448 798 2493 celeriter
823 2449 998 2493 aestibus
1026 2449 1348 2494 cxarescebant.
1375 2452 1432 2494 At
1456 2449 1637 2494 Caesaris
1661 2463 1787 2491 exer-

387 2529 500 2572 citus
527 2530 693 2590 optima
733 2528 984 2574 valetudine
1021 2547 1280 2592 summaque
1315 2547 1436 2591 aquae
1477 2529 1604 2591 copia
1636 2528 1788 2572 uteba-

391 2618 487 2665 tur3
525 2619 620 2653 tum
653 2620 924 2655 commeatus
961 2612 1082 2655 omni
1127 2628 1283 2673 genere
1319 2621 1475 2673 praeter
1514 2610 1787 2653 frumentum

390 2689 643 2735 abundabat
684 2708 692 2734 :
730 2691 889 2752 quibus
922 2693 1120 2752 quotidie
1159 2692 1314 2738 melius
1344 2690 1575 2736 succedere
1615 2700 1788 2751 tenipus
