1972 3356
425 266 495 289 112
612 254 652 288 C.
683 251 813 287 JULII
843 250 1062 285 CAESARIS
1091 250 1576 286 COMMENTARIORUM

422 338 546 382 classi
583 335 778 396 aegyptiae
806 342 1017 394 praeerat,
1045 331 1099 376 ad
1125 333 1308 377 Oricum
1344 334 1481 388 venit,
1512 333 1799 379 submersam-

420 433 504 477 que
527 415 699 471 navim,
728 412 923 457 remulco
949 411 1186 473 multisque
1210 412 1481 456 contendens
1507 412 1708 469 funibus,
1730 415 1799 459 ad-

420 497 564 540 duxit:
590 505 722 556 atque
745 493 928 539 alteram
953 510 1130 551 navem,
1157 509 1253 555 quae
1278 502 1372 538 erat
1394 493 1450 537 ad
1476 493 1717 538 custodiam
1745 496 1799 540 ab

421 576 562 623 Acilio
585 578 752 639 posita,
777 575 976 638 pluribus
999 591 1230 638 aggressus
1252 574 1438 619 navibus
1453 609 1464 630 ‚
1489 575 1534 618 in
1557 575 1717 636 quibus
1745 576 1799 620 ad

421 658 578 704 libram
600 658 762 703 fecerat
784 667 925 702 turres
940 693 951 714 ,
978 666 1027 701 ut
1048 672 1099 700 ex
1123 657 1338 718 superiori
1365 672 1566 718 pugnans
1590 655 1708 712 loco,
1735 657 1801 700 in-

421 750 655 802 tegrosque
673 755 845 801 semper
862 738 1111 800 defatigatis
1128 738 1427 795 summittens,
1448 747 1490 781 et
1512 737 1691 798 reliquis
1710 755 1803 800 par-

424 823 536 867 tibus
566 821 694 867 simul
718 839 770 866 ex
794 831 907 865 terra
937 818 1084 877 scalis,
1113 829 1158 864 et
1185 819 1319 864 classe
1343 820 1502 864 moenia
1533 819 1684 881 oppidi
1716 829 1804 864 ten-

423 915 543 961 tans,
569 914 619 948 ut
640 903 989 948 adversariorum
1015 919 1168 946 manus
1193 901 1439 959 diduceret,
1460 901 1611 946 labore
1633 911 1677 946 et
1698 901 1805 946 mul-

422 985 609 1030 titudine
633 985 819 1029 telorum
839 993 1011 1028 nostros
1032 984 1136 1027 vicit
1157 1000 1166 1026 z
1190 983 1454 1044 defectisque
1475 983 1776 1028 defensoribus
1792 1018 1803 1035 ‚

423 1067 498 1127 qui
528 1082 679 1110 omnes
709 1064 879 1125 scaphis
907 1064 1075 1124 excepti
1113 1063 1385 1125 refugerant,
1417 1079 1509 1107 eam
1539 1080 1693 1107 navem
1729 1081 1804 1108 ex-

422 1146 658 1207 pugnavit3
695 1144 936 1204 eodemque
977 1153 1173 1204 tempore
1218 1160 1271 1186 ex
1308 1142 1442 1187 altera
1486 1152 1609 1203 parte
1643 1142 1803 1188 molem

373 1268 377 1272 .
423 1227 563 1271 tenuit
598 1224 842 1270 naturalem
877 1224 1116 1285 objectam,
1153 1240 1249 1284 quae
1286 1239 1395 1284 pene
1430 1221 1616 1267 insulam
1652 1234 1805 1268 contra

424 1307 635 1369 oppidum
681 1306 906 1362 effecerat,
956 1322 1042 1366 qua
1094 1305 1301 1361 biremes,
1352 1305 1558 1365 subjectis
1605 1303 1806 1360 scutulis,

425 1386 635 1449 impulsas
665 1387 861 1432 vectibus
888 1387 932 1430 in
962 1386 1213 1430 interiorem
1243 1395 1411 1446 partem
1442 1384 1702 1430 transduxit.
1740 1387 1807 1429 Ita

423 1486 475 1513 ex
498 1479 682 1529 utraque
703 1477 825 1529 parte
847 1483 976 1511 naves
996 1466 1146 1528 longas
1166 1482 1418 1527 aggressus,
1441 1482 1538 1527 quae
1557 1476 1684 1510 erant
1703 1464 1810 1510 deli-

424 1561 532 1612 gatae
559 1549 614 1593 ad
642 1559 802 1593 terram
831 1557 963 1607 atque
1000 1548 1170 1602 inanes,
1196 1556 1385 1607 quatuor
1416 1563 1468 1590 ex
1503 1547 1571 1591 his
1606 1546 1807 1601 abduxit,

424 1630 614 1692 reliquas
638 1627 844 1673 incendit.
882 1630 978 1672 Hoc
1005 1627 1205 1671 confecto
1234 1628 1432 1689 negotio,
1458 1630 1514 1672 D.
1545 1626 1728 1672 Laelium
1754 1627 1807 1671 ab

425 1711 602 1756 asiatica
635 1708 768 1753 classe
797 1708 1035 1752 abductum
1074 1707 1274 1768 reliquit,
1302 1709 1377 1768 qui
1405 1716 1674 1752 commeatus
1704 1705 1808 1750 Bul-

426 1791 513 1835 lide
540 1800 670 1851 atque
697 1789 901 1833 Amantia
927 1789 1155 1848 importari
1188 1789 1231 1830 in
1262 1787 1476 1848 oppidum
1509 1787 1770 1848 prohibebat
1799 1805 1807 1830 :

426 1873 538 1933 ipsc,
569 1871 742 1914 Lissum
769 1868 1010 1929 profectus,
1041 1884 1171 1912 naves
1205 1868 1426 1911 onerarias
1462 1868 1663 1929 triginta,
1695 1884 1720 1911 a
1744 1869 1807 1911 M.

425 1952 618 1997 Antonio
647 1949 840 2007 relictas,
869 1950 984 1994 intra
1009 1958 1185 2010 portum
1212 1965 1462 2011 aggressus,
1491 1964 1642 1992 omues
1669 1948 1812 1992 incen-

426 2033 490 2077 dit
519 2050 527 2076 :
555 2034 728 2077 Lissum
756 2047 1008 2092 expugnare
1034 2039 1240 2084 conatus,
1272 2029 1606 2074 defendentibus
1641 2028 1810 2073 civibus

425 2113 641 2170 romanis,
672 2114 748 2173 qui
774 2112 869 2173 ejus
896 2120 1022 2155 erant
1058 2120 1319 2165 conventus,
1348 2109 1669 2170 militibusque,
1700 2125 1810 2169 quos

428 2193 616 2255 praesidii
641 2210 771 2238 causa
797 2193 972 2237 miserat
995 2194 1161 2251 Caesar,
1191 2191 1383 2235 triduum
1412 2200 1633 2246 moratus,
1661 2190 1809 2251 paucis

428 2276 471 2318 in
497 2275 827 2336 oppugnatione
850 2274 1041 2329 amissis,
1072 2291 1118 2317 re
1145 2273 1326 2328 infecta,
1355 2272 1456 2316 inde
1487 2271 1695 2316 discessit.

492 2357 609 2400 XLI.
646 2358 811 2411 Caesar,
851 2363 1083 2416 postquam
1130 2354 1387 2415 Pompeium
1426 2352 1480 2396 ad
1522 2351 1810 2413 Asparagium

428 2452 519 2481 csse
540 2437 748 2498 cognovit
764 2470 775 2489 ‚
797 2434 949 2480 eodem
971 2451 1069 2478 cum
1091 2435 1283 2481 exercitu
1300 2433 1543 2495 profectus,
1560 2439 1811 2492 expugnato

430 2518 473 2561 in
499 2517 656 2561 itinere
682 2516 847 2578 oppido
874 2516 1203 2572 Parthinorum,
1235 2517 1278 2559 in
1312 2532 1400 2575 quo
1435 2513 1668 2573 Pompeius
1703 2527 1812 2571 prae-

429 2596 587 2641 sidium
609 2597 818 2654 habebat,
842 2597 972 2640 tertio
994 2595 1062 2640 die
1084 2598 1127 2640 in
1154 2595 1460 2640 Macedoniam
1477 2593 1531 2637 ad
1552 2592 1812 2652 Pompeium

432 2678 653 2737 pervenit,
671 2678 882 2739 juxtaque
907 2693 1005 2721 eum
1035 2688 1176 2722 castra
1201 2677 1367 2737 posuit3
1385 2685 1428 2718 et
1451 2672 1682 2734 postridie,
1713 2671 1812 2715 edu-
