1972 3356
372 246 385 268 1
395 245 443 267 20
583 233 622 267 C.
649 232 704 267 JU
711 232 781 266 LII
811 231 1032 266 CAESARIS
1061 230 1551 267 COMMENTARIORUM

367 327 540 362 noctem
564 331 658 360 rem
686 315 918 359 duxerant.
947 316 1040 372 Ita,
1066 317 1313 361 necessario
1342 325 1474 377 atque
1501 333 1553 360 ex
1574 325 1771 377 tempore

365 407 496 459 capto
521 395 726 450 consilio,
746 397 985 458 Pompeius
1008 395 1230 441 tumulum
1258 395 1495 458 quemdam
1519 397 1770 458 occupavit,

364 480 441 539 qui
482 488 654 522 tantum
682 477 835 523 aberat
860 495 886 522 a
917 487 1069 523 nostro
1104 476 1304 532 castello,
1337 487 1386 522 ut
1415 476 1551 522 telum
1580 487 1774 522 tormen-

365 571 515 605 tumve
542 561 728 605 missum
753 560 870 623 adigi
899 577 990 605 non
1018 569 1176 622 posset.
1207 561 1303 604 Hoc
1339 558 1539 605 consedit
1574 556 1694 617 loco,
1717 568 1774 603 at-

364 659 449 703 que
473 658 575 686 eum
599 642 888 699 communiit,
912 658 1155 703 omnesque
1181 640 1242 685 ibi
1269 641 1418 703 copias
1440 641 1675 686 continuit.

430 725 526 770 LII.
564 723 734 769 Eodem
769 733 972 786 tempore
1013 721 1187 767 duobus
1223 733 1434 784 praeterea
1460 721 1566 767 locis
1606 737 1776 784 pugna-

363 815 457 850 tum
476 815 543 850 est
582 823 591 850 :
638 822 741 850 nam
771 804 900 867 plura
942 803 1120 849 castella
1144 805 1382 866 Pompeius
1425 804 1610 866 pariter,
1657 802 1775 848 disti-

363 886 521 931 ncndae
548 903 706 931 manus
738 902 898 943 causa,
928 895 1195 942 tentaverat,
1222 902 1276 930 ne
1302 902 1355 930 ex
1381 886 1594 949 proximis
1620 886 1772 949 praesi-

363 967 447 1012 diis
486 968 686 1013 succurri
715 977 876 1029 posset.
913 969 1018 1012 Uno
1055 965 1152 1010 loco
1189 965 1421 1012 Volcatius
1449 965 1605 1012 Tullus
1632 968 1773 1029 impe-

364 1060 459 1094 tum
488 1048 675 1111 legionis
704 1048 914 1092 sustinuit
934 1047 1193 1092 cohortibus
1212 1048 1376 1103 tribus,
1398 1058 1530 1109 atque
1555 1065 1653 1093 eam
1677 1047 1774 1094 loco

362 1128 559 1192 depulit3
598 1127 740 1173 altcro
780 1130 1018 1186 Germani,
1056 1129 1328 1173 munitiones
1370 1138 1542 1173 nostras
1588 1131 1773 1192 egressi,

363 1210 666 1273 compluribus
696 1210 961 1266 interfectis,
993 1226 1085 1254 sese
1125 1209 1181 1253 ad
1216 1226 1316 1254 suos
1363 1208 1605 1255 incolumes
1650 1227 1772 1256 rece·

364 1303 537 1353 perunt.

426 1376 546 1419 LIII.
585 1377 653 1420 Ita
687 1392 774 1420 uno
805 1375 875 1421 die
911 1392 984 1420 sex
1016 1373 1182 1437 proeliis
1207 1374 1352 1432 factis,
1391 1375 1532 1420 tribus
1570 1374 1626 1420 ad
1656 1378 1774 1437 Dyr-

361 1456 590 1514 rachium,
627 1457 769 1502 tribus
799 1457 854 1501 ad
894 1458 1185 1515 munitiones,
1216 1474 1355 1518 quum
1384 1456 1544 1501 horum
1574 1458 1774 1501 omnium

363 1539 476 1582 ratio
503 1538 765 1596 haberetur,
800 1538 857 1583 ad
888 1538 1081 1584 duorum
1114 1538 1300 1583 millium
1326 1555 1512 1583 numero
1551 1555 1604 1582 ex
1642 1540 1774 1583 Pom-

362 1620 531 1679 peianis
553 1620 762 1664 cecidisse
785 1620 1112 1682 reperiebamus
1133 1655 1143 1677 ,
1173 1629 1377 1664 evocatos
1402 1621 1774 1682 centurionesque

362 1698 625 1761 complures.
645 1703 697 1744 In
715 1717 766 1745 eo
784 1700 868 1745 fuit
884 1717 1069 1746 numero
1084 1704 1135 1746 L.
1149 1699 1352 1746 Valerius
1368 1699 1570 1757 Flaccus,
1589 1701 1638 1745 L.
1656 1700 1775 1745 filius

361 1782 454 1841 ejus
495 1782 570 1841 qui
601 1791 765 1841 praetor
804 1783 955 1826 Asiam
989 1782 1268 1838 obtinuerat3
1313 1783 1527 1843 signaque
1566 1791 1669 1826 sunt
1703 1798 1775 1826 sex

361 1860 570 1905 militaria
615 1861 764 1906 relata.
804 1863 957 1907 Nostri
993 1879 1083 1906 non
1129 1860 1321 1924 amplius
1368 1863 1526 1925 viginti
1567 1862 1775 1906 omnibus

361 1951 466 1985 sunt
506 1941 672 2003 proeliis
706 1942 953 1988 desiderati.
991 1943 1078 1988 Sed
1109 1945 1153 1988 in
1185 1942 1363 1989 castello
1400 1960 1531 1989 nemo
1562 1943 1645 1990 fuit
1679 1960 1775 1988 om·

361 2025 468 2069 nino
500 2023 719 2081 militum,
758 2025 866 2086 quin
906 2023 1240 2081 vulneraretur3
1281 2034 1563 2087 quatuorque
1595 2041 1649 2070 ex
1686 2041 1772 2069 una

360 2105 545 2150 cohorte
568 2106 852 2151 centuriones
876 2105 1028 2150 oculos
1058 2107 1319 2151 amiserunt.
1347 2108 1403 2151 Et
1440 2122 1579 2167 quum
1611 2104 1775 2151 laboris

360 2188 426 2231 sui
447 2186 726 2249 periculique
744 2188 1047 2232 testimonium
1074 2187 1234 2232 afferre
1262 2185 1450 2245 vellent,
1478 2186 1617 2232 millia
1641 2188 1776 2250 sagit·

359 2278 507 2312 tarum
531 2270 709 2314 circiter
728 2286 823 2314 xxx
839 2304 850 2324 ,
880 2269 925 2312 in
951 2268 1179 2314 castellum
1205 2269 1429 2330 conjecta,
1455 2270 1618 2315 Caesari
1647 2284 1774 2313 renu-

359 2360 645 2394 meraverunt
681 2369 689 2394 :
736 2360 951 2412 scutoque
978 2350 1035 2394 ad
1062 2368 1161 2396 eum
1191 2350 1331 2396 relato
1359 2353 1519 2396 Scaevae
1556 2351 1773 2396 centurio-

358 2432 455 2488 nis,
496 2432 674 2477 inventa
716 2442 822 2477 sunt
862 2432 907 2476 in
931 2449 982 2476 eo
1012 2432 1230 2478 foramina
1266 2449 1374 2479 cxx.
1413 2434 1560 2491 Quem
1599 2433 1770 2488 Caesar,

358 2522 406 2556 ut
421 2523 516 2557 erat
539 2513 593 2558 de
617 2531 661 2558 se
683 2515 868 2559 meritus
893 2524 937 2558 et
964 2515 1017 2559 de
1047 2513 1301 2576 republica,
1326 2514 1542 2560 donatum
1574 2511 1768 2558 millibus

356 2592 582 2651 ducentis,
615 2608 749 2659 atque
778 2596 833 2641 ab
858 2598 1024 2641 octavis
1058 2597 1289 2642 ordinibus
1319 2596 1375 2641 ad
1406 2597 1600 2659 primum
1628 2594 1768 2658 pilum

359 2690 402 2717 se
434 2677 716 2723 transducere
742 2680 1049 2740 pronuntiavit
1079 2697 1087 2723 :
1119 2680 1212 2739 ejus
1235 2679 1352 2724 enim
1373 2693 1508 2738 opera
1535 2675 1764 2722 castellum
