1972 3356
371 310 442 345 108
576 311 615 345 C.
647 310 772 345 JULII
802 309 1019 345 CAESARIS
1049 310 1540 348 COMMENTARIORUM

369 392 557 435 maxime
592 391 646 434 ad
682 392 968 436 Germaniam
1000 403 1169 453 spectat
1204 411 1213 436 :
1254 394 1356 438 huic
1386 393 1522 438 millia
1548 410 1752 454 passuum

368 486 482 516 Dccc
506 471 550 514 in
580 470 899 532 longitudinem
928 489 1017 516 esse
1041 473 1328 517 existimatur.
1356 476 1422 518 Ita
1446 473 1588 517 omnis
1615 473 1756 518 insula

368 560 433 595 est
461 551 506 594 in
533 552 723 595 circuitu
751 553 886 596 vicies
913 564 1094 598 centum
1114 552 1301 597 millium
1325 570 1546 615 passuum.

432 633 552 677 XIV.
589 635 654 676 Ex
685 632 752 676 his
786 633 991 678 omnibus
1027 632 1157 695 longe
1189 644 1291 677 sunt
1322 634 1644 691 humanissimi,
1682 634 1756 694 qui

370 712 579 757 Cantium
612 711 836 766 incolunt,
873 730 968 773 quae
993 714 1113 774 regio
1144 724 1209 758 est
1242 715 1462 758 maritima
1489 714 1657 769 omnis,
1686 730 1760 757 ne-

374 808 458 851 que
482 791 672 836 multum
696 809 720 836 a
743 792 914 837 Gallica
933 792 1144 837 differunt
1169 793 1498 839 consuetudine.
1518 793 1757 837 Interiores

372 870 573 932 plerique
593 872 814 917 frumenta
835 889 923 916 non
947 883 1119 929 serunt,
1139 873 1213 917 sed
1239 872 1349 917 lacte
1371 883 1416 918 et
1432 889 1563 917 carne
1584 874 1758 928 vivunt,

371 950 646 1013 pellibusque
663 962 765 997 sunt
789 954 946 998 vestiti.
967 955 1132 998 Omnes
1155 971 1259 998 vero
1277 971 1321 998 se
1344 955 1543 998 Britanni
1561 954 1677 997 vitro
1696 954 1760 997 in-

371 1031 548 1088 ficiunt,
568 1032 688 1093 quod
711 1032 944 1077 caeruleum
964 1033 1100 1078 efficit
1122 1033 1336 1083 colorem:
1361 1044 1491 1095 atque
1514 1034 1597 1078 hoc
1616 1034 1759 1077 horri-

372 1111 494 1155 diore
514 1122 617 1156 sunt
640 1114 685 1156 in
709 1129 858 1174 pugna
880 1123 1059 1175 aspectu
1083 1131 1091 1157 :
1118 1113 1365 1175 capilloque
1390 1123 1491 1157 sunt
1513 1114 1731 1174 promisso
1747 1148 1758 1169 ‚

373 1200 505 1252 atque
521 1193 642 1235 omni
667 1203 793 1253 parte
816 1193 1012 1254 corporis
1036 1210 1151 1251 rasa,
1177 1203 1335 1255 praeter
1359 1202 1491 1254 caput
1520 1203 1563 1236 et
1586 1192 1759 1237 labrum

372 1272 584 1332 superius.
613 1275 784 1318 Uxores
812 1273 978 1318 habent
1000 1274 1100 1318 deni
1128 1273 1409 1335 duodenique
1434 1275 1549 1319 inter
1573 1291 1617 1318 se
1639 1291 1759 1318 com-

374 1369 547 1410 munes,
581 1363 623 1397 et
659 1355 849 1398 maxime
880 1353 1035 1399 fratres
1069 1372 1168 1399 cum
1205 1354 1433 1412 fratribus,
1471 1365 1761 1416 parentesque

373 1448 474 1475 cum
494 1431 664 1492 liberis;
683 1435 778 1492 sed,
801 1436 834 1480 si
855 1437 929 1497 qui
951 1446 1053 1480 sunt
1077 1453 1129 1479 ex
1148 1436 1216 1480 his
1240 1437 1354 1492 nati,
1375 1451 1528 1479 eorum
1543 1435 1760 1479 habentur

377 1511 523 1570 liberi,
547 1531 634 1575 quo
654 1517 844 1575 primum
870 1516 995 1578 virgo
1015 1533 1199 1578 quaeque
1223 1516 1411 1561 deducta
1433 1525 1508 1560 est.

440 1597 538 1638 XV.
565 1596 744 1656 Equites
769 1597 962 1640 hostium
984 1597 1278 1657 essedariique
1301 1597 1460 1641 acriter
1483 1595 1637 1657 proelio
1660 1612 1760 1639 cum

375 1675 575 1735 equitatu
605 1685 755 1720 nostro
779 1677 824 1720 in
847 1677 1003 1721 itinere
1031 1678 1346 1731 conflixerunt,
1374 1686 1521 1721 tamen
1548 1685 1595 1719 ut
1621 1677 1761 1719 nostri

375 1755 580 1799 omnibus
604 1756 803 1815 partibus
828 1757 1073 1818 superiores
1095 1758 1282 1813 fuerint,
1308 1767 1440 1817 atque
1463 1772 1535 1799 eos
1558 1756 1603 1798 in
1632 1754 1760 1798 silvas

374 1834 594 1897 collesque
612 1835 906 1896 compulerint
929 1855 937 1881 :
963 1837 1061 1892 sed,
1083 1835 1384 1897 compluribus
1405 1836 1661 1892 interfectis,
1684 1852 1761 1879 cu-

379 1914 521 1974 pidius
545 1916 751 1973 insecuti,
778 1915 1013 1960 nonnullos
1037 1933 1089 1960 ex
1117 1917 1204 1960 suis
1228 1916 1484 1960 amiserunt.
1511 1917 1568 1959 At
1590 1913 1673 1972 illi,
1697 1916 1762 1958 in-

378 1997 575 2039 termisso
607 1997 772 2057 spatio,
798 1996 1152 2057 imprudentibus
1182 1997 1344 2041 nostris
1371 2005 1502 2055 atque
1537 1996 1762 2056 occupatis

377 2077 419 2119 in
454 2077 697 2120 munitione
729 2086 996 2132 castrorum,
1031 2077 1176 2121 subito
1207 2094 1250 2121 se
1283 2093 1335 2120 ex
1369 2074 1487 2119 silvis
1522 2076 1761 2136 ejecerunt,

378 2157 633 2217 impetuque
658 2159 702 2201 in
729 2174 800 2201 eos
825 2157 959 2213 facto,
984 2158 1205 2218 quierant
1229 2158 1273 2201 in
1299 2157 1486 2200 statione
1508 2173 1590 2216 pro
1610 2156 1761 2200 castris

378 2235 598 2292 collocati,
613 2238 771 2281 acriter
787 2247 1117 2298 pugnaverunt:
1135 2237 1394 2298 duabusque
1410 2236 1554 2281 missis
1570 2235 1760 2280 subsidio

377 2317 630 2361 cohortibus
651 2334 674 2361 a
690 2319 881 2372 Caesare,
901 2327 1032 2378 atque
1053 2317 1119 2360 his
1140 2317 1292 2378 primis
1308 2316 1531 2379 legionum
1552 2316 1759 2371 duarum,

377 2413 513 2457 quum
538 2397 623 2450 bae,
646 2398 885 2458 perexiguo
906 2398 1152 2440 intermisso
1171 2395 1255 2441 loci
1277 2398 1418 2457 spatio
1442 2398 1555 2440 inter
1575 2413 1637 2449 se,
1659 2411 1762 2439 con-

380 2478 611 2533 stitissent,
630 2494 746 2521 novo
770 2493 929 2538 genere
947 2494 1105 2539 pugnae
1120 2478 1366 2538 perterritis
1382 2478 1561 2531 nostris,
1577 2492 1655 2536 per
1673 2492 1761 2519 me-

379 2557 471 2601 dios
486 2557 770 2602 audacissime
790 2567 1110 2618 proruperunt,
1132 2574 1261 2619 seque
1276 2557 1377 2601 inde
1392 2554 1634 2600 incolumes
1648 2572 1762 2599 rece-

382 2647 551 2694 perunt.
567 2639 631 2681 Eo
640 2637 708 2680 die
719 2639 776 2695 Q.
787 2638 1000 2682 Laberius
1009 2640 1159 2683 Durus
1171 2673 1182 2694 ,
1194 2638 1397 2682 tribunus
1411 2634 1618 2691 militum,
1631 2636 1763 2679 inter-

381 2713 535 2758 ficitur.
565 2715 656 2771 llll,
687 2715 886 2777 pluribus
914 2718 1137 2763 submissis
1168 2717 1439 2773 cohortibus,
1471 2715 1759 2776 repelluntur.
