1972 3356
287 279 335 313 88
497 278 536 312 C.
570 277 695 312 JULII
725 274 938 310 CAESARIS
969 274 1457 309 COMMENTARIORUM

285 363 468 417 Suevos,
494 369 777 420 posteaquam
808 373 886 417 per
911 355 1209 416 exploratores
1233 366 1412 416 pontem
1435 355 1530 399 fieri
1554 371 1671 398 com-

286 441 525 502 perissent,
553 455 675 482 more
709 454 788 482 suo
818 435 1001 481 consilio
1032 437 1212 492 habito,
1241 437 1420 480 nuntios
1448 435 1493 478 in
1522 449 1674 478 omnes

286 530 431 581 partes
471 519 705 577 dimisisse,
745 519 810 562 uti
844 518 897 562 de
929 518 1103 580 oppidis
1146 517 1463 579 demigrarent,
1495 514 1674 565 liberos,

286 617 463 658 uxores,
482 617 647 662 suaque
662 601 811 644 omnia
831 601 876 644 in
895 600 1024 645 silvas
1043 600 1329 664 deponerent,
1354 608 1483 659 atque
1502 611 1677 651 omnes,

284 683 360 742 qui
394 698 518 726 arma
546 681 660 726 ferre
696 692 896 743 possent,
928 698 1069 726 unum
1098 683 1311 724 inlocum
1343 679 1631 723 convenirent
1664 694 1673 719 :

285 764 404 807 hunc
427 779 519 807 esse
548 761 768 807 delectum
790 762 987 808 medium
1009 762 1098 806 fere
1120 761 1350 822 regionum
1373 776 1544 813 earum,
1569 774 1676 818 quas

284 844 414 887 Suevi
451 843 707 887 obtinerent
740 861 749 887 ε
783 844 855 887 hic
889 845 1195 888 Romanorum
1224 840 1462 884 adventum
1497 855 1678 899 exspec-

286 934 401 979 tare,
435 935 568 985 atque
600 925 660 968 ibi
695 924 916 968 decertare
947 923 1237 967 constituisse.
1265 920 1401 978 Quod
1430 920 1504 964 ubi
1533 920 1678 963 Caesar

287 1007 522 1067 comperit,
549 1005 756 1051 omnibus
788 1006 856 1049 his
887 1005 1017 1048 rebus
1054 1003 1282 1059 confectis,
1312 1018 1499 1063 quarum
1530 1017 1678 1045 rerum

285 1103 415 1131 causa
454 1086 685 1131 traducere
724 1086 966 1130 exercitum
1005 1085 1314 1140 constituerat,
1355 1092 1403 1126 ut
1445 1081 1678 1126 Germanis

290 1177 453 1212 metum
482 1167 703 1228 injiceret,
735 1176 786 1210 ut
819 1166 1071 1228 Sigambros
1110 1164 1420 1219 ulcisceretur,
1457 1173 1506 1206 ut
1540 1163 1679 1207 Ubios

287 1247 516 1291 obsidione
545 1247 773 1303 liberaret,
802 1247 955 1291 diebus
977 1246 1160 1290 omnino
1185 1262 1215 1289 x
1241 1255 1286 1289 et
1313 1260 1394 1288 vm
1420 1254 1542 1287 trans
1564 1243 1680 1287 Rhe-

287 1344 390 1371 num
406 1329 699 1389 consumptis,
722 1328 825 1372 satis
852 1337 895 1371 et
919 1327 975 1371 ad
989 1326 1163 1371 laudem
1188 1335 1230 1369 et
1244 1325 1299 1369 ad
1325 1323 1561 1368 utilitatem
1579 1340 1680 1384 pro-

286 1407 447 1452 fectum
493 1408 752 1464 arbitratus,
795 1424 838 1451 se
878 1408 922 1449 in
955 1406 1147 1451 Galliam
1187 1406 1372 1466 recepit,
1412 1414 1680 1465 pontemque

285 1487 477 1532 rescidit.

350 1571 450 1612 XX.
482 1570 654 1630 Exigua
682 1578 806 1629 parte
834 1570 994 1613 aestatis
1025 1567 1214 1629 reliqua,
1238 1569 1406 1623 Caesar,
1435 1566 1515 1610 etsi
1544 1566 1587 1609 in
1614 1565 1680 1609 his

286 1647 414 1705 locis,
445 1649 564 1709 quod
595 1650 738 1693 omnis
764 1648 911 1694 Gallia
939 1650 993 1693 ad
1022 1649 1359 1711 septemtriones
1391 1647 1553 1708 vergit,
1586 1663 1679 1690 ma-

288 1738 395 1773 turae
424 1740 525 1773 sunt
548 1730 735 1787 hiemes,
761 1740 907 1774 tamen
929 1732 973 1773 in
1014 1731 1288 1775 Britanniam
1323 1728 1543 1790 proficisci
1576 1743 1680 1771 con-

288 1808 446 1864 tendit,
471 1810 590 1871 quod
618 1811 826 1854 omnibus
853 1811 941 1855 fere
973 1809 1158 1855 Gallicis
1183 1811 1326 1866 bellis,
1350 1809 1551 1853 hostibus
1581 1825 1679 1852 nos-

288 1891 366 1934 tris
400 1891 501 1935 inde
528 1891 859 1936 subministrata
887 1890 1050 1935 auxilia
1076 1890 1348 1952 intelligebat
1376 1908 1384 1933 :
1412 1900 1473 1945 et,
1507 1890 1542 1932 si
1571 1899 1677 1933 tem-

288 1986 368 2032 pus
399 1973 502 2015 anni
537 1972 591 2016 ad
618 1972 781 2016 bellum
811 1972 1054 2033 gerendum
1091 1971 1318 2027 deficeret,
1346 1981 1494 2014 tamen
1520 1986 1679 2030 magno

287 2052 370 2096 sibi
394 2052 491 2095 usui
512 2051 605 2096 fore
631 2053 948 2106 arbitrabatur,
975 2054 1010 2096 si
1034 2052 1167 2096 modo
1193 2050 1380 2096 insulam
1405 2050 1585 2106 adisset,
1609 2067 1679 2112 ge—

288 2149 368 2175 nus
397 2133 628 2177 hominum
651 2134 964 2194 perspexisset,
994 2132 1112 2189 loca,
1141 2142 1320 2194 portus,
1344 2132 1489 2176 aditus
1519 2148 1679 2192 cogno-

288 2213 417 2256 visset
451 2230 459 2255 :
497 2230 593 2274 quae
627 2215 776 2257 omnia
812 2213 902 2257 fere
934 2212 1074 2257 Gallis
1107 2222 1232 2257 crant
1259 2213 1498 2274 incognita.
1525 2213 1680 2272 Neque

287 2295 403 2337 enim
423 2303 607 2350 temere,
627 2304 786 2355 praeter
803 2304 1094 2349 mercatores,
1113 2293 1189 2338 illo
1209 2293 1318 2337 adiit
1338 2294 1590 2354 quisquam3
1611 2309 1680 2337 ne-

286 2391 371 2434 que
395 2375 445 2418 iis
472 2375 577 2435 ipsis
603 2375 845 2436 quidquam
868 2410 877 2429 ‚
900 2384 1057 2435 praeter
1083 2391 1206 2418 oram
1238 2375 1523 2431 maritimam,
1548 2384 1680 2434 atquc

287 2471 358 2498 eas
383 2455 608 2516 regiones,
641 2472 737 2516 quae
767 2466 871 2499 sunt
907 2465 1059 2500 contra
1085 2454 1272 2509 Gallias,
1307 2464 1461 2500 notum
1490 2464 1566 2498 est.
1594 2457 1679 2498 Ita-

288 2550 392 2592 que,
416 2536 607 2579 evocatis
632 2535 687 2580 ad
709 2552 752 2580 se
771 2535 969 2596 undique
987 2536 1331 2591 mercatoribus,
1352 2551 1494 2594 neque
1514 2545 1679 2594 quanta

288 2623 395 2656 esset
433 2615 583 2659 insulae
631 2617 911 2677 magnitudo,
955 2632 1097 2676 neque
1138 2633 1235 2677 quae
1275 2625 1350 2659 aut
1389 2623 1564 2674 quantae
1603 2633 1678 2659 na-

289 2694 428 2737 tiones
469 2695 736 2750 incolercnt,
776 2714 918 2756 neque
963 2714 1094 2757 quem
1132 2714 1257 2741 usum
1303 2694 1404 2738 belli
1446 2696 1676 2747 haberent,
