1972 3356
699 211 765 246 DE
796 211 958 247 BELLO
989 212 1141 247 CIVILI
1171 212 1263 247 LIB.
1290 212 1340 246 II.
1670 213 1719 260 59

320 296 530 357 proximae
549 297 587 340 ei
614 295 711 340 loco
736 312 787 339 ex
814 297 939 340 Bruti
962 294 1096 340 classe
1126 312 1258 340 naves
1285 306 1431 353 erant,
1456 296 1499 339 in
1531 313 1603 341 eas
1633 298 1717 340 iin-

321 377 486 439 peditas
508 378 722 440 impetum
750 377 942 434 faciunt,
963 376 1248 438 celeriterque
1275 378 1424 422 ambas
1451 378 1719 440 deprimunt.

384 461 482 504 VII.
517 458 603 503 Sed
635 458 886 505 Nasidianae
913 475 1043 502 naves
1070 457 1181 502 nulli
1216 460 1313 503 usui
1341 459 1541 514 fuerunt,
1571 458 1722 504 celeri-

323 552 475 602 terque
489 557 639 602 pugna
656 549 937 584 excesserunt
964 556 1081 583 :non
1108 540 1226 583 enim
1250 541 1328 583 has
1355 551 1433 584 aut
1465 551 1723 602 conspectus

322 624 498 683 patriae,
526 631 602 665 aut
629 620 987 682 propinquorum
1018 629 1236 681 praecepta
1264 619 1320 664 ad
1348 630 1594 665 extremum
1623 623 1723 666 vitae

321 700 566 764 periculum
587 700 709 745 adire
735 701 966 762 cogebant.
993 702 1148 760 ltaque
1174 717 1226 744 ex
1254 717 1305 744 eo
1330 718 1517 745 numero
1544 704 1723 747 navium

318 782 442 828 nulla
470 782 716 827 desiderata
741 792 805 826 est
827 800 835 826 ι
866 798 918 825 ex
937 780 1283 826 Massiliensium
1311 780 1448 826 classe
1472 799 1499 825 v
1520 793 1622 826 sunt
1646 783 1722 827 de-

319 881 497 926 pressae,
525 881 571 909 1v
598 873 758 925 captae,
799 880 888 907 una
930 880 1030 907 cum
1062 862 1317 907 Nasidianis
1353 863 1551 926 profugit
1587 881 1595 908 :
1628 881 1724 925 quae

317 962 471 990 omnes
496 946 761 991 Citeriorem
789 945 1047 1006 Hispaniam
1078 945 1345 1006 petiverunt.
1374 947 1431 990 At
1461 962 1512 989 ex
1542 943 1724 1007 reliquis

318 1044 405 1073 una
429 1028 654 1089 praemissa
675 1025 939 1082 Massiliam,
965 1027 1098 1086 hujus
1115 1026 1259 1070 nuntii
1286 1026 1536 1087 perferendi
1557 1029 1698 1089 gratia
1713 1062 1724 1083 ,

319 1126 458 1170 quum
478 1109 569 1170 jam
610 1110 992 1170 appropinquaret
1023 1107 1142 1163 urbi,
1180 1107 1325 1151 omnis
1353 1125 1444 1153 sese
1481 1108 1724 1154 multitudo

319 1190 373 1235 ad
399 1189 757 1252 cognoscendum
782 1189 938 1233 effudit
965 1207 974 1233 z
1003 1207 1075 1246 ac,
1104 1206 1150 1233 re
1176 1190 1374 1251 cognita,
1404 1200 1551 1235 tantus
1581 1190 1724 1235 luctus

320 1273 509 1334 excepit,
536 1282 584 1316 ut
608 1272 712 1316 urbs
740 1272 794 1317 ab
820 1272 1021 1316 hostibus
1048 1282 1175 1333 capta
1203 1271 1359 1317 eodem
1391 1273 1572 1334 vestigio
1607 1273 1725 1318 vide-

321 1364 453 1398 retur.
478 1352 771 1399 Massilienses
804 1364 953 1397 tamen
979 1352 1120 1397 nihilo
1146 1354 1320 1414 segnius
1345 1353 1400 1397 ad
1423 1353 1723 1398 defensionem

320 1436 441 1479 urbis
467 1434 638 1496 reliqua
664 1451 877 1496 apparare
903 1444 1147 1495 coeperunt.

388 1518 509 1560 VIII.
534 1519 611 1561 Est
625 1515 983 1561 animadversum
1011 1515 1064 1559 ab
1097 1514 1372 1576 legionariis,
1400 1518 1475 1577 qui
1503 1516 1725 1561 dexteram

319 1607 490 1659 partem
520 1598 665 1658 operis
695 1596 1093 1651 administrabant,
1125 1614 1177 1641 ex
1215 1598 1382 1642 crebris
1406 1598 1601 1643 hostium
1628 1616 1729 1643 eru-

318 1678 544 1741 ptionibus
559 1716 570 1735 ,
591 1696 754 1742 magno
779 1679 859 1723 sibi
879 1696 969 1723 esse
991 1679 1195 1741 praesidio
1222 1696 1371 1741 posse,
1388 1681 1422 1724 si
1439 1697 1521 1742 pro
1546 1679 1727 1725 castello

319 1777 368 1805 ac
382 1760 661 1822 receptaculo
682 1762 841 1806 turrim
864 1777 916 1804 ex
942 1759 1076 1805 latere
1091 1761 1172 1805 sub
1194 1778 1323 1805 muro
1341 1761 1571 1819 fecissent,
1594 1780 1728 1823 quam

322 1842 466 1902 primo
495 1841 550 1886 ad
578 1843 831 1904 repentinos
858 1843 1059 1886 incursus
1083 1840 1298 1886 humilem
1328 1859 1602 1904 parvamque
1617 1843 1731 1888 fece-

322 1932 436 1968 rant.
470 1925 568 1968 Huc
599 1940 643 1968 se
673 1923 922 1967 referebant
962 1941 970 1966 :
1000 1922 1128 1977 hinc,
1156 1924 1190 1967 si
1218 1940 1305 1984 qua
1334 1924 1475 1984 major
1502 1941 1730 1985 oppresse-

323 2013 390 2049 rat
413 2005 502 2061 vis,
528 2004 872 2067 propugnabant
903 2022 911 2047 :
942 2005 1047 2048 hinc
1078 2003 1133 2048 ad
1167 2003 1473 2066 repellendum
1503 2015 1546 2049 et
1576 2022 1728 2067 prose-

323 2085 550 2146 quendum
574 2085 744 2130 hostem
770 2085 1105 2147 procurrebant.
1129 2086 1315 2130 Patebat
1339 2086 1430 2131 haec
1453 2103 1730 2148 quoquover—

323 2184 397 2212 sus
413 2167 544 2229 pedes
569 2185 685 2225 xxx,
712 2167 787 2212 sed
809 2168 1026 2229 parietum
1046 2167 1293 2212 crassitudo
1311 2167 1475 2228 pedum
1497 2168 1696 2229 quinque
1717 2187 1726 2212 :

325 2258 475 2310 postea
502 2266 633 2306 vero,
662 2259 710 2293 ut
735 2259 801 2294 est
827 2266 975 2293 rerum
1008 2249 1210 2293 omnium
1249 2250 1456 2311 magister
1485 2266 1617 2305 usus,
1649 2250 1729 2294 ho-

325 2331 495 2374 minum
513 2330 709 2375 adhibita
738 2330 940 2384 solertia,
963 2332 1193 2376 inventum
1208 2341 1293 2389 est,
1321 2347 1483 2394 magno
1510 2348 1603 2376 esse
1631 2333 1729 2376 usui

326 2429 472 2474 posse,
509 2414 544 2457 si
576 2413 669 2457 haec
705 2423 817 2458 esset
852 2415 895 2458 in
928 2412 1207 2458 altitudinem
1242 2413 1377 2457 turris
1406 2411 1532 2458 elata.
1569 2413 1622 2457 Id
1648 2414 1730 2458 hac

326 2494 498 2538 ratione
536 2494 779 2556 perfectum
805 2506 883 2540 est.

392 2578 475 2620 IX.
498 2577 587 2622 Ubi
615 2578 749 2622 turris
775 2577 961 2623 altitudo
986 2578 1200 2640 perducta
1226 2588 1289 2623 est
1315 2577 1371 2622 ad
1397 2575 1725 2622 contabulatio-

330 2673 451 2713 nem,
482 2674 579 2702 eam
608 2659 651 2703 in
676 2661 863 2721 parietes
892 2660 1197 2704 instruxerunt
1225 2660 1309 2716 ita,
1339 2668 1387 2703 ut
1415 2659 1559 2720 capita
1583 2658 1731 2719 tigno-
