1972 3356
382 307 454 343 '306
758 306 909 341 NOTAE
936 307 987 341 IN
1015 306 1391 342 COMMENTARIA

433 387 516 420 Cn.
543 385 608 420 IV.
643 384 790 419 Veteres
821 384 1036 419 inimicitiae.
1062 384 1183 419 Caesar
1209 384 1330 425 enim,
1354 384 1587 420 consulatum
1615 397 1767 433 gerens,

380 448 560 481 Catonem
582 446 620 481 in
649 458 835 481 carcerem
860 446 946 481 duci
963 446 1132 492 jusserat.
1162 446 1256 481 Inde
1276 446 1352 481 irae.

431 509 551 544 Dolor
565 510 740 556 repulsoe.
765 508 1008 543 Consulatum
1032 507 1124 543 Cato
1151 507 1332 554 petierat3
1358 507 1423 542 sed
1445 520 1465 542 a
1485 507 1636 543 Caesaris
1659 510 1766 543 Porn-

377 569 526 617 peiique
555 569 681 605 amicis
713 569 918 617 impeditus
953 576 1050 614 erat,
1077 568 1166 616 quin
1197 568 1398 604 obtineret.
1433 570 1488 604 De
1524 582 1596 617 qua
1621 570 1768 618 repulsa

382 631 467 667 vide
487 632 605 668 DloN.
633 632 752 676 CAss.,
780 643 837 666 x1..

434 704 602 738 Alterum
627 702 721 749 fore
747 703 904 750 Syllam.
929 703 1067 737 Versus
1089 702 1189 738 enim
1214 702 1401 751 sibyllini,
1429 709 1522 737 teste
1547 703 1769 746 Plutarcho,

383 765 520 808 Cicer„
553 778 620 810 20,
646 773 721 800 tres
740 777 865 800 rerum
897 764 1075 799 dominos
1102 765 1182 801 fore
1216 766 1346 800 Romae
1377 764 1424 799 de
1458 771 1568 812 gente
1594 765 1767 800 Cornelia

379 827 537 875 polliciti
557 835 679 872 erant3
702 827 874 874 jamque,
901 827 1045 874 duplici
1064 840 1083 862 e
1111 835 1237 875 parte,
1257 829 1298 863 L.
1328 826 1524 863 Cornelius
1544 826 1662 862 Cinna
1676 840 1769 862 con-

378 889 455 932 sul,
479 896 514 923 et
539 890 652 926 Corn.
683 889 780 937 Sylla
812 887 972 923 dictator
997 887 1315 924 confirmaverant
1345 888 1573 936 praedictum.
1601 889 1768 924 Tertium

377 963 416 985 se
436 950 538 994 fore,
563 958 604 985 ut
631 958 720 997 pote
748 950 943 984 Cornelius
969 951 1146 995 nomine,
1171 952 1345 998 sperabat
1363 950 1555 986 Lentulus.

430 1012 662 1047 Judiciorum
688 1019 819 1046 metus.
842 1011 939 1044 Nam
967 1011 1093 1058 Scipio
1120 1011 1237 1047 fuerat
1258 1025 1278 1047 a
1303 1012 1484 1047 Memmio
1513 1012 1676 1047 ambitus
1703 1025 1769 1047 ac·-

380 1080 537 1109 cusatus.

433 1144 518 1179 Cn.
543 1143 587 1178 V.
613 1141 680 1176 Suc·
692 1142 858 1189 periculi
873 1143 1112 1190 deprecandi.
1138 1144 1278 1179 Consul
1298 1143 1398 1178 enim
1423 1142 1584 1178 tribunis
1608 1150 1771 1178 suaserat

379 1218 398 1239 e
419 1204 528 1240 Curia
551 1204 761 1248 discedere,
790 1216 836 1239 ne
869 1204 965 1240 forte
990 1205 1232 1241 violarentur.
1260 1205 1379 1249 Vide,
1411 1217 1452 1241 ea
1480 1205 1526 1241 de
1560 1217 1621 1249 re,
1653 1206 1769 1240 Dion.

381 1267 501 1310 Cass„
523 1278 612 1310 x1.1;
636 1267 812 1310 Amm„
836 1279 880 1302 11.

435 1339 519 1373 CAP.
537 1339 601 1373 VI.
626 1338 784 1373 Senatus
797 1346 908 1373 extra
927 1339 1062 1375 unbem.
1083 1340 1134 1375 Ut
1153 1338 1419 1375 deliberationi
1439 1338 1632 1373 interesset
1652 1339 1770 1372 Pom-

379 1400 505 1448 peius,
533 1400 636 1447 cujus
674 1399 847 1447 quidem,
888 1407 928 1436 ut
962 1408 1052 1449 pote
1089 1401 1342 1449 proconsulis,
1376 1400 1540 1448 dignitas
1578 1399 1772 1443 obstabat,

381 1461 581 1509 quominus
607 1461 645 1496 in
670 1461 802 1497 urbem
823 1461 991 1498 intraret.

435 1525 597 1558 Faustus
624 1523 742 1571 Sylla.
769 1525 809 1559 P.
834 1525 1029 1560 Cornelius
1052 1525 1153 1573 Sylla
1178 1525 1332 1560 Faustus
1358 1523 1527 1571 Pompeii
1550 1534 1666 1572 gener
1681 1529 1770 1558 erat.

380 1588 437 1622 De
463 1586 577 1633 ipsius
603 1585 705 1621 exitu
725 1585 821 1621 infra
842 1587 1051 1631 videbitur,
1077 1587 1117 1622 in
1139 1586 1255 1633 Afric,
1278 1588 1371 1622 Bell.

433 1656 518 1691 CAP.
547 1656 654 1691 VIII.
693 1655 948 1704 Cujus-pater
983 1656 1150 1692 Caesaris
1180 1664 1263 1690 erat
1293 1658 1448 1704 legatus.
1485 1657 1543 1691 De
1575 1669 1650 1703 quo
1684 1655 1771 1690 vide

382 1718 477 1751 Bell.
511 1717 635 1760 Gatl.‚
659 1716 724 1752 lib.
749 1730 829 1762 vn,
850 1730 880 1752 c.
909 1730 966 1753 12.

433 1786 518 1821 CAP.
539 1787 606 1820 IX.
633 1787 776 1833 Populi
799 1788 948 1821 romani
969 1786 1197 1833 beneficium.
1222 1787 1304 1822 Hoc
1329 1787 1447 1822 fuerat
1470 1787 1603 1834 populi
1626 1787 1775 1822 romani

382 1859 469 1895 erga
492 1848 673 1883 Caesarem
702 1847 945 1893 beneficium,
965 1856 1003 1884 ut
1030 1849 1177 1884 absenti
1202 1850 1418 1886 consulatus
1441 1849 1597 1897 petendi
1623 1849 1774 1884 facultas

382 1909 504 1954 fieret,
534 1910 637 1958 quod
656 1910 808 1957 quidem
833 1911 1072 1958 plebiscitum
1096 1911 1298 1959 Pompeius
1323 1919 1452 1959 postea
1482 1911 1641 1947 sustulit.

436 1980 519 2015 CAP.
541 1981 608 2016 XI.
630 1983 836 2016 Anconam.
859 1982 961 2018 Urbs
986 1989 1065 2016 erat
1088 1981 1232 2026 Piceni,
1257 1981 1360 2029 prius
1386 1982 1521 2018 Picena
1541 1981 1661 2025 dicta,
1682 1987 1776 2016 teste

383 2043 537 2077 Catone.
570 2044 730 2078 Ancona
758 2050 888 2090 postea
915 2044 1099 2091 appellata
1125 2050 1202 2088 est,
1225 2057 1245 2078 a
1273 2055 1365 2078 voce
1390 2055 1507 2091 graeca
1539 2049 1665 2095 ἀγκών,
1689 2044 1773 2091 gal-

385 2104 453 2139 lice
477 2105 618 2147 coude‚
642 2111 798 2152 propter
827 2105 943 2141 cubiti
968 2105 1129 2141 formam
1154 2117 1267 2153 quam
1297 2118 1342 2140 eo
1375 2105 1412 2140 in
1440 2105 1525 2140 loco
1551 2103 1673 2141 flexus
1700 2117 1774 2141 orae

384 2163 509 2200 efficit.

437 2238 522 2272 Can».
546 2238 630 2272 XII.
659 2238 926 2287 Delectumque
944 2246 1018 2273 toto
1044 2239 1192 2273 Piceno.
1221 2238 1396 2273 Picenum
1427 2237 1588 2285 antiquae
1607 2237 1776 2273 Umbria!

384 2310 470 2345 pars
496 2305 575 2334 erat
608 2298 647 2334 in
672 2300 789 2335 Italia.
811 2300 955 2344 Piceni,
987 2299 1018 2335 si
1049 2300 1228 2335 Straboni
1261 2298 1354 2334 fides
1383 2299 1580 2343 habeatur,
1611 2311 1657 2335 ex
1682 2311 1775 2347 agro

384 2360 518 2395 sabino
556 2360 594 2395 in
631 2373 672 2396 ea
713 2362 795 2396 loca
828 2362 1062 2409 migrarunt,
1084 2362 1173 2410 pico
1199 2374 1266 2397 ave
1300 2362 1369 2396 iter
1404 2361 1625 2397 ductoribus
1660 2374 1775 2397 mon-

384 2429 545 2467 strante3
574 2422 673 2458 unde
692 2435 831 2459 nomen
855 2423 970 2471 genti.

437 2493 521 2527 Cn.
552 2493 657 2528 XIV.
689 2495 834 2541 Aperto
861 2495 1046 2529 sanctiore
1067 2494 1214 2529 (erario.
1244 2494 1388 2540 Duplex
1419 2499 1498 2528 erat
1523 2494 1653 2529 Romae
1678 2504 1773 2527 aera-

385 2553 482 2588 rium
505 2567 513 2588 z
535 2566 671 2598 unum,
697 2554 735 2589 in
765 2568 842 2603 quo
871 2555 1062 2592 ordinaria
1087 2555 1302 2602 reipublicae
1324 2555 1461 2590 tributa
1492 2553 1776 2597 condebantur;

386 2616 566 2661 alterum,
590 2616 694 2664 quod
722 2618 883 2653 sanctius
907 2618 1047 2653 dictum
1063 2645 1071 2661 ‚
1093 2625 1186 2652 teste
1211 2617 1319 2652 Livio
1341 2615 1496 2665 (xxvu,
1531 2616 1618 2665 ιο),
1642 2615 1690 2650 ad
1716 2615 1775 2650 ul-

386 2675 498 2711 timos
525 2689 628 2713 casus
654 2679 884 2715 servabatur.
908 2680 1057 2716 Falsum
1086 2687 1209 2715 autem
1235 2686 1288 2714 est
1317 2678 1419 2726 quod
1446 2678 1507 2713 hic
1534 2679 1654 2713 Caesar
1678 2689 1777 2711 asse-

387 2744 506 2781 verat,
535 2751 669 2786 nempe
703 2753 740 2776 se
771 2748 941 2788 apertum
970 2741 1131 2776 sanctius
1158 2740 1327 2776 aerarium
1354 2738 1550 2775 invenisse.
1584 2737 1644 2774 Sic
1674 2737 1773 2773 enim
