1972 3356
496 236 563 272 DE
591 236 751 273 BELLO
780 235 995 272 GALLICO
1023 233 1114 270 LIB.
1144 234 1186 269 V.
1471 241 1541 276 109

208 322 328 365 XVI.
368 322 482 365 Toto
515 320 601 365 hoc
638 322 876 382 ingenere
908 336 1092 381 pugnae,
1120 334 1259 379 quum
1293 316 1373 361 sub
1404 313 1543 359 oculis

143 402 344 446 omnium
370 419 420 446 ac
444 419 526 463 pro
545 402 699 446 castris
721 401 1028 455 dimicaretur,
1049 399 1322 444 intellectum
1338 408 1426 455 est,
1445 414 1546 441 nos-

147 493 236 527 tros
268 493 450 545 propter
480 483 741 544 gravitatem
769 491 1027 538 armaturae,
1052 480 1171 542 quod
1202 496 1345 541 neque
1376 479 1547 540 insequi

148 564 351 608 cedentes
380 573 581 625 possent,
614 579 756 623 neque
789 562 843 605 ab
877 561 1014 622 signis
1048 560 1272 605 discedere
1308 560 1548 610 auderent,

148 645 293 688 minus
318 654 443 704 aptos
469 660 561 687 esse
590 643 644 687 ad
670 643 802 704 hujus
828 642 1002 704 generis
1034 641 1207 685 hostem
1233 658 1242 685 ε
1272 642 1439 701 equites
1469 657 1548 684 au-

149 736 235 770 tem
261 741 424 786 magno
451 741 552 768 cum
582 721 782 785 periculo
810 722 1042 779 dimicare,
1071 731 1309 783 propterea
1336 720 1456 782 quod
1486 720 1548 764 illi

147 807 280 850 etiam
299 803 502 849 consulto
521 803 784 866 plerumque
801 803 1029 859 cederent,
1050 813 1113 860 et,
1134 820 1273 864 quum
1297 801 1480 863 paulum
1496 801 1550 845 ab

148 886 395 948 legionibus
418 895 592 930 nostros
621 885 934 942 removissent,
960 901 1012 929 ex
1043 885 1204 930 essedis
1232 883 1478 938 desilirent,
1509 892 1553 927 et

148 967 334 1028 pedibus
372 966 537 1028 dispari
573 965 730 1028 proelio
768 965 1102 1010 contenderent.
1140 966 1369 1027 Equestris
1406 974 1553 1009 autem

150 1047 291 1109 proelii
329 1048 442 1092 ratio
483 1057 525 1092 et
557 1047 817 1092 cedentibus
853 1057 897 1092 et
930 1047 1265 1108 insequentibus
1302 1064 1382 1109 par
1420 1056 1554 1108 atque

150 1129 266 1173 idem
291 1128 539 1191 periculum
563 1129 793 1174 inferebat.
820 1129 1070 1174 Accedebat
1096 1129 1204 1187 huc,
1228 1140 1298 1187 ut,
1323 1146 1554 1191 nunquam

152 1211 361 1269 conferti,
400 1210 476 1255 sed
514 1211 602 1255 rari
642 1211 904 1272 magnisque
943 1209 1188 1255 intervallis
1224 1209 1554 1272 proeliarentur,

153 1293 451 1353 stationesque
485 1291 718 1353 dispositas
753 1291 990 1349 haberent;
1023 1302 1157 1353 atque
1190 1290 1298 1337 alios
1328 1291 1402 1336 alii
1430 1292 1556 1337 dein-

153 1390 254 1434 ceps
277 1373 552 1433 exciperent,
571 1373 823 1434 integrique
842 1382 885 1416 et
911 1383 1110 1417 recentes
1131 1373 1381 1435 defatigatis
1406 1391 1557 1419 succe-

155 1453 323 1497 derent.

220 1535 364 1578 XVII.
403 1535 587 1578 Postero
607 1534 697 1593 die,
722 1534 879 1596 procul
910 1552 935 1579 a
960 1536 1113 1580 castris
1132 1536 1279 1581 hostes
1302 1537 1347 1580 in
1373 1536 1559 1581 collibus

156 1614 473 1672 constiterunt,
498 1615 677 1676 rarique
706 1632 751 1660 se
772 1615 1027 1672 ostendere,
1055 1626 1099 1660 et
1131 1615 1274 1662 lenius
1301 1635 1435 1679 quam
1467 1618 1559 1679 pri-

156 1696 250 1753 die,
274 1705 449 1740 nostros
469 1697 642 1758 equites
666 1697 822 1759 proelio
846 1697 1060 1742 lacessere
1083 1709 1326 1760 coeperunt.
1356 1700 1441 1744 Sed
1466 1717 1559 1744 mc-

157 1777 288 1834 ridie,
316 1795 455 1839 quum
479 1780 624 1823 Caesar
652 1778 894 1840 pabulandi
924 1796 1054 1824 causa
1082 1790 1173 1825 tres
1202 1780 1398 1843 legiones
1429 1791 1561 1844 atque

157 1875 335 1903 omnem
356 1861 603 1921 equitatum
634 1877 735 1904 cum
760 1863 808 1905 C.
833 1861 1059 1906 Trebonio
1084 1861 1229 1923 legato
1253 1863 1467 1920 misisset,
1491 1880 1561 1907 re-

157 1948 290 1999 pente
311 1956 363 1983 ex
378 1940 584 1984 omnibus
605 1941 805 2001 partibus
825 1940 880 1984 ad
903 1939 1187 2002 pabulatores
1213 1942 1559 2002 advolaverunt,

158 2019 241 2076 sic,
267 2021 331 2063 uti
360 2020 414 2063 ab
437 2021 570 2081 signis
600 2019 936 2083 legionibusque
960 2039 1051 2066 non
1076 2023 1356 2068 absisterent.
1380 2025 1560 2082 Nostri,

159 2101 318 2144 acriter
340 2101 385 2144 in
407 2118 479 2145 eos
505 2102 674 2162 impetu
698 2102 833 2159 facto,
858 2103 1141 2165 repulerunt3
1171 2121 1313 2166 neque
1335 2105 1470 2150 finem
1497 2123 1564 2151 se-

160 2182 325 2243 quendi
356 2181 577 2240 fecerunt,
605 2184 753 2245 quoad
786 2184 982 2230 subsidio
1010 2186 1165 2231 confisi
1197 2188 1394 2249 equites,
1424 2205 1563 2250 quum

162 2273 262 2324 post
297 2280 341 2307 se
381 2261 576 2325 legiones
609 2265 836 2323 viderent,
879 2267 1128 2329 praecipites
1165 2268 1313 2314 hostes
1348 2281 1564 2332 egerunt;

161 2360 413 2405 magnoque
453 2361 608 2388 eorum
643 2363 832 2392 numero
866 2348 1117 2406 interfecto,
1156 2367 1300 2412 neque
1338 2352 1405 2395 sui
1438 2350 1564 2397 colli-

164 2424 322 2486 gendi,
351 2441 495 2485 neque
522 2427 818 2486 consistendi,
853 2439 931 2473 aut
967 2447 1020 2474 ex
1052 2430 1214 2475 essedis
1241 2431 1470 2476 desiliendi
1500 2431 1565 2476 fa-

164 2504 373 2550 cultatem
403 2504 634 2551 dederunt.
659 2510 724 2552 Ex
752 2509 835 2554 hac
863 2510 966 2572 fuga
994 2511 1219 2573 protinUS,
1246 2529 1343 2573 quae
1368 2512 1565 2574 undique

165 2596 485 2643 convenerant,
507 2587 669 2632 auxilia
692 2589 1007 2650 discesserunt3
1031 2610 1175 2654 neque
1199 2603 1300 2654 post
1323 2593 1368 2638 id
1391 2603 1564 2656 tempus

166 2683 362 2727 unquam
384 2669 566 2712 summis
592 2670 823 2714 nobiscum
846 2672 984 2733 copiis
1014 2673 1160 2717 hostes
1184 2673 1524 2720 contenderunt.
