1972 3356
423 280 492 315 180
649 278 686 310 C.
717 275 843 309 JULII
873 271 1093 307 CAESARIS
1124 270 1384 305 COMMENT.
1414 271 1559 304 LIBER

420 360 642 405 influebat:
670 357 818 400 aberat
843 364 987 399 autem
1017 353 1070 397 ab
1103 353 1216 412 regis
1248 352 1398 394 castris
1422 350 1556 395 millia
1584 367 1785 411 passuum

419 439 590 484 circiter
619 446 794 497 septem.
827 436 919 479 Rex
949 449 1085 493 quum
1111 432 1195 475 hoc
1233 430 1385 473 itinere
1409 430 1556 474 venire
1577 432 1790 475 Caesarem

418 518 722 579 comperisset,
754 515 996 575 equitatum
1035 527 1209 555 omnem
1255 509 1567 570 expeditosque
1602 506 1791 552 delectos

420 596 583 658 pedites
608 595 663 639 ad
686 595 729 638 id
753 593 910 637 flumen
944 592 1087 647 misit,
1110 591 1184 651 qui
1208 590 1391 633 transitu
1416 591 1629 643 Caesarem
1653 587 1797 649 prohi-·

421 678 605 732 herent,
640 684 681 719 et
721 675 888 718 eminus
927 689 978 716 ex
1022 672 1128 732 ripis
1169 667 1370 730 proelium
1411 669 1551 729 impar
1591 668 1750 712 inirent
1785 684 1793 710 :

424 754 591 800 nullum
618 756 732 798 enim
761 768 1012 815 processum
1046 751 1183 794 virtus
1209 748 1417 799 habebat,
1448 757 1524 792 aut
1552 745 1793 807 periculum

424 837 593 897 ignavia
619 834 804 879 subibat.
822 834 932 889 Quae
953 849 1022 875 res
1043 828 1237 874 incendit
1261 827 1411 873 dolore
1435 826 1590 871 milites
1618 827 1799 887 equites·

425 932 508 975 que
533 925 722 968 nostros,
744 911 861 972 quod
889 910 1054 955 tamdiu
1079 910 1172 970 pari
1197 907 1348 969 proelio
1368 924 1466 951 cum
1493 905 1798 951 Alexandrinis

427 1004 677 1039 certaretur.
704 995 857 1051 ltaque
887 989 1037 1033 eodem
1066 998 1262 1048 tempore
1295 988 1459 1047 equites
1488 986 1705 1047 germani,
1743 984 1801 1028 di-

427 1075 560 1134 spersi
596 1072 706 1116 vada
753 1069 942 1114 fluminis
985 1076 1250 1127 quaerenteS,
1284 1066 1443 1126 partim
1481 1064 1801 1108 demissioribus

428 1154 532 1213 ripis
564 1152 723 1194 flumen
748 1156 1059 1199 transnarunt3
1087 1155 1128 1188 et
1155 1145 1403 1205 legionarii,
1439 1144 1607 1205 magnis
1641 1143 1803 1187 arbori-

428 1233 507 1276 bus
527 1231 698 1286 excisis,
724 1246 819 1289 quae
845 1225 1116 1288 longitudine
1150 1235 1378 1284 utramque
1409 1224 1548 1284 ripam
1585 1223 1805 1284 continge-

428 1322 543 1368 rent,
568 1321 609 1355 et
638 1309 864 1371 projectis,
904 1307 1222 1368 repentinoque
1252 1320 1410 1365 aggere
1437 1304 1616 1364 injecto,
1643 1302 1804 1346 flumen

429 1392 706 1435 transierunt.
727 1389 927 1446 Quorum
946 1387 1159 1447 impetum
1178 1384 1285 1428 adeo
1299 1385 1621 1445 pertimuerunt
1639 1383 1804 1437 hostes,

430 1481 479 1515 ut
503 1472 546 1514 in
572 1471 674 1532 fuga
694 1486 813 1530 spem
833 1467 981 1512 salutis
1006 1465 1270 1510 collocarent
1294 1483 1302 1507 :
1327 1465 1401 1508 sed
1426 1465 1469 1508 id
1491 1464 1670 1520 frustra3
1693 1481 1808 1508 nam-

432 1567 515 1611 que
543 1567 594 1594 ex
619 1549 720 1610 fuga
748 1549 873 1608 pauci
895 1547 949 1591 ad
978 1562 1124 1606 regem
1153 1545 1428 1605 refugerunt,
1454 1561 1574 1605 paene
1601 1545 1721 1588 omni
1749 1560 1807 1587 re-

434 1631 551 1691 liqua
577 1629 858 1674 multitudine
881 1627 1121 1671 interfecta.

498 1711 639 1755 XXX.
673 1711 841 1763 Caesar,
870 1723 916 1750 re
942 1706 1265 1767 praeclarissime
1291 1715 1430 1766 gesta,
1459 1722 1593 1764 quum
1615 1704 1807 1748 subitum

435 1791 670 1833 adventum
712 1804 836 1831 suum
869 1786 1085 1846 judicaret
1128 1801 1334 1845 magnum
1370 1794 1580 1827 terrorem
1619 1782 1808 1827 Alexan-

437 1870 572 1912 drinis
607 1868 891 1928 injecturum,
922 1866 1122 1926 protinus
1152 1866 1291 1908 victor
1327 1863 1383 1908 ad
1411 1873 1552 1908 castra
1583 1863 1696 1924 regis
1724 1879 1814 1924 per-

437 1948 588 1993 tendit.
612 1951 714 1992 Haec
733 1963 870 2007 quum
894 1955 936 1989 et
955 1962 1084 2005 opere
1107 1961 1266 2006 magno
1292 1943 1468 1999 vallata,
1493 1953 1535 1987 et
1554 1942 1638 1987 loci
1660 1953 1814 1987 natura

437 2030 606 2072 munita
642 2027 912 2082 adverteret,
951 2025 1280 2085 confertamque
1316 2041 1537 2068 armorum
1576 2023 1816 2067 multitudi-

438 2125 535 2152 nem
567 2107 822 2152 collocatam
848 2108 891 2149 in
918 2104 1032 2149 vallo
1061 2105 1245 2158 videret,
1276 2104 1410 2148 lassos
1441 2104 1594 2148 itinere
1631 2120 1681 2147 ac
1709 2120 1816 2164 proe-

439 2188 585 2232 liando
620 2187 776 2231 milites
807 2186 860 2230 ad
893 2185 1189 2246 oppugnanda
1220 2195 1361 2229 castra
1397 2183 1625 2228 succedere
1658 2181 1812 2227 noluit.

438 2271 610 2328 ltaque,
651 2285 738 2311 non
769 2282 929 2327 niagno
967 2264 1195 2309 intervallo
1231 2263 1381 2307 relicto
1413 2263 1466 2307 ab
1492 2264 1639 2319 hoste,
1674 2272 1814 2307 castra

440 2349 598 2409 posuit.
650 2349 827 2391 Postero
872 2345 941 2388 die
976 2344 1222 2399 castellum,
1270 2343 1387 2404 quod
1419 2359 1492 2387 rex
1533 2344 1577 2387 in
1614 2343 1813 2404 proximo

441 2428 536 2471 vico
564 2443 652 2470 non
674 2426 802 2487 longe
818 2426 941 2469 asuis
967 2425 1118 2469 castris
1136 2425 1400 2480 muniverat,
1427 2423 1701 2483 brachiisque
1714 2438 1812 2465 cuin

442 2523 571 2568 opere
598 2516 838 2550 castrorum
863 2504 1169 2563 conjunxerat,
1198 2505 1280 2547 vici
1307 2502 1533 2547 obtinendi
1558 2518 1705 2557 causa,
1728 2502 1815 2545 Cae-

444 2603 512 2630 sar
531 2603 757 2648 aggressus
782 2586 985 2630 omnibus
1015 2586 1148 2645 copiis
1175 2593 1416 2645 expugnat,
1441 2599 1528 2626 non
1554 2598 1641 2642 quo
1665 2580 1709 2625 id
1742 2582 1818 2624 mi-

445 2666 540 2708 nori
579 2682 762 2709 numero
802 2664 987 2708 militum
1026 2665 1232 2724 consequi
1270 2661 1445 2706 difficile
1474 2661 1588 2704 factu
1623 2670 1814 2721 putaret,
