1972 3356
553 208 619 242 DE
648 207 804 244 BELLO
836 208 1049 246 GALLICO
1082 208 1173 244 LIB.
1196 208 1258 243 VI.
1535 213 1601 252 ¹47

218 292 292 352 qui
314 291 607 347 conveniunt,
632 302 693 349 et,
722 292 776 336 de
800 302 942 338 morte
969 294 1004 337 si
1039 309 1107 338 res
1131 294 1176 336 in
1211 292 1504 354 suspicionem
1530 310 1603 337 ve-

213 372 296 422 nit,
322 370 375 415 de
398 372 608 416 uxoribus
628 373 674 416 in
692 371 895 417 servilem
913 373 1094 417 modum
1113 374 1399 434 quaestionem
1420 374 1604 428 habent,

213 462 275 508 et,
306 452 340 495 si
365 462 643 514 compertum
668 463 754 509 est,
778 454 871 514 igni
898 463 1031 513 atque
1059 454 1265 509 omnibus
1287 455 1518 500 tormentis
1539 471 1607 499 ex-

213 533 429 577 cruciatas
461 532 744 577 interficiunt.
773 536 947 577 Funera
980 544 1084 577 sunt
1111 550 1192 594 pro
1220 534 1344 580 cultu
1372 534 1601 580 Gallorum

214 613 446 674 magnifica
462 623 504 657 et
522 623 801 674 sumptuosa3
819 614 1075 674 omniaque,
1095 630 1191 674 quae
1205 615 1317 659 vivis
1335 616 1457 659 cordi
1478 617 1609 662 fuisse

214 695 506 750 arbitrantur,
526 694 570 737 in
592 695 741 754 ignem
761 693 980 750 inferunt,
1001 695 1135 738 etiam
1150 694 1358 739 animalia
1375 713 1385 739 z
1407 712 1457 740 ac
1475 696 1610 757 paulo

214 790 346 835 supra
373 774 488 818 hanc
514 775 775 818 memoriam
801 775 914 819 servi
946 785 988 819 et
1016 775 1222 833 clientes,
1254 793 1365 837 quos
1395 777 1448 820 ab
1474 778 1526 821 iis
1552 777 1611 821 di-

215 853 350 899 lectos
372 871 462 898 esse
484 854 732 913 constabat,
751 856 881 916 justis
904 856 1133 901 funeribus
1156 857 1389 913 confectis,
1410 875 1498 903 una
1523 875 1613 902 cre-

215 935 464 980 mabantur.

281 1019 380 1062 XX.
404 1020 517 1077 Quae
539 1019 737 1062 civitates
759 1018 1036 1063 commodius
1056 1035 1179 1063 suam
1204 1017 1523 1080 rempublicam
1544 1019 1614 1063 ad-

221 1099 467 1144 ministrare
487 1100 816 1154 existimantur,
837 1099 999 1143 habent
1019 1099 1189 1161 legibus
1210 1110 1434 1159 sanctum,
1459 1102 1493 1144 si
1517 1102 1613 1161 quis

221 1179 325 1241 quid
352 1179 406 1223 de
433 1179 659 1241 republica
682 1197 705 1224 a
728 1180 927 1224 finitimis
951 1197 1130 1224 rumore
1154 1197 1205 1224 ac
1231 1180 1348 1225 fama
1376 1183 1614 1243 acceperit,

219 1261 283 1304 uti
305 1260 361 1304 ad
384 1261 692 1322 magistratum
718 1260 906 1317 deferat,
935 1277 1044 1305 neve
1068 1277 1168 1305 cum
1193 1278 1282 1322 quo
1309 1260 1395 1306 alio
1418 1279 1615 1306 commu-

219 1343 356 1396 nicet;
388 1342 508 1402 quod
543 1359 657 1403 saepe
690 1342 891 1386 homines
927 1342 1183 1386 temerarios
1223 1352 1355 1403 atque
1390 1344 1616 1405 imperitos

220 1422 338 1467 falsis
353 1423 604 1467 rumoribus
629 1423 805 1479 terreri,
824 1432 869 1466 et
891 1421 947 1466 ad
965 1422 1134 1466 facinus
1153 1421 1348 1483 impelli,
1365 1433 1409 1467 et
1429 1423 1483 1467 de
1501 1441 1618 1468 sum-

221 1504 303 1547 mis
331 1504 461 1547 rebus
488 1502 746 1559 consilium,
774 1519 932 1564 capere
958 1504 1187 1565 cognitum
1211 1513 1289 1548 est.
1311 1505 1619 1566 Magistratus,

219 1601 316 1645 quae
343 1584 435 1628 visa
467 1594 589 1641 sunt,
614 1582 860 1640 occultant;
885 1600 1070 1645 quaeque
1096 1600 1188 1630 esse
1210 1601 1263 1629 ex
1287 1601 1370 1629 usu
1394 1584 1622 1646 judicave-

218 1666 330 1721 rint,
356 1664 632 1710 multitudini
657 1665 856 1727 produnt
881 1683 890 1709 :
915 1665 969 1709 de
995 1664 1242 1726 republica,
1267 1666 1352 1710 nisi
1375 1683 1454 1728 per
1476 1667 1622 1711 conci-

219 1745 348 1803 lium,
372 1746 493 1808 loqui
518 1765 609 1791 non
633 1747 907 1792 conceditur.

283 1830 405 1873 XXI.
442 1830 657 1873 Germani
692 1828 882 1872 multum
922 1828 976 1872 ab
1013 1828 1095 1872 hac
1134 1828 1458 1874 consuetudine
1498 1828 1622 1873 diffe-

221 1920 327 1954 runt
348 1927 357 1953 ε
382 1927 485 1954 nam
506 1926 650 1970 neque
671 1908 851 1953 druides
871 1909 1059 1966 habent,
1077 1909 1154 1970 qui
1178 1909 1308 1954 rebus
1332 1910 1493 1954 divinis
1516 1927 1618 1971 prae-

223 1991 329 2047 sint,
355 2007 498 2051 neque
518 1989 742 2034 sacrificiis
766 1989 960 2034 student.
984 1992 1183 2034 Deorum
1210 2007 1397 2035 numero
1412 2007 1485 2035 eos
1509 1989 1623 2034 solos

224 2069 418 2127 ducunt,
451 2087 562 2131 quos
588 2080 799 2127 cernunt,
828 2081 872 2114 et
898 2087 1088 2131 quorum
1114 2079 1264 2131 aperte
1291 2070 1450 2131 opibus
1468 2071 1625 2132 juvan-

225 2160 316 2208 tur,
345 2150 513 2208 Solem,
542 2161 584 2195 et
609 2150 884 2208 Vulcanum,
913 2161 954 2195 et
979 2155 1155 2196 Lunam
1177 2170 1185 2196 :
1208 2152 1400 2214 reliquos
1428 2168 1482 2196 ne
1508 2151 1625 2196 fama

225 2231 404 2291 quidem
427 2243 709 2294 acceperunt.
728 2234 832 2278 Vita
853 2234 997 2277 omnis
1022 2234 1067 2277 in
1090 2234 1401 2278 venationibus
1424 2243 1555 2294 atque
1579 2234 1624 2277 in

225 2313 380 2357 studiis
403 2315 466 2357 rei
496 2313 698 2358 militaris
721 2315 921 2359 consistit
950 2332 959 2359 z
989 2315 1043 2359 ab
1073 2314 1269 2377 parvulis
1302 2313 1441 2359 labori
1468 2332 1517 2359 ac
1546 2314 1626 2359 du-

225 2395 336 2438 ritiae
365 2394 557 2438 student.
588 2396 681 2452 Qui
709 2395 956 2440 diutissime
986 2396 1237 2457 impuberes
1266 2404 1625 2457 permanserunt,

226 2474 464 2520 maximam
496 2477 611 2521 inter
637 2493 737 2520 suos
763 2477 912 2522 ferum.
938 2476 1113 2521 laudem
1147 2495 1156 2521 :
1185 2477 1270 2521 hoc
1300 2476 1359 2521 ali
1388 2486 1623 2533 staturam,

227 2554 284 2599 ali
316 2556 399 2600 hoc
423 2558 557 2613 vires,
595 2574 845 2618 nervosque
877 2558 1154 2615 confirmari,
1185 2568 1357 2619 putant.
1395 2560 1519 2602 Intra
1551 2573 1624 2600 anr

229 2652 334 2681 uum
363 2655 468 2682 vero
494 2639 752 2683 vicesimum
780 2638 954 2684 feminae
978 2640 1179 2683 notitiam
1211 2639 1433 2693 habuisse,
1459 2639 1503 2681 in
1533 2647 1623 2682 tur-

1359 2735 1426 2762 10.
