1972 3356
555 249 623 284 DE
658 245 821 282 BELLO
847 246 1062 282 GALLICO
1092 247 1183 281 LIB.
1211 247 1254 282 V.
1551 247 1619 282 103

225 342 296 370 sar
333 340 616 390 cognoverat.
667 329 748 374 Ille
788 330 993 373 omnibus
1036 330 1181 390 primo
1226 329 1428 390 precibus
1472 340 1621 389 petere

225 408 482 468 contendit,
504 420 554 453 ut
579 411 623 454 in
649 409 795 455 Gallia
825 408 1173 470 relinqueretur,
1203 411 1387 471 partim,
1409 409 1529 470 quod
1557 410 1623 454 in-

224 497 372 532 suetus
401 490 637 552 navigandi
667 508 787 535 mare
817 490 1010 546 timeret,
1040 491 1223 551 partim,
1250 491 1370 552 quod
1402 489 1625 553 religioni-

224 568 306 612 bus
340 585 431 613 sese
462 569 629 614 diceret
656 570 875 632 impediri.
901 573 1195 630 Posteaquam
1225 570 1269 614 id
1296 572 1516 615 obstinate
1542 572 1624 616 sibi

223 650 373 710 negari
406 650 538 706 vidit,
577 651 699 694 omni
729 667 805 712 spe
838 650 1106 712 impetrandi
1138 650 1365 711 adempta,
1405 652 1626 712 principes

223 729 378 774 Galliae
416 730 673 789 sollicitare,
710 748 915 776 sevocare
952 729 1150 793 singulos
1181 732 1442 792 hortarique
1473 733 1625 793 coepit,

224 811 287 853 uti
320 811 363 854 in
391 812 637 856 continenti
667 823 967 870 remanerent,
1002 822 1123 856 metu
1152 813 1377 868 territare,
1409 828 1500 856 non
1535 813 1627 856 sine

225 908 357 936 causa
378 893 498 949 fieri,
522 903 571 936 ut
591 892 739 937 Gallia
762 894 884 937 omni
907 893 1138 938 nobilitate
1157 892 1425 954 spoliaretur
1445 911 1453 938 :
1476 893 1521 937 id
1537 911 1629 938 esse

221 972 455 1017 eonsilium
493 974 695 1031 Caesaris,
728 984 802 1031 ut,
834 991 944 1035 quos
971 975 1015 1018 in
1043 984 1284 1035 conspectu
1310 973 1466 1019 Galliae
1492 975 1629 1018 inter-

222 1054 351 1099 ficere
380 1065 631 1110 vereretur,
669 1055 750 1099 hos
776 1072 928 1099 omnes
963 1056 1007 1098 in
1042 1056 1320 1100 Britanniam
1348 1055 1628 1100 transductos

223 1145 399 1178 necaret
429 1152 437 1179 :
478 1135 611 1180 fidem
648 1135 829 1197 reliquis
861 1137 1162 1197 interponere,
1192 1136 1501 1197 jusjurandam
1533 1152 1630 1197 pos-

223 1232 348 1272 cere,
380 1226 454 1273 ut,
488 1217 608 1277 quod
638 1234 731 1261 esse
763 1234 816 1261 ex
843 1233 925 1261 usu
952 1216 1109 1261 Galliae
1144 1216 1480 1271 intellexissent,
1515 1233 1630 1261 com·

222 1297 345 1340 muni
385 1297 568 1341 consilio
606 1298 982 1342 administrarent.
1032 1300 1134 1342 Haec
1171 1314 1194 1341 a
1239 1297 1545 1358 compluribus
1574 1297 1629 1341 ad

221 1378 439 1421 Caesarem
466 1377 790 1421 deferebantur.

286 1460 384 1504 VII.
419 1460 523 1517 Qua
562 1476 609 1502 re
649 1460 851 1521 cognita,
897 1462 1061 1514 Caesar,
1097 1458 1218 1519 quod
1254 1467 1429 1502 tantum
1463 1458 1630 1502 civitati

221 1540 354 1584 aeduae
384 1540 611 1602 dignitatis
639 1541 878 1596 tribuerat,
908 1539 1207 1584 coercendum
1235 1552 1367 1601 atque
1400 1540 1630 1584 deterren-

221 1622 348 1677 dum,
379 1623 735 1684 quibuscumque
759 1623 891 1666 rebus
918 1632 1085 1684 posset,
1112 1623 1440 1684 Dumnorigem
1467 1631 1630 1667 statue-

221 1704 316 1759 bat3
341 1703 460 1765 quod
485 1703 661 1766 longius
691 1704 785 1765 ejus
809 1704 1048 1747 amentiam
1077 1702 1286 1765 progredi
1311 1703 1507 1759 videbat,
1528 1720 1629 1765 pro-

221 1784 516 1845 spiciendum,
554 1803 610 1829 ne
645 1784 753 1846 quid
792 1785 875 1828 sibi
908 1801 957 1828 ac
986 1783 1242 1845 reipublicae
1275 1801 1434 1829 nocere
1467 1796 1626 1846 posset.

220 1866 495 1926 Itaque,dies
524 1866 700 1910 circiter
737 1881 828 1910 xxv
865 1866 911 1908 in
949 1882 1000 1908 eo
1034 1864 1131 1909 loco
1161 1875 1481 1922 commoratus,
1508 1867 1630 1925 quod

223 1948 365 1991 Corus
404 1956 563 1991 ventus
606 1946 934 2008 navigationem
977 1945 1267 2006 impediebat,
1306 1946 1383 2006 qui
1422 1962 1630 2007 magnam

222 2037 393 2090 partem
423 2028 566 2071 omnis
604 2028 815 2089 temporis
844 2027 889 2070 in
923 2027 989 2071 his
1011 2025 1116 2071 locis
1145 2026 1250 2071 ssare
1281 2028 1531 2084 consuevit,
1560 2027 1630 2070 da-

223 2111 299 2154 bat
322 2125 524 2170 operam,
549 2119 594 2153 nt
616 2110 658 2152 in
683 2108 829 2154 officio
851 2109 1179 2170 Dumnorigem
1200 2109 1466 2164 contineret,
1490 2107 1628 2152 nihilo

224 2201 372 2234 tamen
402 2190 544 2233 secius
565 2190 715 2233 omnia
746 2191 839 2251 ejus
865 2188 1048 2234 consilia
1079 2200 1380 2251 cognosceret.
1407 2189 1626 2245 Tandem,

224 2272 430 2316 idoneam
446 2281 602 2316 nactus
621 2281 928 2333 tempestatem
939 2308 950 2328 ,
965 2270 1127 2316 milites
1145 2272 1404 2332 equitesque
1420 2288 1627 2315 conscen-

223 2353 326 2397 dere
356 2370 487 2397 naves
515 2353 654 2414 jubet.
678 2356 756 2411 At,
790 2354 992 2397 omnium
1030 2353 1251 2414 impeditis
1274 2353 1454 2405 animis,
1484 2355 1626 2397 Dum-

226 2435 352 2478 norix
386 2451 487 2478 eum
518 2434 738 2494 equitibus
769 2434 1016 2479 AEduorum
1048 2451 1072 2478 a
1098 2434 1270 2491 castris,
1299 2435 1512 2478 insciente
1536 2436 1627 2479 Cae·

224 2532 342 2571 sare,
370 2515 551 2559 domum
581 2514 803 2559 discedere
830 2517 978 2577 coepit.
1009 2518 1111 2574 Qua
1140 2533 1185 2559 re
1222 2516 1445 2569 nuntiata,
1467 2517 1627 2570 Caesar,

226 2596 473 2640 intermissa
494 2595 786 2656 profectione,
813 2606 942 2657 atque
966 2597 1173 2640 omnibus
1197 2597 1327 2640 rebus
1350 2597 1624 2657 postpositis,

229 2694 431 2739 magnam
460 2687 628 2737 partem
658 2678 879 2737 equitatus
908 2679 956 2722 ad
991 2695 1091 2722 eum
1117 2678 1438 2739 insequendum
1467 2679 1624 2735 mittit,
