1972 3356
318 302 366 336 92
442 269 451 277 ‚
524 292 563 326 C.
596 292 724 327 JULII
755 291 971 327 CAESARIS
1004 291 1488 328 COMMENTARIORUM

316 385 385 418 tus
411 374 465 418 ad
495 392 622 418 usum
657 375 923 435 expeditior,
952 374 1132 436 paulum
1165 377 1382 419 removeri
1410 376 1463 419 ab
1492 376 1702 419 onerariis

314 454 518 509 navibus,
542 464 585 498 et
608 455 738 499 remis
768 456 964 512 incitari,
989 465 1031 499 et
1065 455 1119 498 ad
1143 454 1253 499 latus
1277 465 1478 516 apertum
1510 455 1705 499 hostium

314 535 544 591 constitui,
569 545 700 595 atque
728 535 831 579 inde
855 535 1022 591 fundis,
1053 536 1241 596 sagittis,
1270 536 1526 591 tormentis,
1558 534 1704 578 hostes

312 613 501 675 propelli
519 631 570 658 ac
593 615 845 659 submoveri
862 616 993 676 jussit
1012 632 1020 658 ι
1043 632 1138 676 quae
1158 632 1225 658 res
1246 631 1407 676 magno
1429 615 1523 658 usui
1545 615 1705 658 nostris

311 693 407 738 fuit.
432 696 548 739 Nam
569 705 613 738 et
635 696 816 739 navium
837 694 1004 756 figura,
1027 705 1069 739 et
1092 712 1318 739 remorum
1339 704 1483 750 motu,
1507 704 1549 738 et
1572 695 1706 739 inusi-

313 784 406 818 tato
429 791 589 836 genere
611 785 935 819 tormentorum
957 777 1167 836 permoti,
1188 775 1365 819 barbari
1390 776 1704 831 constiterunt,

312 872 361 899 ac
386 855 569 916 paulum
593 856 725 900 modo
744 856 900 917 pedem
920 855 1181 900 retulerunt.
1206 858 1352 917 Atque
1375 857 1536 900 nostris
1559 855 1707 902 militi-

311 937 392 981 bus
409 937 720 981 cunctantibus
732 972 743 994 ,
759 938 948 981 maxime
963 946 1144 997 propter
1161 936 1439 981 altitudinem
1459 937 1613 993 maris,
1630 938 1705 997 qui

313 1016 492 1061 decimae
509 1016 694 1079 legionis
715 1017 908 1078 aquilam
929 1018 1116 1074 ferebat,
1141 1028 1411 1062 contestatus
1433 1018 1538 1062 deos
1553 1053 1564 1074 ,
1588 1028 1635 1061 ut
1657 1025 1706 1061 ea

313 1114 380 1141 res
404 1095 566 1159 legioni
591 1097 776 1142 feliciter
802 1099 999 1142 eveniret
1023 1116 1032 1141 :
1059 1118 1079 1138 c<
1101 1098 1306 1155 Desilite,
1333 1099 1496 1159 inquit,
1521 1099 1706 1142 commi·

313 1177 491 1234 litones,
519 1180 601 1222 nisi
626 1177 757 1222 vultis
786 1177 979 1239 aquilam
1007 1179 1206 1222 hostibus
1235 1179 1422 1239 prodere
1447 1196 1455 1222 :
1484 1196 1564 1239 ego
1590 1188 1706 1223 certe

313 1272 459 1302 meum
483 1258 735 1319 reipublicae
757 1269 890 1319 atque
915 1260 1171 1319 imperatori
1190 1259 1387 1303 officium
1407 1260 1663 1319 praestitero.
1686 1279 1706 1300 »

315 1341 410 1382 Hoc
434 1356 570 1399 quum
596 1357 755 1401 magna
785 1356 888 1383 voce
913 1339 1110 1394 dixisset,
1136 1358 1188 1384 ex
1216 1341 1314 1383 navi
1342 1357 1384 1383 se
1410 1340 1614 1400 projecit,
1640 1349 1706 1382 at—

315 1436 399 1478 que
427 1420 470 1462 in
498 1419 646 1463 hostes
673 1419 866 1480 aquilam
898 1420 1011 1463 serre
1040 1422 1182 1480 coepit.
1208 1423 1321 1464 Tum
1354 1421 1520 1477 nostri,
1549 1421 1706 1464 cohor-

316 1500 396 1542 tati
424 1500 538 1543 inter
562 1516 630 1556 se,
665 1516 719 1543 ne
746 1509 921 1543 tantum
947 1499 1134 1544 dedecus
1158 1501 1485 1555 admitteretur,
1514 1501 1706 1544 universi

316 1597 368 1623 ex
395 1581 498 1624 navi
526 1580 812 1624 desiluerunt.
844 1583 934 1625 Hos
968 1582 1072 1624 item
1104 1580 1177 1624 alii
1205 1598 1256 1624 ex
1288 1582 1498 1642 proximis
1522 1581 1706 1624 navibus

315 1677 451 1721 quum
484 1663 834 1723 conspexissent,
870 1662 1114 1716 subsecuti,
1150 1663 1350 1706 hostibus
1380 1663 1707 1723 appropinqua-

316 1753 433 1787 runt.

370 1825 544 1867 XXVI.
580 1826 834 1885 Pugnatum
857 1835 920 1868 est
949 1825 1002 1867 ab
1029 1825 1228 1884 utrisque
1255 1826 1413 1868 acriter
1439 1842 1447 1868 :
1474 1826 1613 1870 nostri
1643 1836 1708 1869 ta-

315 1919 441 1959 men,
467 1903 586 1963 quod
617 1921 757 1964 neque
783 1905 959 1949 ordines
988 1921 1182 1962 servare,
1208 1922 1349 1966 neque
1371 1905 1556 1950 firmiter
1580 1907 1706 1951 insis-

313 1993 425 2040 tere,
456 2000 597 2044 neque
620 1985 743 2046 signa
769 1985 976 2046 subsequi
1004 1995 1229 2046 poterant,
1255 1996 1388 2046 atque
1418 1986 1528 2031 alius
1552 1987 1633 2031 alia
1656 2005 1705 2031 ex

316 2066 415 2109 navi
455 2067 794 2128 quibuscunque
833 2068 968 2128 signis
1005 2078 1257 2111 occurrerat
1276 2103 1287 2124 ,
1327 2085 1371 2111 se
1414 2069 1708 2130 aggregabat,

314 2163 583 2208 magnopere
607 2149 997 2209 perturbabantur.
1025 2152 1185 2193 Hostes
1211 2166 1335 2203 vero,
1363 2151 1479 2194 notis
1502 2151 1707 2194 omnibus

313 2227 454 2283 vadis,
482 2228 556 2271 ubi
577 2245 628 2272 ex
655 2227 784 2272 litore
808 2229 979 2290 aliquos
1005 2229 1247 2291 singulares
1270 2247 1322 2273 ex
1354 2231 1459 2274 navi
1479 2231 1705 2292 egredien-

312 2318 375 2351 tes
405 2320 750 2370 conspexerant,
781 2310 974 2354 incitatis
1003 2312 1154 2370 equiS‚
1185 2311 1418 2371 impeditos
1441 2311 1698 2356 adorieban-

310 2398 384 2431 tur
406 2405 415 2431 :
438 2388 586 2450 plures
612 2407 775 2451 paucos
790 2391 1171 2435 circumsistebant
1192 2408 1200 2433 :
1222 2391 1293 2435 alii
1318 2393 1370 2435 ab
1394 2390 1529 2435 latere
1551 2402 1704 2452 aperto

313 2470 356 2513 in
378 2471 607 2515 universos
628 2470 715 2515 tela
730 2472 1037 2533 conjiciebant.
1060 2472 1194 2531 Quod
1216 2490 1354 2533 quum
1373 2472 1703 2516 animadvertis-

313 2560 377 2593 set
400 2552 564 2602 Caesar,
589 2553 772 2613 scaphas
796 2551 1027 2614 longarum
1053 2555 1256 2609 navium,
1280 2554 1383 2596 itern
1411 2551 1702 2613 speculatoria

312 2631 483 2691 navigia
529 2631 742 2677 militibus
780 2633 991 2694 compleri
1028 2635 1181 2695 jussit,
1228 2642 1266 2677 et
1305 2650 1414 2693 quos
1454 2632 1701 2678 laborantes

313 2723 627 2770 conspexerat,
659 2714 708 2757 iis
740 2713 931 2758 subsidia
962 2715 1258 2758 submittebat.
1295 2715 1470 2761 Nostri.
1499 2713 1626 2758 simul
1659 2716 1700 2759 in
