1972 3356
599 213 666 249 DE
694 213 857 250 BELLO
888 214 1040 250 CIVILI
1069 213 1161 248 LIB.
1188 212 1257 247 111.
1575 207 1623 255 93

234 307 322 356 ret;
348 297 638 359 eumdemque
662 297 780 360 apud
806 298 890 343 Cn.
916 299 1177 360 Pompeium
1207 295 1514 341 auctoritatem
1547 293 1625 336 ha·

232 379 334 424 bere
354 377 639 442 intelligebat.
670 381 777 424 Erat
801 389 948 424 autem
969 379 1063 424 haec
1086 394 1258 424 summa
1285 373 1622 421 mandatorum:

235 480 256 502 «
273 460 431 505 debere
458 471 695 521 utrumque
719 460 972 522 pertinaciae
996 459 1125 503 finem
1149 457 1317 516 facere,
1344 468 1387 502 et
1413 456 1467 502 ab
1490 456 1624 501 armis

233 541 455 588 discedere
469 576 482 600 ,
506 557 648 602 neque
665 540 854 603 amplius
873 540 1098 584 fortunam
1122 538 1362 600 periclitari
1379 555 1388 581 t
1409 539 1514 583 satis
1533 554 1625 583 esse

234 640 391 685 magna
417 622 626 684 utrinque
642 621 923 667 incommoda
940 630 1120 682 accepta
1134 655 1145 677 ,
1172 636 1270 681 quae
1288 635 1371 681 pro
1393 618 1624 681 disciplina

231 714 273 749 et
299 703 524 766 praeceptis
548 702 709 748 habere
734 711 936 764 possent,
962 711 1009 746 ut
1038 700 1230 762 reliquos
1255 716 1381 745 casus
1407 701 1623 745 timerent.

233 784 361 830 Illum
395 783 522 829 Italia
558 782 816 847 expulsum,
845 784 1005 828 amissa
1039 781 1213 839 Sicilia,
1241 780 1500 842 duabusque
1524 781 1625 825 His-

233 867 401 929 paniis,
434 875 477 911 et
513 865 771 911 cohortibus
805 866 850 910 in
883 863 1007 910 Italia
1041 874 1172 926 atque
1206 863 1423 925 Hispania
1460 862 1625 907 civium

231 963 517 993 romanorum
551 963 576 993 c
608 957 741 1009 atque
769 964 890 1003 xxx3
930 964 975 992 se
1007 957 1149 992 morte
1177 945 1384 992 Curionis
1414 952 1457 989 et
1491 942 1625 988 detri-

230 1038 378 1074 mento
413 1029 596 1074 africani
635 1031 850 1074 exercitus
896 1039 1047 1086 tanto,
1087 1026 1367 1088 militumque
1401 1025 1625 1071 deditione

231 1109 286 1155 ad
334 1113 590 1174 Corcyram.
630 1110 822 1156 Proinde
864 1111 946 1156 sibi
988 1127 1038 1155 ac
1082 1107 1336 1172 reipublicae
1377 1119 1623 1170 parcerent.

229 1192 457 1250 Quantum
485 1193 529 1237 in
556 1190 672 1237 bello
698 1191 876 1238 fortuna
904 1201 1075 1254 posset,
1099 1192 1190 1254 jam
1220 1190 1303 1253 ipsi
1336 1189 1626 1236 incommodis

230 1274 318 1317 suis
346 1274 448 1319 satis
476 1284 619 1319 essent
648 1273 926 1320 documento.
953 1276 1049 1319 Hoc
1077 1289 1214 1318 unum
1243 1289 1335 1318 esse
1371 1282 1542 1334 tempus
1573 1271 1626 1316 de

231 1370 336 1415 pace
357 1354 540 1417 agendi,
562 1354 668 1399 dum
689 1354 771 1399 sibi
791 1365 978 1416 uterque
1004 1353 1270 1411 confideret,
1289 1363 1332 1398 et
1350 1369 1476 1416 pares
1496 1353 1625 1398 ambo

229 1434 486 1480 viderentur
509 1453 519 1480 ε
546 1435 581 1479 si
608 1452 712 1480 vero
737 1434 863 1480 alteri
889 1433 1092 1497 paullum
1124 1433 1256 1479 modo
1285 1434 1510 1479 tribuisset
1538 1433 1627 1479 sor-

230 1526 360 1573 tuna,
383 1533 470 1562 non
491 1532 583 1561 esse
609 1532 794 1561 usurum
819 1515 1151 1560 conditionibus
1171 1515 1290 1577 pacis
1313 1531 1437 1572 eum,
1459 1516 1535 1577 qui
1559 1533 1627 1560 sn-

226 1597 375 1658 perior
397 1597 636 1654 videretur,
664 1614 805 1659 neque
832 1596 924 1642 fore
947 1613 1072 1659 aequa
1096 1606 1222 1659 parte
1241 1606 1526 1655 contentum,
1550 1599 1626 1659 qui

226 1696 271 1724 se
295 1680 445 1725 omnia
466 1680 724 1725 habiturum
746 1678 985 1725 confideret
1012 1697 1020 1723 :
1052 1679 1326 1724 conditiones
1349 1680 1469 1742 pacis
1485 1714 1497 1737 ,
1523 1697 1628 1742 quo-

226 1761 344 1806 niam
379 1771 508 1806 antea
529 1763 766 1807 convenire
788 1778 877 1805 non
904 1762 1175 1823 potuissent,
1204 1763 1356 1806 Romae
1388 1760 1443 1805 ab
1471 1770 1625 1806 senatu

226 1851 269 1886 et
294 1858 319 1886 a
349 1841 515 1903 populo
554 1843 641 1904 peti
680 1841 836 1887 debere
867 1859 875 1885 :
911 1843 1077 1886 interea
1105 1851 1149 1886 et
1176 1840 1428 1903 reipublicae
1455 1852 1498 1886 et
1523 1843 1626 1904 ipsis

227 1921 400 1984 placere
428 1933 654 1985 oportere,
680 1924 715 1968 si
742 1933 927 1984 uterque
947 1924 991 1967 in
1021 1923 1234 1967 concione
1259 1924 1406 1967 statim
1430 1923 1623 1984 juravis-

225 2013 314 2057 set,
338 2021 383 2049 se
406 2004 554 2050 triduo
580 2005 782 2067 proximo
804 2005 1043 2050 exercitum
1069 2004 1370 2049 dimissurum.
1401 2005 1625 2067 Depositis

225 2086 359 2130 armis
392 2085 672 2148 auxiliisque,
702 2086 863 2148 quibus
899 2102 1017 2131 nunc
1049 2085 1349 2143 confiderent,
1380 2087 1625 2131 necessario

227 2165 378 2230 populi
394 2177 656 2229 senatusque
671 2167 841 2229 judicio
858 2167 951 2212 fore
970 2177 1209 2229 utrumque
1229 2177 1503 2212 contentum.
1520 2169 1625 2212 Haec

225 2265 314 2310 quo
343 2248 514 2294 facilius
541 2250 753 2311 Pompeio
787 2248 963 2311 probari
992 2259 1199 2311 possent,
1226 2265 1380 2294 omnes
1410 2265 1511 2294 suas
1535 2259 1624 2294 ter-

225 2339 384 2375 restres
411 2330 679 2391 urbiumque
705 2331 853 2393 copias
879 2331 1219 2376 dimissurum.»

289 2413 368 2456 XI.
395 2411 646 2469 Vibullius,
669 2412 735 2457 his
759 2413 965 2473 expositis
993 2429 1018 2458 a
1044 2415 1236 2468 Caesare,
1267 2429 1357 2457 nou
1386 2412 1531 2456 minus
1557 2429 1626 2456 ne·

223 2494 460 2538 cessarium
489 2510 580 2538 esse
605 2494 897 2552 existimavit,
921 2494 974 2539 de
1001 2494 1235 2557 repentino
1262 2493 1458 2538 adventu
1482 2495 1625 2539 Caesa-

224 2574 283 2618 ris
305 2576 566 2638 Pompeium
587 2575 680 2620 fieri
702 2577 958 2635 certiorem,
978 2577 1042 2621 uti
1069 2575 1124 2620 ad
1143 2575 1186 2620 id
1209 2573 1442 2619 consilium
1468 2591 1623 2636 capere

225 2668 396 2717 posset,
417 2667 652 2719 antequam
673 2657 725 2702 de
749 2657 967 2703 mandatis
989 2659 1057 2721 agi
1082 2658 1322 2719 inciperet,
1346 2665 1477 2717 atque
1503 2655 1621 2713 ideo,
