1972 3356
336 262 378 284 12
544 251 581 284 (ἰ.
616 250 741 284 JULII
773 247 987 282 CAESARIS
1019 246 1506 282 COMMENTARIORUM

332 333 449 393 quod
474 332 717 376 necessario
742 348 833 374 rem
859 341 1036 374 coactus
1060 330 1242 374 Caesaris
1268 329 1534 384 enunciarlt,
1562 328 1715 372 intelli·

330 430 431 473 gere
452 429 560 467 sese,
599 420 767 471 quanto
799 411 844 454 id
868 428 969 454 cum
1007 409 1206 472 periculo
1248 410 1416 463 fecerit,
1452 419 1495 452 ct
1521 409 1575 451 ob
1623 425 1716 452 eam

330 510 524 547 causam,
551 508 682 552 quam
709 492 784 535 diu
808 493 1020 553 potuerit,
1044 493 1240 536 tacuisse.
1267 511 1287 532 n

392 574 556 617 XVIII.
593 574 737 616 Caesar
769 573 851 617 hac
883 574 1081 617 oratione
1113 573 1229 616 Lisci
1263 572 1612 634 Dumnorigem,
1642 572 1719 614 Di-

331 655 476 698 vitiaci
501 653 699 708 fratrem,
726 653 945 715 designari
971 653 1185 698 sentiebat
1208 670 1216 696 :
1249 652 1344 708 sed,
1373 651 1492 713 quod
1519 650 1720 712 pluribus

330 735 615 795 praesentibus
643 751 714 778 eas
742 752 811 779 res
842 735 993 795 jactari
1023 733 1218 790 nolebat,
1251 732 1450 777 celeriter
1483 730 1717 777 concilium

330 814 532 871 dimittit,
558 816 740 859 Liscum
759 816 933 858 retinet.
959 815 1131 871 Quaerit
1146 831 1197 857 ex
1223 812 1315 857 solo
1339 830 1409 869 ea,
1430 830 1527 873 quae
1555 814 1600 856 in
1621 828 1721 856 con-

329 904 464 938 ventu
492 894 674 938 dixerat.
701 896 823 939 Dicit
849 894 1029 939 liberius
1058 904 1189 955 atque
1213 893 1435 938 audacius.
1466 893 1629 937 Eadem
1657 909 1722 936 se-

329 985 450 1018 creto
467 975 522 1018 ab
538 974 633 1019 aliis
648 975 824 1036 quaerit;
840 975 1005 1035 reperit
1020 991 1113 1019 esse
1127 991 1231 1019 vera
1248 992 1256 1018 :
1274 994 1294 1016 υ
1308 976 1462 1035 Ipsum
1475 990 1567 1017 esse
1582 975 1724 1017 Dum-

329 1056 552 1117 norigem.¹
582 1073 754 1099 summa
791 1055 992 1112 audacia,
1033 1072 1192 1117 magna
1227 1055 1344 1116 apud
1380 1054 1552 1116 plebem
1593 1071 1724 1115 prop-

328 1145 394 1180 ter
419 1136 728 1181 liberalitatem
764 1138 929 1199 gratia,
960 1136 1262 1197 cupidumque
1292 1153 1440 1180 rerum
1469 1152 1684 1179 novarum
1712 1152 1720 1177 :

329 1218 577 1279 complures
605 1236 745 1264 annos
773 1217 992 1279 portoria,
1014 1217 1270 1278 reliquaque
1299 1217 1447 1261 omnia
1478 1215 1723 1260 AEduorum

328 1299 561 1360 vectigalia
580 1316 718 1361 parvo
734 1300 879 1361 pretio
893 1298 1122 1358 redempta
1135 1297 1315 1351 habere3
1342 1305 1573 1357 propterea
1586 1295 1723 1356 quod,

330 1378 404 1422 illo
424 1379 605 1435 licente,
626 1390 782 1423 contra
798 1379 920 1423 liceri
936 1378 1096 1422 audeat
1110 1388 1254 1421 nemo.
1274 1379 1352 1422 His
1373 1377 1503 1421 rebus
1527 1386 1570 1420 et
1598 1392 1722 1419 suam

329 1475 422 1502 rem
458 1458 720 1503 familiarem
766 1460 959 1513 auxisse,
997 1468 1038 1501 et
1083 1457 1312 1502 facultates
1351 1457 1406 1501 ad
1447 1455 1724 1518 largiendum

330 1556 510 1601 magnas
544 1556 840 1600 comparasse,
871 1556 1084 1600 magnum
1116 1554 1353 1582 numerum
1386 1537 1607 1597 equitatus
1647 1552 1726 1579 suo

330 1629 508 1680 sumptu
526 1637 697 1681 semper
719 1619 854 1676 alere,
883 1629 927 1664 et
946 1621 1115 1663 circum
1138 1635 1181 1662 se
1200 1619 1363 1662 habere
1384 1635 1392 1662 :
1412 1634 1556 1678 neque
1581 1616 1725 1661 solum

331 1699 471 1755 domi,
493 1700 567 1744 sed
596 1702 727 1745 etiam
759 1700 878 1762 apud
900 1700 1110 1745 finitimas
1128 1701 1326 1744 civitates
1349 1698 1530 1760 largiter
1557 1715 1683 1760 posse
1715 1716 1724 1742 ε

330 1790 462 1840 atque
491 1781 624 1842 hujus
659 1782 868 1842 potentiae
900 1797 1031 1825 causa
1062 1791 1249 1824 matrem
1277 1781 1322 1823 in
1350 1779 1621 1840 Biturigibus
1650 1779 1728 1822 ho-

332 1861 441 1904 mini
460 1860 549 1905 illic
572 1860 845 1905 nobilissimo
867 1878 918 1906 ac
948 1861 1255 1922 potentissimo
1284 1858 1519 1904 collocasse
1545 1876 1554 1902 ε
1580 1860 1725 1920 ipsum

332 1957 384 1984 ex
414 1941 626 1985 Helvetiis
652 1958 834 1986 uxorem
858 1943 1020 1986 habere
1045 1959 1054 1985 :
1078 1958 1273 1986 sororem
1296 1958 1348 1985 ex
1375 1949 1534 1997 matre,
1562 1949 1602 1983 et
1625 1956 1726 2000 pro-

333 2022 518 2081 pinquas
541 2038 640 2066 suas
663 2031 850 2083 nuptum
876 2024 920 2066 in
940 2021 1045 2066 alias
1067 2023 1265 2066 civitates
1290 2020 1527 2065 collocasse
1550 2038 1558 2064 ε
1584 2020 1728 2063 favere

333 2110 375 2144 ct
400 2118 561 2162 cupere
579 2101 792 2146 Helvetiis
813 2112 994 2163 propter
1012 2120 1108 2146 eam
1131 2102 1389 2146 affinitatem
1407 2119 1415 2145 :
1434 2101 1575 2144 odisse
1596 2101 1724 2143 etiam

334 2198 413 2226 suo
439 2183 619 2226 nominc
643 2185 858 2228 Caesarem
884 2192 925 2227 et
947 2185 1190 2237 Romanos,
1211 2182 1331 2243 quod
1355 2199 1508 2226 eorum
1533 2181 1726 2224 adventu

337 2263 532 2322 potentia
553 2263 646 2323 ejus
666 2262 912 2318 deminuta,
936 2273 980 2306 et
998 2263 1244 2307 Divitiacus
1267 2262 1402 2306 frater
1424 2262 1468 2304 in
1493 2262 1724 2320 antiquum

337 2341 482 2386 locum
511 2344 661 2404 gratiae
689 2353 821 2404 atque
846 2343 1028 2387 honoris
1055 2343 1109 2386 sit
1138 2343 1383 2386 restitutus.
1410 2343 1453 2385 Si
1479 2341 1584 2401 quid
1612 2340 1726 2383 acci-

337 2422 412 2466 dat
426 2424 658 2478 Romanis,
679 2441 897 2468 summam
920 2424 965 2466 in
984 2440 1105 2483 spem
1132 2423 1254 2483 regni
1279 2421 1506 2466 obtinendi
1525 2436 1603 2480 per
1623 2417 1726 2462 Hel-

338 2504 475 2546 vetios
492 2505 661 2558 venire3
676 2504 865 2564 imperio
882 2503 1034 2564 populi
1054 2504 1224 2547 romani
1245 2519 1333 2546 non
1353 2501 1483 2545 modo
1497 2499 1549 2542 de
1568 2516 1724 2560 regno,

340 2583 414 2625 sed
439 2585 570 2628 etiam
600 2585 652 2628 de
680 2602 753 2642 ea,
778 2602 912 2645 quam
940 2585 1118 2640 habeat,
1146 2585 1286 2646 gratia
1315 2583 1557 2641 desperare.
1582 2600 1602 2620 >³
1636 2582 1725 2623 Re-

343 2664 533 2722 periebat
570 2666 700 2708 etiam
742 2667 785 2708 in
831 2665 1068 2724 quaerendo
1107 2668 1271 2717 Cacsar,
1313 2662 1479 2722 «quod
1520 2660 1726 2722 proelium
