1972 3356
550 246 615 282 DE
646 245 808 281 BELLO
841 243 1115 280 AFRICANO.
1462 251 1482 274 2
1493 252 1505 274 1
1515 252 1536 288 9

134 351 223 396 prae
255 351 301 378 se
328 331 518 395 gerebat.
548 331 663 375 Huic
690 327 1031 390 acquiescebant
1054 326 1280 382 homines,
1305 333 1348 368 et
1375 324 1418 367 in
1442 323 1535 384 ejus

133 415 314 460 scientia
339 424 382 458 et
410 410 594 457 consilio
615 411 761 455 onmia
779 409 861 453 sibi
890 406 1104 470 proclivia
1131 422 1282 450 omnes
1308 405 1401 449 fore
1431 421 1530 465 spe—

135 496 306 541 rabant.

202 579 282 621 XI.
300 578 457 630 Caesar,
482 589 573 617 una
591 581 723 616 nocte
746 572 791 614 in
812 569 999 613 navibus
1015 577 1281 628 consumpta
1298 602 1308 622 ,
1323 568 1414 628 jam
1429 565 1538 611 coelo

137 657 336 713 albente,
356 670 494 715 quum
513 652 730 714 proficisci
747 660 1005 705 conaretur,
1031 649 1180 693 subito
1204 648 1384 691 navium
1413 665 1537 709 pars,

138 739 191 783 de
215 753 302 798 qua
327 735 529 791 timebat,
557 750 609 777 ex
638 748 788 777 errore
817 730 972 776 eodem
1000 728 1325 774 conferebatur.
1367 730 1462 771 Hac
1489 744 1537 771 re

137 819 334 880 cognita,
348 818 496 860 Caesar
508 814 709 859 celeriter
720 813 773 857 de
789 813 978 858 navibus
991 813 1182 873 imperat
1197 826 1349 854 omnes
1365 808 1539 870 egredi,

135 910 265 960 atque
291 907 486 942 armatos
516 897 561 940 in
597 895 727 941 litore
748 893 941 955 reliquos
973 892 1255 937 advenientes
1282 889 1442 934 milites
1468 906 1539 933 ex·

135 989 346 1042 spectare.
378 981 558 1040 Itaque,
590 978 684 1022 sine
718 993 842 1021 mora
867 975 1054 1020 navibus
1081 975 1143 1019 eis
1170 975 1214 1018 in
1254 981 1434 1034 portum
1469 987 1540 1015 re-

133 1061 292 1122 ceptiS‚
328 1069 371 1105 et
408 1059 601 1104 advectis
629 1058 820 1103 militum
850 1058 1142 1119 equitumque
1185 1056 1351 1117 copiis,
1392 1069 1544 1097 rursus

134 1141 192 1187 ad
218 1141 432 1204 oppidum
450 1141 697 1203 Ruspinam
720 1139 861 1197 redit,
891 1149 1024 1200 atque
1055 1138 1116 1182 ibi
1145 1137 1298 1181 castris
1323 1135 1543 1180 constitu·

136 1224 219 1280 tis,
253 1224 346 1285 ipse
368 1240 468 1267 cum
490 1222 752 1267 cohortibus
774 1220 995 1284 expeditis
1019 1237 1115 1264 xxx
1139 1219 1459 1263 frumentatum
1481 1225 1547 1260 est

135 1304 374 1367 profectus.
405 1307 472 1349 Ex
499 1320 551 1348 eo
580 1313 645 1348 est
674 1304 902 1366 cognitum
923 1302 1107 1348 Caesaris
1135 1298 1392 1355 consilium,
1420 1297 1545 1341 illum

140 1403 242 1430 cum
267 1384 403 1430 classe
430 1385 616 1430 navibus
644 1385 885 1442 onerariis,
908 1400 1006 1445 quae
1032 1383 1328 1437 deerrassent‚
1352 1378 1547 1424 subsidio

138 1468 224 1524 ire,
250 1466 362 1511 clam
391 1466 623 1522 hostibus,
646 1465 862 1523 voluisse,
895 1482 951 1510 ne
975 1481 1080 1509 casu
1116 1461 1423 1525 imprudentes
1456 1476 1545 1505 suae

138 1564 273 1592 naves
303 1549 348 1592 in
377 1546 560 1592 classem
587 1547 941 1592 adversariorum
969 1545 1246 1601 inciderent,
1279 1560 1421 1604 neque
1452 1558 1548 1586 eam

136 1645 229 1673 rem
253 1645 327 1673 eos
350 1628 543 1673 voluisse
569 1630 699 1684 scire,
723 1628 798 1690 qui
822 1629 867 1672 in
895 1626 1110 1690 praesidiis
1130 1624 1274 1671 relicti
1288 1625 1356 1669 sui
1383 1622 1545 1668 milites

138 1709 349 1767 fuissent,
364 1711 428 1755 uti
448 1709 559 1755 nihil
578 1720 762 1772 propter
782 1726 965 1754 suorum
989 1709 1260 1771 paucitatem
1283 1716 1326 1751 et
1352 1706 1548 1750 hostium

137 1790 471 1836 multitudinem
500 1800 620 1835 metu
641 1790 894 1835 deficerent.

203 1874 306 1917 ΧΠ,
330 1873 514 1917 Interim
532 1908 544 1929 ,
567 1888 704 1933 quum
730 1872 818 1932 jam
837 1874 984 1917 Caesar
1011 1885 1272 1932 progressus
1296 1877 1408 1913 esset
1430 1884 1455 1912 a
1477 1883 1551 1911 ca-

142 1955 241 1998 stris
257 1954 434 1999 circiter
444 1953 584 1999 millia
600 1970 809 2016 passuum
829 1953 938 2011 tria,
955 1969 1035 2015 per
1056 1950 1351 2014 speculatores
1366 1959 1408 1995 et
1432 1959 1554 1994 ante-

144 2051 334 2080 cessores
355 2036 523 2098 equites
542 2036 777 2083 nuntiatur
796 2037 856 2091 ei,
881 2036 1030 2097 copias
1053 2034 1250 2079 hostium
1274 2032 1394 2077 haud
1422 2031 1555 2093 longe

142 2116 198 2161 ab
236 2133 328 2162 sese
364 2117 492 2162 visas.
521 2120 577 2162 Et
612 2116 758 2162 hercle
796 2134 895 2162 cum
936 2134 988 2161 eo
1027 2116 1187 2161 nuntio
1213 2114 1358 2177 pulvis
1395 2115 1553 2176 ingens

142 2199 339 2260 conspici
363 2209 533 2261 coeptus
562 2209 639 2244 est.
666 2203 760 2244 Hac
788 2216 835 2244 re
860 2200 1059 2262 cognita,
1090 2200 1240 2243 Caesar
1260 2196 1463 2241 celeriter
1484 2196 1556 2258 ju-

142 2279 217 2324 bet
238 2280 486 2342 equitatum
508 2282 766 2326 universum
787 2315 799 2339 ,
829 2282 956 2343 cujus
985 2280 1162 2342 copiam
1189 2279 1348 2323 habuit
1371 2279 1416 2322 in
1446 2294 1557 2340 prae-

144 2363 286 2406 sentia
314 2379 404 2406 non
432 2379 665 2426 magnam,
692 2373 736 2408 et
771 2362 1050 2426 sagittarios,
1077 2378 1272 2423 quorum
1296 2376 1459 2423 parvus
1481 2376 1558 2403 nu-

145 2459 293 2487 merus
307 2478 317 2500 ,
331 2460 383 2488 ex
401 2445 556 2489 castris
574 2446 759 2502 arcessi,
776 2455 910 2506 atque
934 2444 1176 2489 ordinatim
1199 2444 1323 2505 signa
1337 2460 1382 2487 se
1397 2441 1558 2486 leniter

146 2525 357 2586 consequi
380 2543 389 2569 :
414 2526 506 2587 ipse
529 2526 789 2571 antecedere
818 2543 919 2571 cum
945 2526 1095 2587 paucis
1124 2524 1320 2568 armatis.
1346 2525 1557 2583 Jamque,

146 2622 285 2666 quum
319 2606 477 2668 procul
505 2607 646 2653 hostis
677 2608 875 2670 conspici
917 2618 1083 2669 posset,
1116 2605 1275 2650 milites
1315 2607 1359 2649 in
1398 2621 1558 2665 campo

145 2687 266 2746 jubet
306 2687 495 2750 galeari,
524 2699 568 2734 et
601 2689 657 2734 ad
694 2707 890 2752 pugnam
925 2690 1070 2751 parari
1107 2706 1115 2732 :
1153 2705 1342 2749 quorum
1374 2687 1558 2731 omnino
