1972 3356
374 279 443 316 114
577 272 615 307 C.
641 272 771 307 JULII
802 271 1023 307 CAESARIS
1053 271 1547 308 COMMENTARIORUM

369 369 462 403 tum
490 357 610 401 misit
631 373 639 400 :
668 354 878 417 quodque
905 356 972 400 hae
997 356 1203 418 regiones
1229 355 1413 400 aberant
1436 355 1635 418 longius,
1658 357 1764 403 locis

369 438 498 484 certis
532 438 691 483 horrea
719 438 975 495 constituit,
1004 447 1294 499 vecturasque
1321 437 1529 483 frumenti
1565 438 1765 484 finitimis

371 519 625 564 civitatibus
649 518 899 581 descripsit3
925 521 1030 564 item
1054 520 1179 564 Lisso
1203 519 1533 580 Parthinisque,
1559 529 1601 564 et
1625 523 1767 565 omni-

368 601 450 646 bus
483 599 698 657 castellis,
731 600 851 662 quod
887 611 998 645 esset
1033 600 1271 657 frumenti,
1302 601 1505 662 conquiri
1538 601 1682 662 jussit.
1716 603 1766 646 Id

368 693 462 727 erat
490 683 806 745 perexiguum,
839 699 975 743 quum
1007 683 1144 743 ipsius
1173 683 1267 742 agri
1298 692 1481 737 natura,
1510 681 1630 743 quod
1663 693 1767 727 sunt

368 764 464 809 loca
495 781 649 827 aspera
681 774 725 808 et
762 774 1027 821 montuosa,
1062 780 1112 808 ac
1154 762 1413 825 plerumque
1452 774 1641 808 utuntur
1674 764 1766 809 fru-

370 857 522 891 mento
549 847 815 908 importat03
837 855 929 890 tum
962 845 1082 907 quod
1110 846 1346 907 Pompeius
1375 846 1467 890 hoec
1490 845 1766 907 providerat,

370 937 415 972 et
441 928 743 990 superioribus
770 927 924 971 diebus
952 926 1109 988 praedae
1136 926 1233 972 loco
1259 927 1496 972 Parthinos
1524 927 1766 983 habuerat,

369 1009 734 1070 frumentumque
765 1025 896 1052 omne
926 1008 1252 1069 conquisitum,
1285 1007 1481 1069 spoliatis
1511 1008 1768 1070 effossisque

368 1108 522 1135 eorum
549 1090 778 1145 domibus,
804 1107 883 1151 per
908 1090 1076 1150 equites
1103 1099 1415 1151 comportarat.

434 1175 598 1218 XLIII.
627 1173 802 1230 Quibus
830 1172 960 1216 rebus
985 1172 1193 1233 cognitiS‚
1219 1172 1365 1215 Caesar
1391 1170 1622 1216 consilium
1649 1172 1769 1232 capit

370 1272 422 1299 ex
452 1254 535 1299 loci
565 1264 736 1298 natura.
767 1256 906 1298 Erant
934 1254 1050 1297 enim
1082 1253 1248 1297 circum
1276 1262 1417 1297 castra
1443 1254 1642 1314 Pompeii
1671 1270 1769 1314 per-

368 1336 496 1381 multi
527 1336 632 1380 cditi
670 1345 803 1397 atque
834 1335 977 1396 asperi
1016 1333 1147 1379 colles
1176 1352 1183 1378 :
1214 1334 1293 1379 hos
1330 1336 1521 1396 primum
1559 1334 1770 1396 praesidiis

371 1418 541 1473 tenuit,
569 1416 838 1478 castellaque
868 1417 926 1460 ibi
956 1417 1216 1461 communit.
1247 1415 1381 1471 Inde,
1414 1426 1461 1460 ut
1497 1414 1583 1461 loci
1619 1416 1767 1478 cujus·

369 1516 455 1560 que
491 1508 647 1542 natura
682 1497 872 1552 ferebat,
907 1514 959 1542 ex
995 1497 1174 1542 castello
1209 1499 1251 1541 in
1291 1496 1520 1542 castellum
1558 1497 1769 1559 perducta

371 1580 643 1634 munitione,
671 1578 1007 1623 circumvallare
1033 1579 1290 1639 Pompeium
1320 1579 1535 1623 instituit:
1557 1579 1650 1623 haec
1673 1595 1769 1640 spe-

370 1671 521 1717 ctans,
555 1660 675 1721 quod
702 1670 886 1722 angusta
912 1677 958 1704 re
987 1660 1277 1704 frumentaria
1306 1660 1530 1715 utebatur,
1560 1659 1768 1721 quodque

369 1743 606 1802 Pompeius
631 1740 917 1785 multitudine
944 1742 1141 1802 equitum
1171 1740 1365 1797 valebat,
1388 1758 1477 1802 quo
1502 1744 1672 1785 minore
1696 1757 1770 1802 pe-

368 1822 510 1866 riculo
531 1822 727 1882 undiquc
748 1822 1018 1865 frumentum
1037 1832 1422 1882 commeatumque
1440 1822 1650 1866 exercitui
1669 1838 1771 1882 sup-

371 1914 548 1964 portare
581 1913 754 1965 possct3
782 1901 937 1958 simul,
966 1903 1028 1946 uti
1064 1901 1348 1963 pabulatione
1374 1903 1634 1963 Pompeium
1668 1918 1770 1962 pro-

371 1985 570 2037 hiberet,
601 1986 937 2046 equitatumque
966 1985 1060 2044 ejus
1090 1983 1143 2027 ad
1178 2000 1269 2028 rcm
1301 1982 1537 2045 gerendam
1569 1982 1771 2028 inutilem

371 2066 591 2125 efficerct;
617 2068 772 2122 tertio,
797 2076 846 2110 ut
870 2066 1206 2121 auctoritatem,
1229 2081 1316 2127 qua
1340 2063 1411 2108 ille
1436 2065 1626 2108 maxime
1652 2063 1770 2125 apud

372 2158 542 2193 exteras
574 2149 775 2192 nationes
811 2147 890 2191 niti
921 2147 1180 2203 videbatur,
1215 2147 1457 2203 minueret,
1489 2162 1626 2207 quum
1654 2145 1770 2189 fama

371 2246 449 2291 per
474 2230 623 2274 orbem
654 2240 871 2274 terrarum
899 2229 1235 2291 perci-chuissct,
1262 2225 1385 2271 illum
1410 2244 1434 2272 a
1458 2229 1628 2273 Caesare
1653 2226 1772 2271 obsi-

373 2310 490 2366 deri,
517 2328 658 2372 neque
686 2310 848 2356 audere
875 2309 1029 2371 proelio
1055 2310 1278 2354 dimicare.

434 2394 595 2437 XLIV.
623 2393 862 2453 Pompeius
893 2408 1035 2452 neque
1065 2408 1089 2436 a
1117 2392 1227 2436 mari
1262 2392 1598 2453 Dyrrachioque
1631 2390 1770 2435 disce-

370 2475 474 2519 dere
498 2473 695 2529 volebat‚
718 2472 836 2535 quod
862 2490 1036 2517 omncm
1064 2483 1325 2535 apparatum
1354 2472 1475 2530 belli,
1498 2471 1602 2527 tela,
1625 2488 1769 2524 arma,

372 2566 613 2612 tormenta,
640 2556 698 2600 ibi
723 2553 1039 2613 collocaverat,
1065 2555 1427 2616 frumentumque
1453 2554 1664 2598 exercitui
1695 2569 1770 2597 na-

372 2637 498 2681 vibus
525 2637 838 2698 supportabat;
865 2653 1007 2697 neque
1031 2637 1301 2680 munitiones
1323 2635 1506 2681 Caesaris
1533 2634 1770 2696 prohibere

372 2727 572 2777 poterat,
601 2718 684 2762 nisi
712 2716 868 2779 proelio
895 2717 1121 2762 decertare
1147 2716 1303 2773 vellet,
1337 2715 1457 2777 quod
1485 2732 1536 2761 eo
1572 2726 1768 2777 tempore
