1972 3356
488 281 555 316 DE
584 281 748 316 BE1.LO
780 280 1004 317 GALLlco
1035 280 1128 315 LIB.
1154 279 1218 316 vl.
1481 277 1551 320 141

156 368 277 429 gnita
298 367 443 410 Caesar
465 382 598 409 causa
623 366 808 427 reperit,
833 366 887 409 ab
915 364 1070 409 Suevis
1094 362 1257 409 auxilia
1286 361 1419 406 missa
1442 377 1555 416 esse,

152 446 374 490 Ubiorum
399 446 743 491 satisfactionem
770 447 959 507 accepit,
991 444 1137 489 aditus
1163 445 1346 504 viasque
1371 445 1418 487 in
1447 444 1556 488 Sue-

152 544 228 571 vos
258 528 490 588 perquirit.

215 611 273 652 X.
310 609 497 653 Interim
531 608 680 669 paucis
721 617 824 667 post
856 606 1010 650 diebus
1042 607 1093 650 fit
1128 607 1181 650 ab
1212 606 1341 649 Ubiis
1374 608 1556 662 certior,

152 690 319 734 Suevos
350 706 502 734 omnes
529 706 668 733 unum
699 689 744 731 in
774 687 921 733 locum
950 689 1099 749 copias
1131 703 1310 749 cogere,
1343 698 1475 748 atque
1507 689 1559 732 iis

154 770 435 826 nationibus,
473 786 570 830 quae
602 769 683 813 sub
717 786 872 813 eorum
906 769 992 813 sint
1032 768 1242 830 imperio,
1274 768 1560 825 denuntiare,

152 852 218 897 uti
243 851 404 898 auxilia
435 851 659 913 peditatus
686 851 999 912 equitatusque
1032 851 1227 895 mittant.
1257 851 1336 895 His
1368 851 1560 912 cognitis

151 935 307 990 rebus,
333 951 424 978 rem
451 933 791 978 frumentariam
816 931 1046 994 providet,
1071 933 1227 976 castris
1250 931 1463 977 idoneum
1493 931 1560 976 lo-

153 1033 256 1062 cum
276 1015 453 1078 deligit,
476 1014 606 1060 Ubiis
626 1015 838 1076 imperat,
859 1023 907 1058 ut
928 1031 1090 1075 pecora
1115 1013 1363 1070 deducant,
1395 1031 1561 1075 suaque

154 1098 304 1143 omnia
331 1114 385 1141 ex
410 1098 526 1158 agris
556 1097 600 1139 in
628 1095 791 1157 oppida
819 1095 1075 1153 conferant,
1107 1113 1316 1157 sperans,
1347 1097 1562 1141 barbaros

153 1189 286 1240 atque
321 1179 552 1239 imperitos
585 1177 815 1233 homines,
853 1177 1002 1238 inopia
1041 1177 1312 1222 cibariorum
1346 1178 1561 1235 afflictos,

153 1261 209 1306 ad
237 1262 434 1321 iniquam
463 1258 693 1321 pugnandi
718 1257 1021 1302 conditionem
1050 1275 1178 1319 posse
1209 1258 1368 1303 deduci
1396 1277 1404 1302 :
1434 1276 1562 1304 man-

154 1341 249 1398 dat,
269 1350 318 1385 ut
344 1340 521 1384 crebros
545 1338 846 1401 exploratores
874 1340 918 1383 in
949 1341 1116 1384 Suevos
1142 1340 1350 1397 mittant,
1377 1357 1563 1402 quaeque

153 1422 272 1484 apud
291 1439 364 1466 eos
389 1431 622 1483 gerantur,
651 1430 935 1481 cognoscant.
961 1419 1033 1464 Illi
1057 1422 1276 1482 imperata
1302 1421 1493 1480 faciunt,
1518 1432 1563 1467 et

153 1504 302 1565 paucis
331 1502 485 1547 diebus
515 1502 779 1546 intermissis
807 1501 1034 1559 referunt,
1069 1504 1237 1547 Suevos
1261 1520 1436 1560 omnes,
1462 1520 1559 1565 pos-

154 1595 359 1645 teaquam
382 1584 595 1628 certiores
619 1584 767 1628 nuntii
793 1583 846 1628 de
871 1584 1066 1629 exercitu
1090 1586 1401 1631 Romanorum
1432 1602 1566 1629 vene-

151 1666 261 1723 rint,
288 1683 391 1710 cum
418 1666 626 1710 omnibus
657 1666 746 1710 suis
783 1667 1096 1728 sociorumque
1131 1668 1291 1728 copiis,
1322 1684 1430 1729 quas
1465 1685 1566 1712 coe-

151 1747 340 1809 gissent,
360 1748 539 1809 penitus
560 1747 616 1791 ad
637 1757 859 1792 extremos
883 1747 992 1792 fines
1013 1766 1106 1793 sese
1130 1750 1349 1811 recepisse
1375 1766 1383 1792 :
1407 1748 1558 1793 silvam

151 1845 244 1873 esse
274 1829 336 1872 ibi
364 1829 540 1873 infinita
569 1829 907 1891 magnitudine,
937 1847 1033 1890 quae
1066 1830 1320 1892 appellatur
1350 1830 1563 1876 Bacenis:

151 1910 266 1954 hanc
289 1910 421 1972 longe
450 1912 669 1954 introrsus
698 1912 943 1971 pertinere,
973 1921 1017 1954 et
1042 1928 1123 1972 pro
1152 1913 1304 1956 nativo
1330 1929 1462 1956 muro
1487 1912 1566 1957 ob-

147 1991 338 2052 jectam,
369 1992 619 2036 Cheruscos
648 1991 701 2035 ab
729 1993 903 2049 Suevis‚
931 1994 1100 2037 Suevos
1127 1993 1181 2036 ab
1210 1994 1471 2048 Cheruscis,
1501 1995 1569 2037 in-

149 2072 278 2133 juriis
296 2073 716 2134 incursionibusque
734 2074 970 2135 prohibere
999 2091 1007 2117 ε
1034 2073 1089 2118 ad
1115 2074 1209 2135 ejus
1234 2075 1414 2119 initium
1443 2074 1565 2120 silvae

151 2153 319 2199 Suevos
344 2152 588 2198 adventum
612 2157 920 2199 Romanorum
944 2165 1201 2217 exspectare
1227 2157 1524 2201 constituisse.
1547 2178 1568 2199 n

218 2236 297 2278 XI.
322 2233 550 2292 Quoniam
573 2235 629 2279 ad
649 2236 770 2280 hunc
795 2235 942 2281 locum
959 2247 1226 2299 perventum
1248 2247 1332 2295 est,
1355 2255 1446 2282 non
1469 2238 1570 2283 alie-

152 2334 260 2361 num
291 2334 385 2361 esse
416 2317 612 2373 videtur,
639 2318 693 2363 de
718 2318 876 2364 Galliae
903 2322 1249 2383 Germaniaeque
1278 2322 1500 2381 moribus,
1525 2333 1570 2367 et

151 2415 240 2459 quo
265 2397 473 2443 differant
500 2415 559 2443 eae
583 2400 785 2445 nationes
810 2402 927 2446 inter
951 2419 1066 2459 sese,
1087 2419 1356 2464 proponere.
1382 2406 1435 2448 In
1460 2403 1568 2449 Gal-

151 2477 230 2536 lia,
250 2496 341 2524 non
372 2478 517 2524 solum
546 2481 591 2524 in
612 2482 820 2527 omnibus
842 2483 1119 2542 civitatibus,
1136 2494 1273 2544 atque
1293 2485 1338 2528 in
1358 2485 1568 2530 omnibus

152 2562 275 2623 pagis
303 2561 614 2623 partibusque,
649 2563 726 2608 sed
753 2581 878 2625 paene
906 2566 1040 2610 etiam
1068 2566 1112 2609 in
1146 2565 1333 2628 singulis
1364 2566 1568 2610 domibus

153 2641 366 2688 factiones
392 2654 497 2689 sunt
523 2662 532 2688 :
560 2661 804 2707 earumque
823 2646 1072 2692 factionum
1092 2647 1317 2709 principes
1341 2654 1468 2704 sunt,
1491 2649 1565 2709 qui

153 2738 372 2768 summam
400 2727 714 2771 auctoritatem
741 2744 895 2771 eorum
919 2728 1091 2790 judicio
1117 2729 1282 2773 habere
1307 2729 1566 2774 existiman-
