1972 3356
585 234 651 268 DE
681 234 842 270 BELLO
872 232 1084 270 GALLICO
1114 231 1205 265 LIB.
1232 229 1315 263 vn.
1570 225 1635 270 167

251 332 427 359 causam
460 316 755 378 supplementi
781 320 1091 380 equitatusque
1120 313 1332 376 cogendi,
1368 308 1422 355 ab
1452 309 1645 354 exercitu

249 395 462 452 discedit;
489 399 677 442 Brutum
701 398 1027 444 adolescentem
1056 397 1107 441 iis
1131 395 1269 456 copiis
1292 391 1490 455 praeficit.
1515 391 1646 434 Hunc

250 487 398 521 monet
429 488 480 522 ut
512 479 555 522 in
590 495 743 524 omnes
772 489 917 541 partes
945 479 1116 539 equites
1145 492 1279 537 quam
1309 473 1520 518 latissime
1549 486 1649 531 per-

249 569 467 620 vagentur
496 576 505 602 :
536 559 745 604 daturum
785 576 830 603 se
862 575 1070 620 operam,
1102 573 1157 600 ne
1187 555 1364 616 longius
1408 552 1558 597 triduo
1593 551 1648 595 ab

250 640 402 684 castris
434 639 559 683 absit.
593 640 672 684 His
703 636 956 684 constitutis
983 638 1141 693 rebus,
1172 637 1261 681 suis
1291 633 1649 695 inopinantibus,

248 735 381 780 quam
404 720 605 763 maximis
636 728 783 781 potest
809 719 1064 773 itineribus,
1083 718 1304 763 Viennam
1334 714 1551 776 pervenit.
1583 714 1649 757 Ibi

248 810 400 845 nactus
423 811 647 845 recentem
671 801 937 862 equitatum,
958 817 1090 861 quem
1118 797 1268 844 multis
1295 806 1397 841 ante
1424 795 1578 839 diebus
1599 811 1650 838 eo

249 883 538 943 praemiserat,
561 899 704 944 neque
731 881 893 926 diurno
918 898 1062 942 neque
1087 890 1309 925 nocturno
1335 879 1493 923 itinere
1511 877 1649 920 inter-

247 964 399 1021 misso,
426 981 505 1025 per
528 963 636 1008 fines
658 962 905 1008 AEduorum
931 964 976 1006 in
998 963 1225 1024 Lingones
1243 959 1494 1016 contendit,
1517 958 1593 1002 ubi
1618 972 1648 1001 ιι

249 1045 441 1106 legiones
468 1045 751 1101 hiemabant3
781 1054 853 1099 ut,
883 1045 917 1088 si
943 1043 1051 1104 quid
1074 1043 1208 1087 etiam
1235 1041 1290 1086 de
1318 1058 1397 1085 sua
1424 1038 1565 1085 salute
1595 1038 1649 1081 ab

246 1125 398 1170 AEduis
424 1126 614 1170 iniretur
633 1124 829 1183 consilii,
849 1124 1073 1170 celeritate
1099 1132 1401 1185 praecurreret.
1427 1123 1492 1167 Eo
1511 1137 1647 1182 quum

246 1207 544 1267 pervenisset,
577 1206 632 1250 ad
669 1205 862 1268 reliquas
901 1205 1096 1268 legiones
1139 1205 1311 1259 mittit,
1351 1203 1563 1265 priusque
1606 1203 1649 1244 in

247 1305 385 1332 unum
410 1287 554 1333 locum
581 1306 733 1333 omnes
757 1289 896 1351 cogit,
915 1304 1048 1349 quam
1071 1286 1126 1331 de
1150 1287 1243 1347 ejus
1266 1285 1462 1330 adventu
1487 1286 1650 1329 Arver-

246 1371 311 1413 nis
339 1370 537 1413 nuntiari
566 1379 725 1431 posset.
758 1373 851 1414 Hac
883 1386 930 1413 re
958 1369 1157 1430 cognita,
1178 1366 1519 1428 Vercingetorix
1551 1365 1650 1408 rui·-

245 1467 317 1495 sus
338 1451 383 1494 in
411 1451 631 1512 Bituriges
655 1451 897 1495 exercituin
922 1450 1116 1504 reducit,
1141 1458 1273 1509 atque
1299 1447 1401 1491 inde
1424 1445 1650 1508 profectus

244 1533 540 1594 Gergoviam,
566 1533 777 1577 Boiorum
803 1531 1043 1593 oppidum,
1067 1548 1177 1592 quos
1202 1531 1261 1574 ibi
1285 1528 1520 1574 Helvetico
1540 1544 1652 1589 proe-

245 1612 303 1657 lio
326 1614 466 1658 victos
487 1616 631 1660 Caesar
648 1612 967 1669 collocaverat,
995 1613 1238 1674 AEduisque
1263 1612 1547 1667 attribuerat,
1570 1627 1650 1671 op-

242 1711 441 1756 pugnare
472 1695 676 1740 instituit.

306 1777 360 1819 X.
386 1778 597 1838 Magnam
616 1777 708 1821 haec
728 1794 796 1821 res
813 1777 975 1822 Caesari
1001 1775 1309 1820 difficultatem
1334 1776 1389 1820 ad
1412 1773 1645 1829 consilium

243 1856 507 1917 capiendum
528 1857 739 1901 afferebat
768 1875 776 1901 z
801 1858 835 1901 si
859 1857 1073 1918 reliquam
1103 1867 1273 1917 partem
1304 1857 1461 1900 hiemis
1483 1873 1572 1900 uno
1604 1857 1646 1898 in

244 1936 339 1982 loeo
362 1937 556 2000 legiones
583 1939 853 1995 contineret,
878 1955 953 1994 ne,
982 1937 1282 1998 stipendiariis
1306 1937 1551 1982 AEduorum
1577 1954 1648 1981 ex·-

244 2020 470 2081 pugnatis,
504 2030 667 2064 cuncta
697 2018 845 2064 Gallia
879 2019 1110 2076 deficeret,
1140 2018 1261 2079 quod
1291 2017 1466 2062 nullum
1495 2018 1647 2062 amicis

245 2101 288 2142 in
317 2117 368 2144 eo
394 2099 644 2161 praesidium
672 2100 842 2145 videret
870 2101 1063 2162 positum
1093 2117 1184 2145 esse
1217 2117 1225 2142 :
1257 2099 1323 2143 sin
1354 2099 1572 2143 maturius
1595 2115 1646 2142 ex

244 2181 439 2226 hibernis
472 2182 705 2239 educeret,
738 2200 793 2227 ne
825 2183 878 2227 ab
910 2200 958 2227 re
993 2182 1284 2226 frumentaria
1314 2181 1435 2225 duris
1462 2181 1644 2224 subvec-

244 2264 437 2308 tionibus
473 2263 706 2309 laboraret.
744 2267 958 2310 Praestare
991 2264 1134 2308 visum
1177 2273 1243 2307 est
1278 2273 1452 2318 tamen,
1493 2278 1646 2306 omnes

242 2344 522 2390 difficultates
557 2348 750 2408 perpeti,
784 2363 939 2407 quam,
977 2355 1102 2390 tanta
1136 2341 1405 2389 contumelia
1444 2353 1644 2405 accepta,

239 2427 441 2470 omnium
467 2443 649 2471 suorum
681 2426 932 2472 voluntates
955 2426 1161 2472 alienare.
1186 2428 1361 2487 Itaque,
1388 2425 1646 2470 cohortatus

243 2507 404 2552 AEduos
435 2507 488 2552 de
519 2508 824 2570 supportando
852 2518 1120 2565 commeatu,
1150 2508 1379 2570 praemittit
1407 2506 1462 2551 ad
1493 2506 1645 2557 Boios,

239 2591 314 2649 qui
353 2589 406 2633 de
441 2607 521 2634 suo
557 2589 751 2636 adventu
786 2591 999 2648 doceant,
1032 2591 1357 2651 hortenturque
1394 2598 1444 2633 ut
1478 2588 1523 2632 in
1559 2587 1645 2632 fide

242 2682 468 2727 maneant,
504 2682 636 2732 atque
666 2672 863 2717 hostium
897 2675 1115 2735 impetum
1141 2689 1303 2734 magno
1338 2671 1487 2715 animo
1514 2672 1640 2715 sustin
