1972 3356
521 239 589 275 DE
618 238 779 274 BELLO
809 237 962 273 ClVILI
991 238 1082 273 LIB.
1113 238 1141 274 Ι.
1398 238 1401 241 ’
1474 238 1518 274 31

206 326 408 370 XLVIII.
431 322 605 370 Accidit
631 322 763 367 etiam
789 322 1072 383 repentinum
1100 321 1429 366 incommodum
1456 323 1522 367 bi-

142 406 254 464 duo,
281 422 370 467 quo
396 404 487 449 haec
513 413 634 466 gesta
661 404 943 448 sunt-Tanta
963 402 1078 445 enim
1115 412 1349 464 tempestas
1377 405 1521 449 coori-

144 498 238 546 tur,
275 497 323 531 ut
355 502 582 546 nunquam
620 483 704 528 illis
736 482 840 527 locis
873 483 1059 544 majores
1100 499 1235 543 aquas
1263 484 1394 530 fuisse
1420 502 1524 530 con-

142 578 288 613 staret.
313 569 426 612 Tum
452 575 597 609 autem
625 581 679 608 ex
703 563 909 607 omnibus
936 564 1159 608 montibus
1186 565 1305 609 nives
1335 565 1524 626 proluit,

141 665 191 693 ac
236 664 425 692 summas
474 646 591 706 ripas
636 644 828 689 fluminis
867 644 1109 705 superavit,
1152 654 1394 706 pontesque
1433 662 1524 690 am-

141 730 243 787 bos,
277 745 386 790 quos
421 728 471 771 C.
499 727 659 770 Fabius
694 725 880 782 fecerat,
920 741 1009 768 uno
1033 724 1104 769 die
1140 726 1389 787 interrupit.
1416 728 1526 784 Quae

143 827 208 855 res
234 825 416 871 magnas
439 806 718 852 difficultates
743 806 951 850 exercitui
976 806 1160 851 Caesaris
1186 806 1347 851 attulit.
1372 808 1524 852 Castra

143 892 283 947 enim,
311 899 360 934 ut
395 905 524 950 supra
557 887 908 932 demonstratum
945 896 1033 943 est,
1062 903 1198 948 quum
1238 898 1381 932 essent
1415 888 1526 932 inter

141 970 321 1014 flumina
353 969 462 1027 duo,
493 969 679 1013 Sicorim
713 978 755 1012 et
780 969 990 1030 Cingam,
1022 968 1163 1029 spatio
1194 967 1380 1012 millium
1408 985 1525 1024 xxx,

142 1062 346 1097 neutrum
381 1051 541 1095 horum
570 1049 747 1094 transiri
775 1059 968 1111 poterat;
1006 1050 1338 1110 necessarioque
1374 1066 1525 1094 omnes

142 1132 209 1176 his
244 1132 457 1193 angustiis
498 1130 853 1175 continebantur.
886 1131 1040 1190 Neque
1078 1130 1297 1188 civitates,
1334 1147 1429 1191 quae
1472 1130 1527 1174 ad

144 1213 327 1257 Caesaris
363 1211 599 1256 amicitiam
617 1220 911 1268 accesserant,
945 1210 1216 1255 frumentum
1246 1221 1528 1272 supportare;

144 1310 286 1354 neque
309 1294 336 1336 ii
354 1327 364 1349 ,
384 1294 459 1353 qui
482 1290 738 1353 pabulatum
763 1290 938 1353 longius
969 1292 1185 1353 progressi
1210 1301 1359 1350 erant,
1395 1293 1529 1336 inter-

144 1373 250 1417 clusi
273 1372 545 1427 ssuminibus‚
558 1372 718 1416 reverti
734 1389 746 1429 3
762 1388 905 1432 neque
920 1372 1098 1415 maximi
1112 1372 1367 1429 comitatus,
1383 1373 1459 1432 qui
1476 1389 1527 1416 ex

143 1452 266 1498 Italia
287 1451 519 1513 Galliaque
544 1453 804 1509 veniebant,
830 1452 874 1495 in
890 1461 1031 1495 castra
1059 1453 1289 1512 pervenire
1309 1462 1526 1513 poterant.

141 1534 331 1593 Tempus
356 1542 446 1576 erat
469 1533 573 1576 anni
600 1531 927 1589 difficillimum,
956 1548 1044 1592 quo
1069 1548 1213 1592 neque
1242 1531 1461 1576 frumenta
1483 1533 1527 1575 in

142 1613 336 1657 hibernis
358 1622 508 1669 erant,
536 1628 677 1673 neque
702 1611 888 1657 multum
915 1629 940 1656 a
964 1614 1219 1657 maturitate
1247 1613 1452 1670 aberant3
1477 1629 1528 1657 ac

142 1694 336 1738 civitates
363 1694 617 1750 exinanitae,
643 1693 763 1755 quod
791 1693 996 1738 Afranius
1025 1711 1148 1755 paene
1172 1711 1303 1739 omne
1330 1694 1528 1739 frumen-

142 1784 237 1818 tum
261 1785 362 1818 ante
381 1775 562 1819 Caesaris
589 1774 828 1818 adventum
853 1773 1042 1819 Ilerdam
1064 1785 1348 1831 convexerat3
1368 1774 1527 1837 reliqui

143 1853 298 1914 siquid
320 1853 481 1909 fuerat,
500 1856 644 1899 Caesar
669 1854 966 1914 superioribus
990 1853 1142 1897 diebus
1167 1866 1526 1916 consumpserat:

145 1950 322 1995 pecora,
349 1933 469 1995 quod
494 1932 733 1978 secundum
759 1943 935 1994 poterat
959 1950 1051 1978 esse
1076 1935 1235 1996 inopiae
1260 1935 1528 1994 subsidium,

144 2024 325 2076 propter
359 2013 544 2071 bellum,
578 2014 774 2058 finitimae
802 2015 997 2059 civitates
1024 2014 1199 2077 longius
1232 2027 1527 2062 removerant.

145 2095 237 2151 Qui
268 2105 392 2140 erant
419 2094 656 2156 pabulandi
684 2105 760 2140 aut
786 2095 1084 2141 frumentandi
1117 2113 1246 2141 causa
1281 2100 1527 2160 progressi,

145 2175 224 2220 hos
253 2174 358 2219 levis
375 2185 605 2221 armaturae
629 2177 848 2235 Lusitani,
870 2178 1090 2239 peritique
1116 2194 1268 2222 earum
1296 2178 1527 2240 regionum

145 2257 295 2301 cetrati
321 2258 533 2302 citerioris
562 2259 800 2320 Hispaniae,
829 2259 1214 2317 consectabantur,
1245 2259 1405 2320 quibus
1433 2269 1527 2304 erat

145 2337 339 2398 proclive
363 2348 592 2383 transnare
610 2339 791 2398 flumen,
817 2340 935 2402 quod
954 2340 1227 2386 consuetudo
1257 2357 1410 2385 eorum
1429 2357 1527 2384 om-

146 2418 269 2462 nium
296 2429 382 2475 est,
408 2429 457 2464 ut
483 2420 574 2464 sine
595 2421 767 2466 utribus
786 2421 841 2466 ad
870 2423 1108 2466 exercitum
1131 2438 1218 2466 non
1248 2432 1362 2467 eant.

207 2501 368 2544 XLIX.
396 2502 454 2545 At
478 2502 691 2546 exercitus
721 2502 891 2547 Afranii
918 2504 1116 2548 omnium
1151 2520 1298 2548 rerum
1331 2502 1529 2547 abunda-

144 2577 218 2623 bat
252 2581 391 2642 copia.
428 2581 621 2626 Multum
645 2593 734 2627 erat
753 2583 1025 2630 frumentum
1049 2586 1276 2647 provisum
1301 2594 1344 2629 et
1370 2600 1529 2629 conve-

146 2667 261 2704 ctum
286 2663 584 2722 superioribus
608 2665 877 2726 temporibus
897 2684 906 2710 z
929 2666 1117 2712 multum
1138 2684 1189 2711 ex
1203 2668 1324 2712 omni
1352 2665 1530 2728 provin-
