<?xml version="1.0" encoding="UTF-8"?>
<!DOCTYPE html PUBLIC "-//W3C//DTD XHTML 1.0 Transitional//EN"
    "http://www.w3.org/TR/xhtml1/DTD/xhtml1-transitional.dtd">
<html xmlns="http://www.w3.org/1999/xhtml" xml:lang="en" lang="en">
 <head>
  <title>
</title>
<meta http-equiv="Content-Type" content="text/html;charset=utf-8" />
  <meta name='ocr-system' content='tesseract 3.04.00' />
  <meta name='ocr-capabilities' content='ocr_page ocr_carea ocr_par ocr_line ocrx_word'/>
</head>
<body>
  <div class='ocr_page' id='page_1' title='image "./operajoh0102caesuoft_0242.png"; bbox 0 0 1972 3356; ppageno 0'>
   <div class='ocr_carea' id='block_1_1' title="bbox 346 245 1747 268">
    <p class='ocr_par' dir='ltr' id='par_1_1' title="bbox 346 245 1747 268">
     <span class='ocr_line' id='line_1_1' title="bbox 346 245 1747 268; baseline 0.006 -11"><span class='ocrx_word' id='word_1_1' title='bbox 346 245 913 264; x_wconf 55' lang='lat' dir='ltr'><strong>mmmm-mumma</strong></span> <span class='ocrx_word' id='word_1_2' title='bbox 920 251 1125 264; x_wconf 73' lang='grc' dir='ltr'><strong>νννυνννιινννι</strong></span> <span class='ocrx_word' id='word_1_3' title='bbox 1129 250 1299 265; x_wconf 63' lang='lat' dir='ltr'><strong>enm-mmmm</strong></span> <span class='ocrx_word' id='word_1_4' title='bbox 1303 252 1680 268; x_wconf 48' lang='lat' dir='ltr'><strong>mmmmmgm</strong></span> <span class='ocrx_word' id='word_1_5' title='bbox 1685 253 1747 266; x_wconf 69' lang='lat' dir='ltr'><strong>unm</strong></span> 
     </span>
    </p>
   </div>
   <div class='ocr_carea' id='block_1_2' title="bbox 677 529 1415 589">
    <p class='ocr_par' dir='ltr' id='par_1_2' title="bbox 677 529 1415 589">
     <span class='ocr_line' id='line_1_2' title="bbox 677 529 1415 589; baseline 0.001 -4"><span class='ocrx_word' id='word_1_6' title='bbox 677 529 936 587; x_wconf 88' lang='lat' dir='ltr'>LIBER</span> <span class='ocrx_word' id='word_1_7' title='bbox 995 530 1415 589; x_wconf 88' lang='lat' dir='ltr'><strong>OCTAVUS.</strong></span> 
     </span>
    </p>
   </div>
   <div class='ocr_carea' id='block_1_3' title="bbox 344 1024 1754 2670">
    <p class='ocr_par' dir='ltr' id='par_1_3' title="bbox 344 1024 1754 2100">
     <span class='ocr_line' id='line_1_3' title="bbox 344 1024 1752 1127; baseline 0.003 -21"><span class='ocrx_word' id='word_1_8' title='bbox 344 1065 379 1106; x_wconf 93' lang='grc' dir='ltr'><strong>Ι.</strong></span> <span class='ocrx_word' id='word_1_9' title='bbox 412 1024 593 1112; x_wconf 78' lang='grc' dir='ltr'><strong>ΟΜΝι</strong></span> <span class='ocrx_word' id='word_1_10' title='bbox 639 1064 782 1109; x_wconf 84' lang='lat' dir='ltr'><strong>Gallia</strong></span> <span class='ocrx_word' id='word_1_11' title='bbox 822 1065 1021 1123; x_wconf 85' lang='lat' dir='ltr'><strong>devicta,</strong></span> <span class='ocrx_word' id='word_1_12' title='bbox 1056 1069 1200 1111; x_wconf 78' lang='lat' dir='ltr'><strong>Caesar</strong></span> <span class='ocrx_word' id='word_1_13' title='bbox 1236 1083 1374 1127; x_wconf 92' lang='lat' dir='ltr'><strong>quum</strong></span> <span class='ocrx_word' id='word_1_14' title='bbox 1413 1066 1643 1127; x_wconf 81' lang='lat' dir='ltr'>superiore</span> <span class='ocrx_word' id='word_1_15' title='bbox 1675 1083 1752 1110; x_wconf 83' lang='lat' dir='ltr'><strong>aes-</strong></span> 
     </span>
     <span class='ocr_line' id='line_1_4' title="bbox 345 1143 1753 1210; baseline 0.004 -23"><span class='ocrx_word' id='word_1_16' title='bbox 345 1153 434 1188; x_wconf 86' lang='lat' dir='ltr'><strong>tate</strong></span> <span class='ocrx_word' id='word_1_17' title='bbox 471 1143 645 1189; x_wconf 90' lang='lat' dir='ltr'><strong>nullum</strong></span> <span class='ocrx_word' id='word_1_18' title='bbox 679 1144 877 1191; x_wconf 85' lang='lat' dir='ltr'><strong>bellandi</strong></span> <span class='ocrx_word' id='word_1_19' title='bbox 915 1157 1091 1208; x_wconf 86' lang='lat' dir='ltr'><strong>tempus</strong></span> <span class='ocrx_word' id='word_1_20' title='bbox 1133 1148 1462 1205; x_wconf 83' lang='lat' dir='ltr'><strong>intermisisset,</strong></span> <span class='ocrx_word' id='word_1_21' title='bbox 1500 1145 1753 1210; x_wconf 82' lang='lat' dir='ltr'><strong>militesque</strong></span> 
     </span>
     <span class='ocr_line' id='line_1_5' title="bbox 344 1226 1753 1289; baseline 0.004 -21"><span class='ocrx_word' id='word_1_22' title='bbox 344 1226 637 1271; x_wconf 87' lang='lat' dir='ltr'><strong>hibernorum</strong></span> <span class='ocrx_word' id='word_1_23' title='bbox 657 1228 804 1289; x_wconf 87' lang='lat' dir='ltr'><strong>quiete</strong></span> <span class='ocrx_word' id='word_1_24' title='bbox 825 1228 1003 1274; x_wconf 85' lang='lat' dir='ltr'><strong>reficere</strong></span> <span class='ocrx_word' id='word_1_25' title='bbox 1025 1246 1049 1273; x_wconf 83' lang='lat' dir='ltr'><strong>a</strong></span> <span class='ocrx_word' id='word_1_26' title='bbox 1065 1230 1201 1274; x_wconf 86' lang='lat' dir='ltr'><strong>tantis</strong></span> <span class='ocrx_word' id='word_1_27' title='bbox 1220 1228 1446 1274; x_wconf 83' lang='lat' dir='ltr'><strong>laboribus</strong></span> <span class='ocrx_word' id='word_1_28' title='bbox 1465 1228 1616 1286; x_wconf 87' lang='lat' dir='ltr'><strong>vellet,</strong></span> <span class='ocrx_word' id='word_1_29' title='bbox 1636 1246 1753 1273; x_wconf 90' lang='lat' dir='ltr'><strong>com-</strong></span> 
     </span>
     <span class='ocr_line' id='line_1_6' title="bbox 344 1305 1754 1371; baseline 0.004 -21"><span class='ocrx_word' id='word_1_30' title='bbox 344 1305 494 1367; x_wconf 88' lang='lat' dir='ltr'><strong>plures</strong></span> <span class='ocrx_word' id='word_1_31' title='bbox 526 1308 682 1352; x_wconf 89' lang='lat' dir='ltr'><strong>eodem</strong></span> <span class='ocrx_word' id='word_1_32' title='bbox 712 1319 913 1371; x_wconf 84' lang='lat' dir='ltr'><strong>tempore</strong></span> <span class='ocrx_word' id='word_1_33' title='bbox 945 1310 1144 1355; x_wconf 75' lang='lat' dir='ltr'><strong>civitates</strong></span> <span class='ocrx_word' id='word_1_34' title='bbox 1180 1327 1396 1355; x_wconf 87' lang='lat' dir='ltr'><strong>renovare</strong></span> <span class='ocrx_word' id='word_1_35' title='bbox 1431 1308 1535 1354; x_wconf 92' lang='lat' dir='ltr'><strong>belli</strong></span> <span class='ocrx_word' id='word_1_36' title='bbox 1570 1309 1754 1355; x_wconf 84' lang='lat' dir='ltr'><strong>consilia</strong></span> 
     </span>
     <span class='ocr_line' id='line_1_7' title="bbox 345 1389 1754 1454; baseline 0.002 -22"><span class='ocrx_word' id='word_1_37' title='bbox 345 1389 690 1447; x_wconf 81' lang='lat' dir='ltr'><strong>nuntiabantur,</strong></span> <span class='ocrx_word' id='word_1_38' title='bbox 716 1392 1133 1454; x_wconf 87' lang='lat' dir='ltr'><strong>conjurationesque</strong></span> <span class='ocrx_word' id='word_1_39' title='bbox 1159 1392 1315 1437; x_wconf 88' lang='lat' dir='ltr'><strong>facere.</strong></span> <span class='ocrx_word' id='word_1_40' title='bbox 1345 1392 1484 1453; x_wconf 86' lang='lat' dir='ltr'><strong>Cujus</strong></span> <span class='ocrx_word' id='word_1_41' title='bbox 1512 1392 1574 1435; x_wconf 91' lang='lat' dir='ltr'><strong>rei</strong></span> <span class='ocrx_word' id='word_1_42' title='bbox 1604 1391 1754 1435; x_wconf 87' lang='lat' dir='ltr'><strong>verisi-</strong></span> 
     </span>
     <span class='ocr_line' id='line_1_8' title="bbox 345 1469 1751 1534; baseline 0.002 -21"><span class='ocrx_word' id='word_1_43' title='bbox 345 1469 462 1514; x_wconf 89' lang='lat' dir='ltr'><strong>milis</strong></span> <span class='ocrx_word' id='word_1_44' title='bbox 492 1487 623 1515; x_wconf 84' lang='lat' dir='ltr'><strong>causa</strong></span> <span class='ocrx_word' id='word_1_45' title='bbox 651 1472 939 1530; x_wconf 86' lang='lat' dir='ltr'><strong>afferebatur,</strong></span> <span class='ocrx_word' id='word_1_46' title='bbox 967 1473 1088 1534; x_wconf 89' lang='lat' dir='ltr'><strong>quod</strong></span> <span class='ocrx_word' id='word_1_47' title='bbox 1115 1472 1258 1518; x_wconf 87' lang='lat' dir='ltr'><strong>Gallis</strong></span> <span class='ocrx_word' id='word_1_48' title='bbox 1283 1473 1491 1517; x_wconf 88' lang='lat' dir='ltr'><strong>omnibus</strong></span> <span class='ocrx_word' id='word_1_49' title='bbox 1523 1473 1751 1534; x_wconf 84' lang='lat' dir='ltr'><strong>cognitum</strong></span> 
     </span>
     <span class='ocr_line' id='line_1_9' title="bbox 347 1553 1752 1613; baseline 0.002 -19"><span class='ocrx_word' id='word_1_50' title='bbox 347 1561 461 1596; x_wconf 84' lang='lat' dir='ltr'><strong>esset</strong></span> <span class='ocrx_word' id='word_1_51' title='bbox 509 1568 653 1613; x_wconf 90' lang='lat' dir='ltr'><strong>neque</strong></span> <span class='ocrx_word' id='word_1_52' title='bbox 687 1553 779 1597; x_wconf 91' lang='lat' dir='ltr'><strong>ulla</strong></span> <span class='ocrx_word' id='word_1_53' title='bbox 819 1554 1108 1600; x_wconf 86' lang='lat' dir='ltr'><strong>multitudine</strong></span> <span class='ocrx_word' id='word_1_54' title='bbox 1150 1556 1194 1598; x_wconf 91' lang='lat' dir='ltr'><strong>in</strong></span> <span class='ocrx_word' id='word_1_55' title='bbox 1236 1571 1377 1598; x_wconf 92' lang='lat' dir='ltr'><strong>unum</strong></span> <span class='ocrx_word' id='word_1_56' title='bbox 1417 1554 1564 1598; x_wconf 91' lang='lat' dir='ltr'><strong>locum</strong></span> <span class='ocrx_word' id='word_1_57' title='bbox 1602 1562 1752 1598; x_wconf 83' lang='lat' dir='ltr'><strong>coacta</strong></span> 
     </span>
     <span class='ocr_line' id='line_1_10' title="bbox 347 1632 1750 1695; baseline 0.002 -21"><span class='ocrx_word' id='word_1_58' title='bbox 347 1633 489 1676; x_wconf 86' lang='lat' dir='ltr'><strong>resisti</strong></span> <span class='ocrx_word' id='word_1_59' title='bbox 523 1650 651 1694; x_wconf 89' lang='lat' dir='ltr'><strong>posse</strong></span> <span class='ocrx_word' id='word_1_60' title='bbox 684 1636 926 1692; x_wconf 86' lang='lat' dir='ltr'><strong>Romanis,</strong></span> <span class='ocrx_word' id='word_1_61' title='bbox 958 1652 1060 1692; x_wconf 89' lang='lat' dir='ltr'><strong>nec,</strong></span> <span class='ocrx_word' id='word_1_62' title='bbox 1092 1636 1125 1679; x_wconf 92' lang='lat' dir='ltr'><strong>si</strong></span> <span class='ocrx_word' id='word_1_63' title='bbox 1155 1635 1325 1679; x_wconf 86' lang='lat' dir='ltr'><strong>diversa</strong></span> <span class='ocrx_word' id='word_1_64' title='bbox 1358 1633 1471 1678; x_wconf 88' lang='lat' dir='ltr'><strong>bella</strong></span> <span class='ocrx_word' id='word_1_65' title='bbox 1500 1632 1750 1695; x_wconf 87' lang='lat' dir='ltr'><strong>complures</strong></span> 
     </span>
     <span class='ocr_line' id='line_1_11' title="bbox 347 1712 1750 1776; baseline 0.001 -21"><span class='ocrx_word' id='word_1_66' title='bbox 347 1712 499 1757; x_wconf 88' lang='lat' dir='ltr'><strong>eodem</strong></span> <span class='ocrx_word' id='word_1_67' title='bbox 538 1724 738 1776; x_wconf 86' lang='lat' dir='ltr'><strong>tempore</strong></span> <span class='ocrx_word' id='word_1_68' title='bbox 765 1716 950 1760; x_wconf 89' lang='lat' dir='ltr'><strong>inissent</strong></span> <span class='ocrx_word' id='word_1_69' title='bbox 977 1717 1199 1772; x_wconf 87' lang='lat' dir='ltr'><strong>civitates,</strong></span> <span class='ocrx_word' id='word_1_70' title='bbox 1228 1717 1331 1760; x_wconf 85' lang='lat' dir='ltr'><strong>satis</strong></span> <span class='ocrx_word' id='word_1_71' title='bbox 1367 1713 1517 1758; x_wconf 81' lang='lat' dir='ltr'><strong>auxilii</strong></span> <span class='ocrx_word' id='word_1_72' title='bbox 1550 1725 1627 1758; x_wconf 88' lang='lat' dir='ltr'><strong>aut</strong></span> <span class='ocrx_word' id='word_1_73' title='bbox 1652 1730 1750 1776; x_wconf 83' lang='lat' dir='ltr'><strong>spa·</strong></span> 
     </span>
     <span class='ocr_line' id='line_1_12' title="bbox 348 1794 1752 1857; baseline 0.001 -20"><span class='ocrx_word' id='word_1_74' title='bbox 348 1794 397 1837; x_wconf 86' lang='lat' dir='ltr'><strong>tii</strong></span> <span class='ocrx_word' id='word_1_75' title='bbox 430 1805 505 1839; x_wconf 86' lang='lat' dir='ltr'><strong>aut</strong></span> <span class='ocrx_word' id='word_1_76' title='bbox 535 1796 765 1857; x_wconf 86' lang='lat' dir='ltr'><strong>copiarum</strong></span> <span class='ocrx_word' id='word_1_77' title='bbox 801 1796 1060 1841; x_wconf 84' lang='lat' dir='ltr'><strong>habiturum</strong></span> <span class='ocrx_word' id='word_1_78' title='bbox 1096 1798 1339 1840; x_wconf 85' lang='lat' dir='ltr'><strong>exercitum</strong></span> <span class='ocrx_word' id='word_1_79' title='bbox 1371 1795 1524 1857; x_wconf 90' lang='lat' dir='ltr'><strong>populi</strong></span> <span class='ocrx_word' id='word_1_80' title='bbox 1582 1797 1752 1839; x_wconf 78' lang='lat' dir='ltr'><strong>romani</strong></span> 
     </span>
     <span class='ocr_line' id='line_1_13' title="bbox 346 1868 1750 1938; baseline 0.001 -20"><span class='ocrx_word' id='word_1_81' title='bbox 346 1875 401 1919; x_wconf 83' lang='lat' dir='ltr'><strong>ad</strong></span> <span class='ocrx_word' id='word_1_82' title='bbox 429 1878 579 1920; x_wconf 86' lang='lat' dir='ltr'><strong>omnia</strong></span> <span class='ocrx_word' id='word_1_83' title='bbox 615 1868 951 1938; x_wconf 65' lang='lat' dir='ltr'><strong>persequenda,</strong></span> <span class='ocrx_word' id='word_1_84' title='bbox 987 1894 1077 1921; x_wconf 93' lang='lat' dir='ltr'><strong>non</strong></span> <span class='ocrx_word' id='word_1_85' title='bbox 1114 1894 1205 1921; x_wconf 88' lang='lat' dir='ltr'><strong>esse</strong></span> <span class='ocrx_word' id='word_1_86' title='bbox 1238 1887 1386 1921; x_wconf 80' lang='lat' dir='ltr'><strong>autem</strong></span> <span class='ocrx_word' id='word_1_87' title='bbox 1417 1875 1549 1920; x_wconf 86' lang='lat' dir='ltr'><strong>alicui</strong></span> <span class='ocrx_word' id='word_1_88' title='bbox 1584 1877 1750 1920; x_wconf 82' lang='lat' dir='ltr'><strong>civitati</strong></span> 
     </span>
     <span class='ocr_line' id='line_1_14' title="bbox 346 1957 1751 2018; baseline 0.001 -17"><span class='ocrx_word' id='word_1_89' title='bbox 346 1967 509 2001; x_wconf 88' lang='lat' dir='ltr'><strong>sortem</strong></span> <span class='ocrx_word' id='word_1_90' title='bbox 553 1958 825 2003; x_wconf 89' lang='lat' dir='ltr'><strong>incommodi</strong></span> <span class='ocrx_word' id='word_1_91' title='bbox 866 1959 1186 2016; x_wconf 83' lang='lat' dir='ltr'><strong>recusandam,</strong></span> <span class='ocrx_word' id='word_1_92' title='bbox 1223 1960 1256 2003; x_wconf 92' lang='lat' dir='ltr'><strong>si</strong></span> <span class='ocrx_word' id='word_1_93' title='bbox 1295 1957 1371 2002; x_wconf 82' lang='lat' dir='ltr'><strong>tali</strong></span> <span class='ocrx_word' id='word_1_94' title='bbox 1413 1975 1536 2002; x_wconf 86' lang='lat' dir='ltr'><strong>mora</strong></span> <span class='ocrx_word' id='word_1_95' title='bbox 1572 1957 1751 2018; x_wconf 82' lang='lat' dir='ltr'><strong>reliquae</strong></span> 
     </span>
     <span class='ocr_line' id='line_1_15' title="bbox 347 2039 1214 2100; baseline 0.002 -18"><span class='ocrx_word' id='word_1_96' title='bbox 347 2049 526 2100; x_wconf 87' lang='lat' dir='ltr'><strong>possent</strong></span> <span class='ocrx_word' id='word_1_97' title='bbox 553 2056 598 2083; x_wconf 91' lang='lat' dir='ltr'><strong>se</strong></span> <span class='ocrx_word' id='word_1_98' title='bbox 624 2040 852 2085; x_wconf 87' lang='lat' dir='ltr'><strong>vindicare</strong></span> <span class='ocrx_word' id='word_1_99' title='bbox 879 2041 923 2084; x_wconf 92' lang='lat' dir='ltr'><strong>in</strong></span> <span class='ocrx_word' id='word_1_100' title='bbox 951 2039 1214 2085; x_wconf 76' lang='lat' dir='ltr'><strong>libertatem.</strong></span> 
     </span>
    </p>

    <p class='ocr_par' dir='ltr' id='par_1_4' title="bbox 346 2121 1751 2670">
     <span class='ocr_line' id='line_1_16' title="bbox 410 2121 1751 2183; baseline 0.001 -19"><span class='ocrx_word' id='word_1_101' title='bbox 410 2122 465 2164; x_wconf 95' lang='grc' dir='ltr'><strong>ΙΙ.</strong></span> <span class='ocrx_word' id='word_1_102' title='bbox 502 2122 617 2180; x_wconf 81' lang='lat' dir='ltr'><strong>Quae</strong></span> <span class='ocrx_word' id='word_1_103' title='bbox 655 2138 711 2166; x_wconf 90' lang='lat' dir='ltr'><strong>ne</strong></span> <span class='ocrx_word' id='word_1_104' title='bbox 746 2122 896 2183; x_wconf 92' lang='lat' dir='ltr'><strong>opinio</strong></span> <span class='ocrx_word' id='word_1_105' title='bbox 927 2121 1165 2167; x_wconf 88' lang='lat' dir='ltr'><strong>Gallorum</strong></span> <span class='ocrx_word' id='word_1_106' title='bbox 1205 2122 1568 2178; x_wconf 74' lang='lat' dir='ltr'><strong>confirmaretur,</strong></span> <span class='ocrx_word' id='word_1_107' title='bbox 1605 2123 1751 2166; x_wconf 82' lang='lat' dir='ltr'><strong>Caesar</strong></span> 
     </span>
     <span class='ocr_line' id='line_1_17' title="bbox 346 2202 1750 2263; baseline 0 -18"><span class='ocrx_word' id='word_1_108' title='bbox 346 2203 408 2245; x_wconf 86' lang='lat' dir='ltr'><strong>M.</strong></span> <span class='ocrx_word' id='word_1_109' title='bbox 447 2203 699 2246; x_wconf 85' lang='lat' dir='ltr'><strong>Antonium</strong></span> <span class='ocrx_word' id='word_1_110' title='bbox 740 2212 1006 2263; x_wconf 83' lang='lat' dir='ltr'><strong>quaestorcm</strong></span> <span class='ocrx_word' id='word_1_111' title='bbox 1042 2203 1130 2246; x_wconf 88' lang='lat' dir='ltr'><strong>suis</strong></span> <span class='ocrx_word' id='word_1_112' title='bbox 1172 2202 1366 2263; x_wconf 70' lang='lat' dir='ltr'><strong>praefecit</strong></span> <span class='ocrx_word' id='word_1_113' title='bbox 1399 2202 1622 2257; x_wconf 73' lang='lat' dir='ltr'><strong>hibernis,</strong></span> <span class='ocrx_word' id='word_1_114' title='bbox 1659 2202 1750 2263; x_wconf 88' lang='lat' dir='ltr'><strong>ipse</strong></span> 
     </span>
     <span class='ocr_line' id='line_1_18' title="bbox 347 2282 1748 2345; baseline 0 -19"><span class='ocrx_word' id='word_1_115' title='bbox 347 2299 447 2326; x_wconf 89' lang='lat' dir='ltr'><strong>cum</strong></span> <span class='ocrx_word' id='word_1_116' title='bbox 472 2285 696 2344; x_wconf 86' lang='lat' dir='ltr'><strong>equitatus</strong></span> <span class='ocrx_word' id='word_1_117' title='bbox 720 2283 924 2345; x_wconf 65' lang='lat' dir='ltr'><strong>praesidio</strong></span> <span class='ocrx_word' id='word_1_118' title='bbox 959 2283 1101 2344; x_wconf 86' lang='lat' dir='ltr'><strong>pridie</strong></span> <span class='ocrx_word' id='word_1_119' title='bbox 1128 2282 1211 2327; x_wconf 78' lang='lat' dir='ltr'><strong>kal.</strong></span> <span class='ocrx_word' id='word_1_120' title='bbox 1242 2284 1466 2344; x_wconf 82' lang='lat' dir='ltr'><strong>januarias</strong></span> <span class='ocrx_word' id='word_1_121' title='bbox 1496 2284 1551 2326; x_wconf 87' lang='lat' dir='ltr'><strong>ab</strong></span> <span class='ocrx_word' id='word_1_122' title='bbox 1581 2282 1748 2344; x_wconf 84' lang='lat' dir='ltr'><strong>oppido</strong></span> 
     </span>
     <span class='ocr_line' id='line_1_19' title="bbox 346 2362 1747 2427; baseline -0.002 -18"><span class='ocrx_word' id='word_1_123' title='bbox 346 2365 550 2409; x_wconf 80' lang='lat' dir='ltr'><strong>Bibracte</strong></span> <span class='ocrx_word' id='word_1_124' title='bbox 575 2365 870 2427; x_wconf 85' lang='lat' dir='ltr'><strong>proficiscitur</strong></span> <span class='ocrx_word' id='word_1_125' title='bbox 894 2365 949 2409; x_wconf 89' lang='lat' dir='ltr'><strong>ad</strong></span> <span class='ocrx_word' id='word_1_126' title='bbox 971 2364 1190 2427; x_wconf 87' lang='lat' dir='ltr'><strong>legionem</strong></span> <span class='ocrx_word' id='word_1_127' title='bbox 1215 2381 1320 2421; x_wconf 83' lang='lat' dir='ltr'><strong>xm,</strong></span> <span class='ocrx_word' id='word_1_128' title='bbox 1347 2381 1479 2425; x_wconf 86' lang='lat' dir='ltr'><strong>quam</strong></span> <span class='ocrx_word' id='word_1_129' title='bbox 1507 2381 1594 2408; x_wconf 92' lang='lat' dir='ltr'><strong>non</strong></span> <span class='ocrx_word' id='word_1_130' title='bbox 1618 2362 1747 2424; x_wconf 83' lang='lat' dir='ltr'><strong>longe</strong></span> 
     </span>
     <span class='ocr_line' id='line_1_20' title="bbox 347 2442 1746 2506; baseline -0.002 -16"><span class='ocrx_word' id='word_1_131' title='bbox 347 2464 371 2490; x_wconf 87' lang='lat' dir='ltr'><strong>a</strong></span> <span class='ocrx_word' id='word_1_132' title='bbox 406 2446 568 2491; x_wconf 83' lang='lat' dir='ltr'><strong>finibus</strong></span> <span class='ocrx_word' id='word_1_133' title='bbox 603 2447 848 2491; x_wconf 86' lang='lat' dir='ltr'><strong>AEduorum</strong></span> <span class='ocrx_word' id='word_1_134' title='bbox 878 2445 1173 2491; x_wconf 83' lang='lat' dir='ltr'><strong>collocaverat</strong></span> <span class='ocrx_word' id='word_1_135' title='bbox 1199 2447 1243 2490; x_wconf 89' lang='lat' dir='ltr'><strong>in</strong></span> <span class='ocrx_word' id='word_1_136' title='bbox 1270 2442 1437 2490; x_wconf 63' lang='lat' dir='ltr'><strong>&gt;finibus</strong></span> <span class='ocrx_word' id='word_1_137' title='bbox 1470 2445 1746 2506; x_wconf 82' lang='lat' dir='ltr'><strong>Biturigum,</strong></span> 
     </span>
     <span class='ocr_line' id='line_1_21' title="bbox 348 2526 1746 2590; baseline -0.003 -18"><span class='ocrx_word' id='word_1_138' title='bbox 348 2529 474 2588; x_wconf 87' lang='lat' dir='ltr'><strong>cique</strong></span> <span class='ocrx_word' id='word_1_139' title='bbox 500 2528 704 2590; x_wconf 83' lang='lat' dir='ltr'><strong>adjungit</strong></span> <span class='ocrx_word' id='word_1_140' title='bbox 735 2527 953 2590; x_wconf 84' lang='lat' dir='ltr'><strong>legionem</strong></span> <span class='ocrx_word' id='word_1_141' title='bbox 983 2545 1050 2585; x_wconf 78' lang='lat' dir='ltr'><strong>xl,</strong></span> <span class='ocrx_word' id='word_1_142' title='bbox 1081 2545 1178 2589; x_wconf 84' lang='lat' dir='ltr'><strong>quae</strong></span> <span class='ocrx_word' id='word_1_143' title='bbox 1211 2528 1414 2589; x_wconf 81' lang='lat' dir='ltr'><strong>proxima</strong></span> <span class='ocrx_word' id='word_1_144' title='bbox 1441 2526 1595 2570; x_wconf 86' lang='lat' dir='ltr'><strong>fuerat.</strong></span> <span class='ocrx_word' id='word_1_145' title='bbox 1627 2526 1746 2569; x_wconf 72' lang='lat' dir='ltr'><strong>Binis</strong></span> 
     </span>
     <span class='ocr_line' id='line_1_22' title="bbox 348 2605 1747 2670; baseline -0.002 -18"><span class='ocrx_word' id='word_1_146' title='bbox 348 2609 605 2653; x_wconf 82' lang='lat' dir='ltr'><strong>cohortibus</strong></span> <span class='ocrx_word' id='word_1_147' title='bbox 644 2610 699 2653; x_wconf 90' lang='lat' dir='ltr'><strong>ad</strong></span> <span class='ocrx_word' id='word_1_148' title='bbox 735 2608 1050 2670; x_wconf 87' lang='lat' dir='ltr'><strong>impedimenta</strong></span> <span class='ocrx_word' id='word_1_149' title='bbox 1092 2609 1256 2652; x_wconf 85' lang='lat' dir='ltr'><strong>tuenda</strong></span> <span class='ocrx_word' id='word_1_150' title='bbox 1299 2607 1490 2662; x_wconf 83' lang='lat' dir='ltr'><strong>relictis,</strong></span> <span class='ocrx_word' id='word_1_151' title='bbox 1527 2605 1747 2667; x_wconf 81' lang='lat' dir='ltr'><strong>reliquum</strong></span> 
     </span>
    </p>
   </div>
   <div class='ocr_carea' id='block_1_4' title="bbox 349 2687 1749 2753">
    <p class='ocr_par' dir='ltr' id='par_1_5' title="bbox 349 2687 1749 2753">
     <span class='ocr_line' id='line_1_23' title="bbox 349 2687 1749 2753; baseline -0.001 -21"><span class='ocrx_word' id='word_1_152' title='bbox 349 2692 587 2734; x_wconf 78' lang='lat' dir='ltr'><strong>exercitum</strong></span> <span class='ocrx_word' id='word_1_153' title='bbox 611 2692 655 2735; x_wconf 86' lang='lat' dir='ltr'><strong>in</strong></span> <span class='ocrx_word' id='word_1_154' title='bbox 678 2691 1002 2752; x_wconf 83' lang='lat' dir='ltr'><strong>copiosissimos</strong></span> <span class='ocrx_word' id='word_1_155' title='bbox 1024 2708 1150 2753; x_wconf 81' lang='lat' dir='ltr'><strong>agros</strong></span> <span class='ocrx_word' id='word_1_156' title='bbox 1171 2691 1419 2751; x_wconf 81' lang='lat' dir='ltr'><strong>Biturigum</strong></span> <span class='ocrx_word' id='word_1_157' title='bbox 1440 2687 1629 2742; x_wconf 71' lang='lat' dir='ltr'><strong>inducit,</strong></span> <span class='ocrx_word' id='word_1_158' title='bbox 1654 2689 1749 2749; x_wconf 85' lang='lat' dir='ltr'><strong>qui,</strong></span> 
     </span>
    </p>
   </div>
   <div class='ocr_carea' id='block_1_5' title="bbox 1933 1527 1967 3356">
    <p class='ocr_par' dir='ltr' id='par_1_6' title="bbox 1933 1527 1967 3356">
     <span class='ocr_line' id='line_1_24' title="bbox 1933 1527 1967 3356; baseline 0 0"><span class='ocrx_word' id='word_1_159' title='bbox 1933 1527 1967 3356; x_wconf 95' lang='lat' dir='ltr'><strong> </strong></span> 
     </span>
    </p>
   </div>
  </div>
 </body>
</html>
