1972 3356
387 249 456 287 104
589 244 626 278 C.
655 243 785 278 JULII
815 243 1032 278 CAESARIS
1063 243 1554 280 COMMENTARIORUM

380 337 443 370 est
472 327 601 382 itum,
641 324 887 369 incredibili
922 324 1126 370 felicitate
1161 336 1320 382 auster,
1363 328 1437 387 qui
1474 344 1551 387 per
1579 327 1760 372 biduum

380 406 586 462 flaverat,
616 406 660 449 in
686 406 874 450 africum
898 423 942 450 se
967 406 1110 450 vertit.

442 489 629 531 XXVII.
663 488 745 532 Hic
770 488 961 532 suhitam
986 488 1378 532 commutationem
1406 487 1592 531 fortunae
1621 485 1764 530 videre

378 566 516 612 licuit.
546 568 636 626 Qui
669 568 801 613 modo
825 569 906 613 sibi
936 570 1197 621 timuerant,
1233 568 1312 612 hos
1341 567 1584 612 tutissimus
1611 576 1764 628 portus

378 649 616 710 recipiebat
646 668 655 693 :
688 652 763 711 qui
801 651 961 695 nostris
995 651 1180 695 navibus
1216 648 1457 711 periculum
1494 647 1762 704 intulerant,

376 729 429 773 de
456 732 712 781 suotimere
737 732 1021 794 cogebantur.
1043 733 1197 793 Itaque
1212 767 1223 788 ,
1249 741 1446 792 tempore
1466 739 1735 774 commutato
1751 764 1764 785 ,

376 819 607 871 tempestas
635 821 677 855 et
703 822 876 857 nostros
909 813 1043 869 texit,
1065 823 1109 857 et
1138 829 1268 856 naves
1300 810 1477 855 rhodias
1505 810 1679 867 afflixit,
1703 811 1764 854 ita

376 900 425 934 ut
449 890 503 934 ad
532 908 666 937 unam
687 910 840 937 omnes
866 903 1123 950 constratae,
1150 909 1333 937 numero
1356 908 1433 936 xvi
1448 926 1459 948 ,
1482 890 1762 945 eliderentur,

373 980 417 1014 ct
448 972 678 1034 naufragio
708 974 964 1029 interirent,
994 983 1037 1017 et
1067 991 1118 1017 ex
1157 990 1317 1034 magno
1350 974 1566 1034 remigum
1599 988 1763 1033 propu-

375 1063 698 1114 gnatorumque
727 1071 910 1098 numero
944 1071 1044 1115 pars
1068 1053 1123 1098 ad
1151 1052 1356 1114 scopulos
1390 1051 1514 1097 allisa
1544 1051 1762 1096 interfice-

372 1143 506 1188 retur,
532 1151 633 1195 pars
653 1135 707 1178 ab
736 1136 897 1179 nostris
921 1134 1255 1179 detraheretur:
1279 1151 1390 1194 quos
1416 1149 1566 1177 omnes
1591 1149 1764 1177 conser-

372 1225 494 1258 vatos
524 1217 670 1260 Caesar
697 1216 878 1260 domum
906 1217 1087 1260 remisit.

437 1297 647 1340 XXVIII.
679 1299 852 1342 Nostrae
868 1314 998 1342 naves
1013 1297 1132 1353 duae,
1150 1296 1318 1340 tardius
1333 1313 1463 1340 cursu
1479 1295 1700 1349 confecto,
1719 1295 1763 1338 in

373 1386 547 1421 noctem
563 1378 791 1438 conjectae,
807 1395 943 1439 quum
966 1379 1242 1440 ignorarent,
1268 1394 1398 1438 quem
1420 1375 1563 1422 locum
1585 1374 1764 1436 reliquae

371 1459 612 1519 cepissent,
642 1470 794 1504 contra
827 1462 1002 1505 Lissum
1035 1461 1076 1503 in
1104 1460 1277 1503 ancoris
1305 1460 1614 1504 constiterunt.
1650 1460 1764 1513 Has,

371 1541 546 1600 scaphis
586 1542 920 1602 minoribusque
953 1543 1138 1602 navigiis
1174 1540 1478 1602 compluribus
1511 1540 1763 1595 submissis,

371 1620 586 1665 Otacilius
601 1617 785 1666 Crassus
797 1657 808 1678 ,
824 1623 899 1682 qui
915 1623 1027 1667 Lissi
1044 1632 1228 1682 praeerat
1241 1658 1252 1677 ‚
1269 1637 1524 1683 expugnare
1543 1619 1726 1682 parabat
1753 1637 1762 1661 ε

369 1701 499 1745 simul
521 1701 574 1746 de
595 1701 820 1746 deditione
839 1718 990 1746 eorum
1013 1702 1193 1763 agebat,
1218 1712 1262 1745 et
1284 1699 1631 1746 incolumitatem
1652 1699 1765 1745 dedi-

368 1782 421 1824 tis
445 1781 747 1842 pollicebatur.
785 1785 956 1826 Harum
982 1782 1118 1826 altera
1146 1783 1267 1826 navis
1298 1781 1510 1825 ducentos
1533 1782 1688 1843 viginti
1713 1797 1764 1824 ex

369 1861 540 1924 legione
578 1864 772 1907 tironum
804 1861 1040 1907 sustulerat
1082 1881 1090 1905 :
1127 1862 1262 1906 altera
1300 1879 1351 1906 ex
1389 1871 1596 1906 veterana
1633 1861 1765 1923 paulo

367 1943 513 1988 minus
529 1943 753 1988 ducentos.
773 1945 856 1988 Hic
879 1946 1084 2006 cognosci
1105 1943 1248 2001 licuit,
1269 1953 1484 2004 quantum
1501 1953 1613 1988 esset
1628 1942 1766 1987 homi-

368 2024 497 2067 nibus
521 2024 710 2085 praesidii
736 2026 781 2068 in
809 2025 943 2069 animi
971 2025 1241 2069 fortitudine.
1267 2025 1451 2069 Tirones
1476 2025 1620 2080 enim,
1650 2023 1764 2068 mul-

367 2104 555 2149 titudine
592 2107 772 2150 navium
804 2107 1048 2167 perterriti,
1078 2117 1120 2150 et
1149 2105 1241 2150 salo
1271 2121 1520 2166 nauseaque
1550 2103 1762 2160 confecti,

361 2185 653 2246 jurejurando
676 2196 882 2248 accepto,
908 2186 1014 2230 nihil
1041 2188 1092 2231 iis
1123 2188 1349 2231 nocituros
1373 2187 1545 2241 hostes,
1579 2202 1624 2230 se
1655 2186 1763 2230 Ota-

365 2264 466 2310 cilio
502 2266 767 2312 dediderunt
791 2285 800 2311 :
832 2269 906 2328 qui
935 2285 1110 2323 omnes,
1143 2267 1196 2311 ad
1225 2284 1326 2311 eum
1357 2265 1584 2328 producti,
1609 2275 1764 2311 contra

366 2345 623 2408 religionem
648 2348 966 2409 jurisjurandi,
999 2350 1041 2392 in
1071 2350 1163 2409 ejus
1194 2357 1433 2408 conspectu
1462 2345 1762 2392 crudelissime

366 2427 708 2474 interficiuntur.
735 2433 792 2474 At
820 2439 1037 2473 veteranae
1066 2429 1251 2491 legionis
1279 2427 1462 2484 milites,
1488 2429 1591 2472 item
1615 2425 1763 2471 confli-

365 2509 469 2551 ctati
499 2519 541 2552 et
572 2511 847 2571 tempestatis
873 2520 916 2554 et
946 2513 1128 2555 sentinae
1159 2511 1293 2565 vitiis,
1326 2525 1469 2570 neque
1497 2525 1549 2552 ex
1579 2508 1761 2568 pristina

366 2589 526 2632 virtute
552 2591 864 2635 remittendum
890 2589 1055 2651 aliquid
1082 2600 1378 2652 putaverunt3
1401 2588 1495 2644 sed,
1524 2586 1760 2631 tractandis

365 2669 694 2716 conditionibus
724 2682 765 2716 et
792 2670 1073 2715 simulatione
1102 2670 1365 2725 deditionis,
1391 2677 1587 2712 exn-acio
1615 2669 1759 2728 primo
