1972 3356
384 238 458 274 268
631 235 817 270 C.JULII
848 233 1064 268 CAESARIS
1095 232 1357 267 COMMENT.
1388 234 1535 268 LIBER

383 324 588 383 ejecerat,
618 328 658 361 et
687 326 788 360 ante
819 325 991 377 portam
1024 314 1229 358 Bellicam
1259 316 1411 359 castris
1439 315 1642 375 fossaque
1668 332 1767 376 par-

384 400 484 445 vula
525 399 739 442 duntaxat
769 397 1010 454 munierat,
1047 396 1196 456 ibique
1222 395 1430 439 custodiis
1462 395 1770 451 circumdatis,

382 482 580 525 habitare
603 489 809 541 coegerat
833 496 842 522 ε
868 487 1070 522 senatum
1090 486 1233 520 autem
1258 476 1410 537 oppidi
1435 475 1634 520 custodia
1654 486 1771 520 tene—

382 563 470 607 bat.
491 563 654 606 Eorum
672 570 814 605 castra
837 560 865 603 ii
887 559 1052 620 equites
1075 557 1218 602 adorti
1246 573 1499 619 expugnare
1518 567 1768 618 coeperunt,

384 642 480 687 ideo
506 642 625 703 quod
652 658 726 686 eos
750 640 950 702 partibus
975 641 1159 683 Caesaris
1187 638 1342 682 favisse
1367 638 1588 694 sciebant,
1616 648 1685 695 ut,
1710 639 1771 685 eis

384 723 625 768 interfectis
641 758 652 779 ,
675 739 828 767 eorum
853 722 1047 783 pernicie
1070 719 1266 764 dolorem
1290 737 1417 764 suum
1440 718 1771 766 ulciscerentur.

382 807 636 860 Uticenses,
664 805 813 849 animo
841 802 993 847 addito
1030 820 1082 846 ex
1114 803 1296 848 Caesaris
1324 801 1528 860 victoria,
1554 802 1773 864 lapidibus

383 887 660 947 fustibusque
686 886 856 946 equites
886 883 1159 945 repulerunt.
1189 885 1347 946 Itaque
1380 894 1663 946 posteaquam
1699 901 1769 928 ca-

383 977 470 1011 stra
501 984 590 1011 non
616 976 852 1028 potuerant
877 966 1222 1028 potiri‚Uticam
1248 983 1292 1010 se
1320 967 1363 1010 in
1391 966 1606 1027 oppidum
1632 966 1774 1027 conje-

383 1058 566 1102 cerunt,
604 1057 737 1110 atque
772 1046 831 1092 ibi
868 1046 1030 1091 multos
1072 1048 1302 1090 Uticenses
1341 1047 1678 1103 interfecerunt,
1702 1047 1775 1091 do-

384 1146 566 1192 mosque
597 1147 753 1174 eorum
787 1137 1153 1190 expugnaverunt
1186 1144 1235 1172 ac
1268 1127 1560 1188 diripuerunt.
1596 1128 1775 1185 Quibus

384 1229 522 1273 quum
555 1213 665 1257 Cato
701 1209 963 1273 persuadere
997 1208 1115 1252 nulla
1153 1210 1324 1252 ratione
1360 1209 1526 1269 quiret,
1556 1218 1603 1252 nt
1632 1225 1776 1253 secum

384 1292 598 1354 oppidum
635 1291 944 1346 defenderent,
972 1300 1013 1334 et
1046 1290 1163 1334 ccede
1201 1291 1455 1351 rapinisque
1491 1289 1779 1344 desisterent,

385 1383 448 1431 et,
475 1373 582 1435 quid
607 1374 687 1417 sibi
716 1372 905 1427 vellent,
934 1372 1086 1427 scirct,
1114 1370 1315 1415 sedandae
1343 1387 1496 1414 eorum
1525 1370 1781 1432 importuni-

386 1456 486 1499 tatis
513 1455 653 1516 gratia
681 1452 864 1515 singulis
890 1454 961 1496 HS
988 1468 1013 1497 c
1037 1452 1196 1495 divisit.
1225 1450 1345 1495 Idem
1373 1450 1489 1512 Sylla
1514 1454 1701 1495 Faustus
1725 1450 1781 1494 fe·

386 1537 443 1579 cit
464 1570 475 1590 ,
501 1551 550 1579 ac
572 1535 625 1579 de
652 1551 729 1578 sua
760 1535 947 1596 pecunia
979 1532 1162 1594 largitus
1189 1543 1251 1576 est
1279 1550 1287 1574 :
1321 1549 1495 1592 unaque
1522 1549 1621 1576 cum
1653 1533 1704 1576 iis
1728 1531 1781 1575 ab

385 1617 515 1661 Utica
545 1615 860 1676 proficiscitur,
887 1624 1020 1674 atque
1048 1615 1090 1656 in
1118 1630 1300 1673 regnum
1329 1613 1389 1656 ire
1416 1613 1656 1656 contendit.

451 1696 745 1739 LXXXVIII.
778 1693 1039 1754 Complures
1071 1694 1244 1737 interim
1278 1710 1327 1736 cx
1358 1692 1461 1754 fuga
1488 1694 1661 1738 Uticam
1691 1710 1782 1754 per-

388 1776 585 1819 veniunt.
623 1776 748 1831 Quos
783 1790 934 1817 omnes
968 1776 1080 1817 Cato
1110 1783 1402 1829 convocatos,
1433 1791 1518 1817 una
1546 1791 1646 1818 cuin
1672 1790 1781 1831 ccc,

389 1857 463 1916 qui
483 1856 717 1917 pecuniam
736 1855 933 1916 Scipioni
954 1853 1007 1897 ad
1031 1852 1193 1896 bellum
1215 1854 1462 1898 faciendum
1479 1854 1782 1911 contulerant,

390 1938 619 1991 hortatur,
636 1946 685 1979 ut
704 1936 879 1979 servitia
901 1936 1289 1991 inanuinitterent,
1312 1935 1614 1997 oppidumque
1643 1936 1784 1981 defen-

391 2017 557 2061 derent.
598 2017 805 2073 Quorum
838 2033 975 2076 quum
1011 2026 1177 2076 partein
1219 2017 1452 2071 assentire,
1487 2027 1657 2077 partem
1695 2020 1785 2062 ani·

391 2115 509 2141 inum
541 2108 822 2157 mentemque
851 2098 1129 2158 perterritam
1163 2107 1294 2157 atque
1329 2099 1371 2140 in
1410 2097 1557 2159 fugam
1593 2098 1783 2143 destina-

392 2190 481 2223 tam
502 2179 664 2223 habere
683 2177 989 2231 intellexisset,
1017 2177 1204 2239 amplius
1228 2177 1282 2222 de
1305 2195 1355 2222 ea
1381 2195 1426 2222 re
1443 2195 1571 2240 agere
1595 2179 1782 2236 destitit,

393 2277 612 2320 navesque
638 2261 688 2304 iis
708 2260 911 2304 attribuit
929 2294 939 2314 ,
957 2269 1003 2302 ut
1023 2294 1034 2313 ,
1062 2261 1103 2302 in
1127 2276 1234 2319 quas
1254 2261 1439 2320 quisque
1459 2270 1603 2320 partes
1628 2259 1784 2316 vellet,

391 2341 757 2402 proficisceretur.
780 2343 909 2402 Ipse,
933 2340 1138 2384 omnibus
1170 2341 1299 2384 rebus
1327 2339 1661 2402 diligentissime
1685 2358 1783 2386 con-

397 2423 584 2478 stitutis,
609 2421 758 2465 liberis
781 2422 869 2466 suis
892 2424 941 2466 L.
965 2422 1152 2478 Caesari,
1175 2423 1251 2482 qui
1277 2432 1369 2466 tum
1395 2422 1433 2466 ei
1460 2438 1541 2483 pro
1568 2432 1783 2482 quaestore

395 2503 561 2557 fuerat,
597 2503 936 2560 commendatis,
975 2513 1015 2547 et
1045 2504 1137 2547 sine
1178 2504 1452 2565 suspicione,
1487 2502 1612 2548 vultu
1652 2513 1784 2564 atque

397 2600 620 2641 sermone,
638 2601 727 2645 quo
745 2586 971 2645 superiore
995 2593 1193 2645 tempore
1214 2602 1317 2629 usus
1338 2584 1500 2640 fuerat,
1524 2600 1660 2645 quum
1690 2582 1785 2627 dor·

398 2665 551 2708 initum
578 2667 705 2722 isset,
738 2666 900 2710 ferrum
932 2668 1047 2709 intro
1074 2664 1184 2709 claui
1217 2667 1259 2709 in
1290 2665 1541 2710 cubiculum
1569 2663 1695 2718 tulit,
1725 2673 1785 2707 at-
