1972 3356
550 243 617 278 DE
645 244 809 279 BELLO
842 243 1064 279 GALLICO
1096 243 1188 278 LIB.
1214 243 1297 277 vn.
1556 242 1630 277 203

214 327 311 372 duae
349 345 394 372 se
436 329 552 373 acies
595 328 649 372 ab
691 328 865 372 duobus
902 326 1116 372 lateribus
1162 327 1436 384 ostendunt,
1479 344 1568 371 una
1609 344 1633 371 a

216 409 363 470 primo
399 411 576 472 agmine
613 411 697 454 iter
736 408 952 471 impedire
988 410 1135 470 coepit.
1174 411 1278 468 Qua
1314 426 1361 454 re
1401 402 1632 461 nuntiala,

215 491 363 535 Caesar
391 508 521 536 suum
549 508 727 553 quoque
759 492 1030 552 equitatum,
1064 491 1292 552 tripartito
1321 491 1536 548 divisum,
1570 491 1634 535 ire

214 582 373 617 contra
412 573 585 617 hostem
615 573 755 634 jubet.
799 573 1034 633 Pugnatur
1069 589 1159 616 una
1199 582 1306 616 tunc
1342 574 1551 617 omnibus
1589 574 1632 616 in

215 655 431 715 partibus.
466 655 682 699 Consistit
715 670 902 715 agmen3
933 653 1254 715 impedimenta
1288 655 1404 698 inter
1437 653 1635 716 legiones

216 737 509 797 recipiuntur.
541 735 586 780 Si
612 752 699 796 qua
726 736 771 779 in
801 745 929 797 parte
958 736 1101 780 nostri
1126 734 1328 780 laborare
1355 746 1431 781 aut
1459 737 1635 798 gravius

217 818 361 879 premi
389 817 675 873 videbantur,
703 834 755 862 eo
779 818 906 880 signa
926 817 1080 862 inferri
1101 820 1250 863 Caesar
1277 818 1505 879 aciemque
1533 835 1637 862 con-

214 898 329 942 verti
365 899 550 960 jubebat
592 916 600 942 :
630 916 727 960 quae
753 916 822 944 res
851 909 894 943 et
926 899 1075 943 hostes
1106 899 1162 943 ad
1192 899 1520 961 insequendum
1546 909 1638 943 tar-

216 979 369 1037 dabat,
398 990 441 1025 et
464 991 640 1027 nostros
674 998 750 1043 spe
783 980 935 1026 auxilii
960 981 1269 1026 confirmabat.
1296 981 1496 1026 Tandem
1523 983 1637 1026 Ger-

216 1062 336 1106 mani
369 1062 422 1106 ab
459 1061 616 1106 dextro
654 1062 815 1120 latere,
852 1080 1077 1108 summum
1113 1064 1273 1126 jugum
1309 1064 1449 1119 nacti,
1487 1062 1638 1107 hostes

219 1143 316 1188 loco
353 1143 604 1205 depellunt,
634 1144 855 1207 fugientes
879 1163 1019 1207 usque
1044 1146 1100 1190 ad
1128 1145 1316 1203 flumen,
1349 1146 1424 1189 ubi
1450 1146 1639 1190 Vercin-

218 1226 391 1287 getorix
423 1243 525 1270 cum
556 1226 837 1287 pedestribus
865 1229 1004 1289 copiis
1038 1227 1328 1284 consederat,
1364 1244 1641 1289 persequun-

219 1318 311 1363 tur,
333 1306 675 1369 compluresque
702 1309 992 1354 interficiunt.
1015 1310 1117 1368 Qua
1138 1328 1184 1354 re
1213 1308 1521 1353 animadversa
1538 1344 1549 1365 ,
1574 1324 1641 1352 rc-

218 1387 352 1450 liqui,
391 1406 445 1433 ne
492 1390 929 1434 circumvenirentur
973 1391 1130 1448 veriti,
1173 1408 1218 1434 sc
1256 1391 1370 1452 fugae
1407 1390 1637 1434 mandant.

219 1471 439 1515 Omnibus
469 1469 576 1515 locis
604 1471 656 1516 fit
679 1470 830 1516 caedes.
855 1474 964 1516 Tres
991 1471 1254 1516 nobilissimi
1280 1471 1412 1517 AEdui
1437 1472 1554 1532 capti
1584 1471 1640 1514 ad

218 1553 438 1596 Caesarem
466 1552 776 1613 perducuntur
811 1571 819 1597 ε
853 1555 1016 1611 Cotus,
1042 1553 1274 1615 praefectus
1305 1555 1535 1615 equitum,
1563 1554 1638 1614 qui

218 1635 572 1679 controversiam
595 1652 697 1679 cuni
721 1635 1083 1681 Convictolitane
1109 1637 1324 1698 proximis
1348 1636 1540 1680 comitiis
1560 1636 1641 1679 ha-

219 1716 404 1772 buerat3
446 1727 488 1761 et
534 1716 807 1776 Cavarillus,
853 1719 929 1780 qui
970 1728 1071 1780 post
1111 1718 1408 1763 defectionem
1450 1718 1642 1763 Litavici

220 1799 499 1860 pedestribus
539 1801 679 1862 copiis
714 1801 973 1862 praefuerat3
1004 1811 1046 1846 et
1075 1801 1374 1862 Eporedorix,
1405 1819 1494 1863 quo
1530 1801 1643 1846 ducc

219 1891 323 1925 ante
356 1881 601 1926 adventum
632 1883 819 1927 Caesaris
851 1882 983 1927 AEdui
1020 1900 1122 1927 cum
1152 1884 1369 1944 Sequanis
1395 1882 1513 1928 bello
1537 1901 1644 1928 con-

223 1962 473 2007 tenderant.

288 2047 497 2090 LXVIII.
523 2046 696 2107 Fugato
721 2048 844 2090 omni
868 2048 1091 2108 equitatu,
1121 2048 1467 2110 Vercingetorix
1492 2048 1643 2109 copias

223 2143 346 2181 suas,
375 2136 424 2170 ut
454 2143 536 2188 pro
569 2129 724 2172 castris
761 2127 1081 2187 collocaverat,
1113 2129 1314 2185 reduxit3
1349 2130 1644 2191 protinusque

224 2207 440 2264 Alesiam,
470 2209 591 2270 quod
620 2220 685 2254 est
721 2210 937 2272 oppidum
978 2211 1353 2268 Mandubiorum,
1385 2212 1468 2256 iter
1499 2211 1644 2256 facere

223 2291 377 2352 coepit,
413 2290 706 2354 celeriterque
740 2292 1063 2355 impedimenta
1091 2311 1145 2338 ex
1179 2295 1333 2339 castris
1358 2293 1510 2351 educi,
1535 2303 1577 2338 et
1600 2311 1644 2338 se

224 2373 435 2433 subsequi
459 2374 605 2434 jussit.
637 2377 806 2432 Caesar,
837 2375 1168 2437 impedimentis
1199 2377 1243 2420 in
1268 2377 1524 2438 proximum
1551 2375 1644 2421 col-

225 2452 312 2498 lem
352 2454 576 2509 deductis,
616 2455 877 2518 duabusque
915 2455 1166 2520 legionibus
1204 2458 1408 2519 praesidio
1450 2458 1643 2515 relictis,

225 2547 425 2594 secutus,
452 2547 671 2599 quantum
692 2538 779 2583 diei
800 2549 974 2601 tempus
995 2550 1060 2585 est
1080 2536 1283 2602 passum,
1304 2542 1482 2585 circiter
1504 2541 1643 2584 tribus

226 2618 422 2664 millibus
448 2620 644 2664 hostium
669 2638 720 2665 cx
743 2622 986 2667 novissimo
1010 2624 1188 2685 agmine
1215 2622 1478 2679 interfectis,
1503 2621 1644 2668 altero

229 2699 298 2744 die
334 2701 390 2745 ad
422 2700 615 2746 Alesiam
657 2713 800 2748 castra
829 2703 946 2748 fecit.
979 2707 1218 2767 Perspecto
1252 2705 1375 2749 urbis
1404 2705 1512 2762 situ,
1552 2723 1644 2766 per-
