1972 3356
8 2347 15 2375 :u
0 2291 15 2332 «μ’
4 2246 9 2280 ——a
2 2118 12 2233 n<-?⁶-‘

510 235 577 271 DE
608 235 768 272 BELLO
801 236 1017 273 GALLICO
1045 238 1138 274 LIB.
1164 239 1249 274 VII.
1511 236 1582 286 195

178 335 311 379 quam
339 320 383 363 in
412 320 662 379 fortunam,
694 339 916 384 quamque
947 324 991 366 in
1018 322 1358 385 amplitudinem
1380 323 1586 368 deduxis-

177 410 260 457 set,
282 411 331 445 ut
351 419 439 446 non
461 402 605 447 solum
628 405 673 447 in
688 393 932 465 'pristinum
951 414 1115 450 statum
1135 405 1376 462 redissent,
1399 405 1475 450 sed
1493 422 1586 450 om-

177 483 303 526 nium
335 493 589 545 temporum
623 484 885 546 dignitatem
916 495 959 530 et
989 487 1178 548 gratiam
1210 487 1494 532 antecessisse
1521 486 1586 530 vi-

178 563 403 608 derentur,
426 585 446 606 >)
467 566 546 610 His
567 565 678 609 datis
703 565 943 621 mandatis,
966 584 1039 611 eos
1062 567 1115 611 ab
1140 585 1184 611 se
1209 567 1391 612 dimisit.

243 648 334 690 LV.
350 645 673 691 Noviodunum
689 657 783 691 erat
792 646 1008 708 oppidum
1026 648 1273 692 AEduorum
1286 684 1296 704 ,
1315 648 1371 692 ad
1386 650 1504 710 ripas
1518 650 1590 694 Li-

177 727 292 789 geris
315 737 572 788 opportuno
597 726 694 772 loco
719 728 928 789 positum.
949 731 1048 773 Huc
1071 729 1219 773 Caesar
1240 746 1393 773 omnes
1415 730 1589 773 obsides

177 807 356 863 Galliae,
384 808 682 865 frumentum,
709 810 943 871 pecuniam
972 809 1219 871 publicam,
1247 828 1431 855 suorum
1457 821 1591 872 atque

176 891 394 934 exercitus
420 890 845 952 impedimentorum
871 908 1078 954 magnam
1106 902 1281 953 partem
1310 891 1590 949 contulerat3

177 972 263 1016 huc
295 989 509 1035 magnum
542 990 781 1018 numerum
810 991 1051 1035 equorum,
1079 975 1213 1036 hujus
1249 973 1355 1019 belli
1383 992 1514 1019 causa
1547 976 1592 1019 in

176 1054 304 1099 Italia
323 1065 457 1116 atque
481 1056 697 1117 Hispania
719 1066 998 1118 coemptum,
1014 1058 1206 1101 miserat.
1229 1060 1295 1102 Eo
1316 1074 1454 1118 quum
1476 1060 1592 1119 Epo-

178 1136 357 1180 redorix
386 1137 790 1199 Viridomarusque
828 1139 1074 1195 venissent,
1105 1149 1149 1182 et
1179 1138 1232 1182 de
1260 1149 1377 1183 statu
1401 1139 1594 1184 civitatis

177 1220 509 1280 cognovissent,
544 1219 797 1263 Litavicum
828 1219 1034 1264 Bibracte
1068 1220 1122 1264 ab
1153 1220 1306 1265 AEduis
1340 1230 1594 1282 receptum,

179 1300 299 1361 quod
325 1311 391 1345 est
419 1300 635 1362 oppidum
659 1300 780 1362 apud
805 1318 879 1345 eos
908 1302 1112 1346 maximae
1142 1303 1446 1355 auctoritatis,
1475 1305 1594 1348 Con-

181 1381 483 1427 victolitanem
500 1384 812 1444 magistratum
832 1399 1133 1444 magnamque
1149 1393 1322 1445 partem
1342 1395 1520 1429 senatus
1539 1384 1594 1428 ad

178 1482 280 1508 eum
309 1465 591 1520 convenisse,
619 1463 788 1526 legatos
815 1465 870 1509 ad
896 1466 1312 1527 Vercingetorigem
1341 1466 1395 1509 de
1421 1483 1530 1527 pace
1552 1477 1594 1511 et

177 1547 371 1591 amicitia
399 1545 677 1591 concilianda
708 1545 885 1607 publice
914 1548 1096 1601 miss0s;
1127 1563 1217 1591 non
1250 1549 1595 1608 praeterinitten-

178 1628 284 1673 dum
321 1638 497 1673 tantum
526 1628 816 1673 commodum
845 1629 1225 1674 existimaverunt.
1256 1631 1433 1691 Itaque,
1463 1631 1598 1675 inter-

175 1710 302 1755 fectis
336 1710 595 1757 Novioduni
627 1711 908 1767 custodibus,
943 1711 1109 1772 quique
1140 1727 1192 1756 eo
1225 1712 1484 1774 negotiandi
1520 1725 1596 1759 aut

176 1794 348 1838 itineris
375 1810 507 1838 causa
533 1804 860 1850 convenerant,
888 1794 1124 1855 pecuniam
1151 1804 1286 1855 atque
1311 1811 1449 1857 equos
1477 1796 1596 1841 inter

176 1892 221 1919 se
252 1876 405 1938 partiti
433 1885 557 1931 sunt,
582 1875 757 1921 obsides
782 1876 1013 1919 civitatum
1041 1876 1248 1920 Bibracte
1276 1876 1331 1921 ad
1359 1879 1594 1940 magistra-

176 1966 272 2001 tum
304 1956 587 2001 deducendos
617 1967 909 2012 curaverunt3
940 1956 1176 2018 oppidum,
1211 1958 1331 2018 quod
1360 1959 1415 2003 ab
1455 1977 1500 2004 se
1533 1970 1595 2005 te-

178 2040 273 2082 neri
304 2056 394 2082 non
419 2056 547 2100 posse
579 2038 863 2100 judicabant,
893 2055 948 2082 ne
979 2039 1051 2082 cui
1075 2048 1189 2083 esset
1217 2040 1315 2084 usui
1352 2042 1592 2099 Romanis,

178 2121 494 2177 incenderunt3
530 2120 743 2165 frumenti
780 2120 901 2182 quod
941 2121 1090 2166 subito
1123 2132 1369 2183 potuerunt
1404 2123 1592 2169 navibus

178 2213 442 2258 avexerunt,
484 2201 705 2265 reliquum
747 2202 931 2248 flumine
964 2213 1097 2265 atque
1137 2203 1342 2249 incendio
1376 2222 1591 2268 corrupe-

178 2295 305 2334 runt:
335 2285 415 2347 ipsi
447 2302 499 2329 ex
529 2285 730 2329 finitimis
761 2285 1019 2348 regionibus
1049 2286 1200 2347 copias
1230 2303 1410 2349 cogere,
1439 2289 1591 2349 praesi—

178 2368 249 2412 dia
272 2367 586 2429 custodiasque
616 2366 670 2411 ad
694 2368 812 2429 ripas
839 2368 1011 2430 Ligeris
1035 2367 1290 2430 disponere,
1317 2371 1591 2431 equitatum-

178 2467 264 2511 que
301 2449 509 2494 omnibus
548 2448 675 2507 locis,
709 2449 937 2511 injiciendi
974 2451 1146 2495 timoris
1182 2468 1331 2510 causa,
1368 2461 1592 2498 ostentare

179 2542 432 2593 coeperunt,
461 2532 495 2576 si
522 2531 576 2576 ab
608 2549 653 2576 re
681 2531 971 2577 frumentaria
996 2536 1223 2578 Romanos
1251 2533 1487 2579 excludere
1513 2546 1591 2580 aut

179 2613 392 2658 adductos
422 2615 572 2675 inopia
603 2631 656 2658 ex
688 2615 918 2676 provincia
955 2615 1178 2677 expellere
1215 2625 1408 2677 possent.
1437 2617 1589 2674 Quam

179 2695 234 2740 ad
262 2713 384 2758 spem
413 2695 602 2741 multum
632 2713 706 2740 eos
737 2696 994 2758 adjuvabat,
1025 2697 1144 2758 quod
1170 2697 1303 2759 Liger
1331 2714 1385 2742 ex
1413 2698 1590 2743 nivibus

1324 2778 1390 2824 13.
