<?xml version="1.0" encoding="UTF-8"?>
<!DOCTYPE html PUBLIC "-//W3C//DTD XHTML 1.0 Transitional//EN"
    "http://www.w3.org/TR/xhtml1/DTD/xhtml1-transitional.dtd">
<html xmlns="http://www.w3.org/1999/xhtml" xml:lang="en" lang="en">
 <head>
  <title>
</title>
<meta http-equiv="Content-Type" content="text/html;charset=utf-8" />
  <meta name='ocr-system' content='tesseract 3.04.00' />
  <meta name='ocr-capabilities' content='ocr_page ocr_carea ocr_par ocr_line ocrx_word'/>
</head>
<body>
  <div class='ocr_page' id='page_1' title='image "./operajoh0102caesuoft_0591.png"; bbox 0 0 1972 3356; ppageno 0'>
   <div class='ocr_carea' id='block_1_1' title="bbox 567 216 1562 255">
    <p class='ocr_par' dir='ltr' id='par_1_1' title="bbox 567 216 1562 255">
     <span class='ocr_line' id='line_1_1' title="bbox 567 216 1562 255; baseline -0.002 -2"><span class='ocrx_word' id='word_1_1' title='bbox 567 219 631 254; x_wconf 91' lang='lat' dir='ltr'>DE</span> <span class='ocrx_word' id='word_1_2' title='bbox 664 219 823 254; x_wconf 89' lang='lat' dir='ltr'>BELLO</span> <span class='ocrx_word' id='word_1_3' title='bbox 852 218 1180 255; x_wconf 80' lang='lat' dir='ltr'><strong>HISPANIENSI.</strong></span> <span class='ocrx_word' id='word_1_4' title='bbox 1491 216 1562 251; x_wconf 70' lang='lat'>283</span> 
     </span>
    </p>
   </div>
   <div class='ocr_carea' id='block_1_2' title="bbox 175 301 1579 2719">
    <p class='ocr_par' dir='ltr' id='par_1_2' title="bbox 177 301 1571 912">
     <span class='ocr_line' id='line_1_2' title="bbox 178 301 1565 363; baseline -0.001 -18"><span class='ocrx_word' id='word_1_5' title='bbox 178 302 405 347; x_wconf 74' lang='lat' dir='ltr'><strong>interfecti.</strong></span> <span class='ocrx_word' id='word_1_6' title='bbox 448 302 700 363; x_wconf 86' lang='lat' dir='ltr'>Eodemque</span> <span class='ocrx_word' id='word_1_7' title='bbox 746 312 943 363; x_wconf 88' lang='lat' dir='ltr'>tempore</span> <span class='ocrx_word' id='word_1_8' title='bbox 981 301 1209 363; x_wconf 83' lang='lat' dir='ltr'>transfuga</span> <span class='ocrx_word' id='word_1_9' title='bbox 1251 301 1472 345; x_wconf 81' lang='lat' dir='ltr'>nuntiavit</span> <span class='ocrx_word' id='word_1_10' title='bbox 1513 318 1565 345; x_wconf 79' lang='lat' dir='ltr'>ex</span> 
     </span>
     <span class='ocr_line' id='line_1_3' title="bbox 178 381 1562 446; baseline -0.001 -18"><span class='ocrx_word' id='word_1_11' title='bbox 178 384 362 446; x_wconf 88' lang='lat' dir='ltr'>oppido,</span> <span class='ocrx_word' id='word_1_12' title='bbox 402 385 613 441; x_wconf 83' lang='lat' dir='ltr'>Junium,</span> <span class='ocrx_word' id='word_1_13' title='bbox 639 385 714 444; x_wconf 92' lang='lat' dir='ltr'>qui</span> <span class='ocrx_word' id='word_1_14' title='bbox 752 384 796 427; x_wconf 90' lang='lat' dir='ltr'>in</span> <span class='ocrx_word' id='word_1_15' title='bbox 829 383 1033 428; x_wconf 88' lang='lat' dir='ltr'>cuniculo</span> <span class='ocrx_word' id='word_1_16' title='bbox 1074 383 1249 439; x_wconf 85' lang='lat' dir='ltr'>fuisset,</span> <span class='ocrx_word' id='word_1_17' title='bbox 1284 381 1562 444; x_wconf 82' lang='lat' dir='ltr'>jugulatione</span> 
     </span>
     <span class='ocr_line' id='line_1_4' title="bbox 177 463 1566 527; baseline -0.002 -17"><span class='ocrx_word' id='word_1_18' title='bbox 177 466 500 527; x_wconf 85' lang='lat' dir='ltr'>oppidanorum</span> <span class='ocrx_word' id='word_1_19' title='bbox 531 465 662 520; x_wconf 87' lang='lat' dir='ltr'>facta,</span> <span class='ocrx_word' id='word_1_20' title='bbox 692 464 926 521; x_wconf 86' lang='lat' dir='ltr'>clamasse,</span> <span class='ocrx_word' id='word_1_21' title='bbox 948 484 968 505; x_wconf 87' lang='lat'>«</span> <span class='ocrx_word' id='word_1_22' title='bbox 987 464 1155 507; x_wconf 89' lang='lat' dir='ltr'>facinus</span> <span class='ocrx_word' id='word_1_23' title='bbox 1179 481 1224 507; x_wconf 88' lang='lat' dir='ltr'>se</span> <span class='ocrx_word' id='word_1_24' title='bbox 1253 463 1491 508; x_wconf 88' lang='lat' dir='ltr'>nefandum</span> <span class='ocrx_word' id='word_1_25' title='bbox 1523 473 1566 508; x_wconf 92' lang='lat' dir='ltr'>et</span> 
     </span>
     <span class='ocr_line' id='line_1_5' title="bbox 178 543 1565 605; baseline 0 -15"><span class='ocrx_word' id='word_1_26' title='bbox 178 545 317 590; x_wconf 89' lang='lat' dir='ltr'>scelus</span> <span class='ocrx_word' id='word_1_27' title='bbox 342 546 492 590; x_wconf 86' lang='lat' dir='ltr'>fecisse</span> <span class='ocrx_word' id='word_1_28' title='bbox 518 563 527 590; x_wconf 72' lang='grc' dir='ltr'>ε</span> <span class='ocrx_word' id='word_1_29' title='bbox 556 562 658 589; x_wconf 84' lang='lat' dir='ltr'>nam</span> <span class='ocrx_word' id='word_1_30' title='bbox 686 562 758 589; x_wconf 91' lang='lat' dir='ltr'>eos</span> <span class='ocrx_word' id='word_1_31' title='bbox 786 543 895 587; x_wconf 87' lang='lat' dir='ltr'>nihil</span> <span class='ocrx_word' id='word_1_32' title='bbox 925 545 1160 600; x_wconf 86' lang='lat' dir='ltr'>meruisse,</span> <span class='ocrx_word' id='word_1_33' title='bbox 1188 561 1323 604; x_wconf 83' lang='lat' dir='ltr'>quare</span> <span class='ocrx_word' id='word_1_34' title='bbox 1346 544 1419 588; x_wconf 76' lang='lat' dir='ltr'>tali</span> <span class='ocrx_word' id='word_1_35' title='bbox 1438 562 1565 605; x_wconf 82' lang='lat' dir='ltr'>poena</span> 
     </span>
     <span class='ocr_line' id='line_1_6' title="bbox 177 624 1566 687; baseline -0.001 -15"><span class='ocrx_word' id='word_1_36' title='bbox 177 627 474 683; x_wconf 84' lang='lat' dir='ltr'>afficerentur,</span> <span class='ocrx_word' id='word_1_37' title='bbox 496 627 571 687; x_wconf 88' lang='lat' dir='ltr'>qui</span> <span class='ocrx_word' id='word_1_38' title='bbox 599 643 671 669; x_wconf 86' lang='lat' dir='ltr'>eos</span> <span class='ocrx_word' id='word_1_39' title='bbox 700 624 754 668; x_wconf 87' lang='lat' dir='ltr'>ad</span> <span class='ocrx_word' id='word_1_40' title='bbox 779 640 875 668; x_wconf 82' lang='lat' dir='ltr'>aras</span> <span class='ocrx_word' id='word_1_41' title='bbox 913 634 955 667; x_wconf 91' lang='lat' dir='ltr'>et</span> <span class='ocrx_word' id='word_1_42' title='bbox 989 624 1108 668; x_wconf 88' lang='lat' dir='ltr'>focos</span> <span class='ocrx_word' id='word_1_43' title='bbox 1137 641 1237 668; x_wconf 90' lang='lat' dir='ltr'>suos</span> <span class='ocrx_word' id='word_1_44' title='bbox 1270 627 1566 686; x_wconf 80' lang='lat' dir='ltr'>recepissent3</span> 
     </span>
     <span class='ocr_line' id='line_1_7' title="bbox 178 704 1571 768; baseline -0.001 -16"><span class='ocrx_word' id='word_1_45' title='bbox 178 724 340 768; x_wconf 92' lang='lat' dir='ltr'>eosque</span> <span class='ocrx_word' id='word_1_46' title='bbox 366 708 606 768; x_wconf 86' lang='lat' dir='ltr'>hospitium</span> <span class='ocrx_word' id='word_1_47' title='bbox 642 704 803 749; x_wconf 76' lang='lat' dir='ltr'>scelere</span> <span class='ocrx_word' id='word_1_48' title='bbox 840 705 1193 749; x_wconf 82' lang='lat' dir='ltr'>contaminasse:</span> <span class='ocrx_word' id='word_1_49' title='bbox 1227 725 1246 745; x_wconf 77' lang='lat' dir='ltr'>n</span> <span class='ocrx_word' id='word_1_50' title='bbox 1282 704 1424 750; x_wconf 86' lang='lat' dir='ltr'>multa</span> <span class='ocrx_word' id='word_1_51' title='bbox 1466 724 1571 767; x_wconf 86' lang='lat' dir='ltr'>prae-</span> 
     </span>
     <span class='ocr_line' id='line_1_8' title="bbox 178 785 1569 849; baseline -0.001 -17"><span class='ocrx_word' id='word_1_52' title='bbox 178 798 292 833; x_wconf 82' lang='lat' dir='ltr'>terea</span> <span class='ocrx_word' id='word_1_53' title='bbox 317 788 473 832; x_wconf 82' lang='lat' dir='ltr'>dixisse</span> <span class='ocrx_word' id='word_1_54' title='bbox 501 804 510 830; x_wconf 79' lang='grc' dir='ltr'>ε</span> <span class='ocrx_word' id='word_1_55' title='bbox 541 803 626 847; x_wconf 90' lang='lat' dir='ltr'>qua</span> <span class='ocrx_word' id='word_1_56' title='bbox 653 786 852 830; x_wconf 85' lang='lat' dir='ltr'>oratione</span> <span class='ocrx_word' id='word_1_57' title='bbox 880 785 1131 841; x_wconf 85' lang='lat' dir='ltr'>deterritos,</span> <span class='ocrx_word' id='word_1_58' title='bbox 1173 785 1361 848; x_wconf 90' lang='lat' dir='ltr'>amplius</span> <span class='ocrx_word' id='word_1_59' title='bbox 1393 786 1569 849; x_wconf 84' lang='lat' dir='ltr'>jugula-</span> 
     </span>
     <span class='ocr_line' id='line_1_9' title="bbox 177 867 655 912; baseline -0.004 0"><span class='ocrx_word' id='word_1_60' title='bbox 177 870 342 912; x_wconf 85' lang='lat' dir='ltr'>tionem</span> <span class='ocrx_word' id='word_1_61' title='bbox 373 885 461 912; x_wconf 88' lang='lat' dir='ltr'>non</span> <span class='ocrx_word' id='word_1_62' title='bbox 490 867 655 912; x_wconf 89' lang='lat' dir='ltr'>fecisse.</span> 
     </span>
    </p>

    <p class='ocr_par' dir='ltr' id='par_1_3' title="bbox 175 946 1578 2228">
     <span class='ocr_line' id='line_1_10' title="bbox 238 946 1570 1010; baseline 0.002 -18"><span class='ocrx_word' id='word_1_63' title='bbox 238 951 381 993; x_wconf 86' lang='lat' dir='ltr'><strong>XVIl.</strong></span> <span class='ocrx_word' id='word_1_64' title='bbox 411 951 476 992; x_wconf 84' lang='lat' dir='ltr'>Ita</span> <span class='ocrx_word' id='word_1_65' title='bbox 500 958 674 1010; x_wconf 89' lang='lat' dir='ltr'>postero</span> <span class='ocrx_word' id='word_1_66' title='bbox 697 947 766 991; x_wconf 90' lang='lat' dir='ltr'>die</span> <span class='ocrx_word' id='word_1_67' title='bbox 787 946 957 992; x_wconf 90' lang='lat' dir='ltr'>Tullius</span> <span class='ocrx_word' id='word_1_68' title='bbox 980 947 1145 1010; x_wconf 84' lang='lat' dir='ltr'>legatus</span> <span class='ocrx_word' id='word_1_69' title='bbox 1170 965 1272 993; x_wconf 90' lang='lat' dir='ltr'>cum</span> <span class='ocrx_word' id='word_1_70' title='bbox 1297 951 1466 994; x_wconf 86' lang='lat' dir='ltr'>Catone</span> <span class='ocrx_word' id='word_1_71' title='bbox 1486 951 1570 994; x_wconf 86' lang='lat' dir='ltr'>Lu-</span> 
     </span>
     <span class='ocr_line' id='line_1_11' title="bbox 176 1029 1569 1090; baseline 0.001 -16"><span class='ocrx_word' id='word_1_72' title='bbox 176 1030 318 1074; x_wconf 87' lang='lat' dir='ltr'>sitano</span> <span class='ocrx_word' id='word_1_73' title='bbox 346 1031 491 1087; x_wconf 87' lang='lat' dir='ltr'>venit,</span> <span class='ocrx_word' id='word_1_74' title='bbox 521 1040 563 1073; x_wconf 89' lang='lat' dir='ltr'>et</span> <span class='ocrx_word' id='word_1_75' title='bbox 591 1029 709 1090; x_wconf 92' lang='lat' dir='ltr'>apud</span> <span class='ocrx_word' id='word_1_76' title='bbox 734 1031 950 1074; x_wconf 82' lang='lat' dir='ltr'>Caesarem</span> <span class='ocrx_word' id='word_1_77' title='bbox 980 1030 1110 1074; x_wconf 85' lang='lat' dir='ltr'>verba</span> <span class='ocrx_word' id='word_1_78' title='bbox 1141 1030 1241 1074; x_wconf 89' lang='lat' dir='ltr'>fecit</span> <span class='ocrx_word' id='word_1_79' title='bbox 1282 1048 1290 1074; x_wconf 93' lang='lat'><strong>:</strong></span> <span class='ocrx_word' id='word_1_80' title='bbox 1322 1050 1342 1071; x_wconf 87' lang='lat'>«</span> <span class='ocrx_word' id='word_1_81' title='bbox 1384 1031 1569 1075; x_wconf 88' lang='lat' dir='ltr'>Utinam</span> 
     </span>
     <span class='ocr_line' id='line_1_12' title="bbox 176 1108 1570 1172; baseline 0.001 -18"><span class='ocrx_word' id='word_1_82' title='bbox 176 1110 353 1172; x_wconf 87' lang='lat' dir='ltr'>quidem</span> <span class='ocrx_word' id='word_1_83' title='bbox 381 1110 440 1154; x_wconf 91' lang='lat' dir='ltr'>dii</span> <span class='ocrx_word' id='word_1_84' title='bbox 467 1108 736 1155; x_wconf 82' lang='lat' dir='ltr'>immortales</span> <span class='ocrx_word' id='word_1_85' title='bbox 766 1110 995 1167; x_wconf 85' lang='lat' dir='ltr'>fecissent,</span> <span class='ocrx_word' id='word_1_86' title='bbox 1024 1121 1073 1155; x_wconf 89' lang='lat' dir='ltr'>ut</span> <span class='ocrx_word' id='word_1_87' title='bbox 1101 1121 1201 1155; x_wconf 84' lang='lat' dir='ltr'>tuus</span> <span class='ocrx_word' id='word_1_88' title='bbox 1236 1113 1384 1172; x_wconf 88' lang='lat' dir='ltr'>potius</span> <span class='ocrx_word' id='word_1_89' title='bbox 1420 1111 1570 1169; x_wconf 86' lang='lat' dir='ltr'>miles,</span> 
     </span>
     <span class='ocr_line' id='line_1_13' title="bbox 175 1192 1571 1253; baseline 0.002 -18"><span class='ocrx_word' id='word_1_90' title='bbox 175 1209 308 1252; x_wconf 86' lang='lat' dir='ltr'>quam</span> <span class='ocrx_word' id='word_1_91' title='bbox 337 1195 418 1238; x_wconf 90' lang='lat' dir='ltr'>Cn.</span> <span class='ocrx_word' id='word_1_92' title='bbox 445 1193 665 1253; x_wconf 90' lang='lat' dir='ltr'>Pompeii,</span> <span class='ocrx_word' id='word_1_93' title='bbox 693 1192 834 1236; x_wconf 78' lang='lat' dir='ltr'>factus</span> <span class='ocrx_word' id='word_1_94' title='bbox 859 1209 1018 1247; x_wconf 84' lang='lat' dir='ltr'>essem,</span> <span class='ocrx_word' id='word_1_95' title='bbox 1047 1202 1090 1236; x_wconf 92' lang='lat' dir='ltr'>et</span> <span class='ocrx_word' id='word_1_96' title='bbox 1116 1193 1230 1236; x_wconf 87' lang='lat' dir='ltr'>hanc</span> <span class='ocrx_word' id='word_1_97' title='bbox 1258 1194 1433 1238; x_wconf 90' lang='lat' dir='ltr'>virtutis</span> <span class='ocrx_word' id='word_1_98' title='bbox 1462 1211 1571 1238; x_wconf 90' lang='lat' dir='ltr'>con-</span> 
     </span>
     <span class='ocr_line' id='line_1_14' title="bbox 176 1273 1572 1336; baseline 0.002 -19"><span class='ocrx_word' id='word_1_99' title='bbox 176 1274 381 1317; x_wconf 83' lang='lat' dir='ltr'>stantiam</span> <span class='ocrx_word' id='word_1_100' title='bbox 411 1274 454 1317; x_wconf 91' lang='lat' dir='ltr'>in</span> <span class='ocrx_word' id='word_1_101' title='bbox 480 1283 557 1317; x_wconf 85' lang='lat' dir='ltr'>tua</span> <span class='ocrx_word' id='word_1_102' title='bbox 584 1274 765 1318; x_wconf 85' lang='lat' dir='ltr'>victoria</span> <span class='ocrx_word' id='word_1_103' title='bbox 783 1309 794 1331; x_wconf 87' lang='lat'>,</span> <span class='ocrx_word' id='word_1_104' title='bbox 825 1291 913 1317; x_wconf 91' lang='lat' dir='ltr'>non</span> <span class='ocrx_word' id='word_1_105' title='bbox 942 1275 986 1317; x_wconf 91' lang='lat' dir='ltr'>in</span> <span class='ocrx_word' id='word_1_106' title='bbox 1016 1273 1132 1318; x_wconf 83' lang='lat' dir='ltr'>illius</span> <span class='ocrx_word' id='word_1_107' title='bbox 1159 1273 1434 1332; x_wconf 83' lang='lat' dir='ltr'>calamitate,</span> <span class='ocrx_word' id='word_1_108' title='bbox 1462 1292 1572 1336; x_wconf 84' lang='lat' dir='ltr'>prae-</span> 
     </span>
     <span class='ocr_line' id='line_1_15' title="bbox 177 1354 1570 1417; baseline 0.002 -19"><span class='ocrx_word' id='word_1_109' title='bbox 177 1364 339 1398; x_wconf 84' lang='lat' dir='ltr'>starem</span> <span class='ocrx_word' id='word_1_110' title='bbox 361 1372 369 1398; x_wconf 92' lang='lat'>:</span> <span class='ocrx_word' id='word_1_111' title='bbox 393 1355 517 1416; x_wconf 89' lang='lat' dir='ltr'>cujus</span> <span class='ocrx_word' id='word_1_112' title='bbox 545 1355 728 1399; x_wconf 76' lang='lat' dir='ltr'>funestae</span> <span class='ocrx_word' id='word_1_113' title='bbox 752 1354 900 1400; x_wconf 88' lang='lat' dir='ltr'>laudes</span> <span class='ocrx_word' id='word_1_114' title='bbox 925 1356 1090 1417; x_wconf 87' lang='lat' dir='ltr'>quippe</span> <span class='ocrx_word' id='word_1_115' title='bbox 1119 1355 1173 1400; x_wconf 86' lang='lat' dir='ltr'>ad</span> <span class='ocrx_word' id='word_1_116' title='bbox 1203 1355 1317 1400; x_wconf 90' lang='lat' dir='ltr'>hanc</span> <span class='ocrx_word' id='word_1_117' title='bbox 1345 1356 1570 1401; x_wconf 78' lang='lat' dir='ltr'>foi-tunam</span> 
     </span>
     <span class='ocr_line' id='line_1_16' title="bbox 177 1435 1572 1499; baseline 0.002 -20"><span class='ocrx_word' id='word_1_118' title='bbox 177 1435 455 1492; x_wconf 77' lang='lat' dir='ltr'>reciderunt,</span> <span class='ocrx_word' id='word_1_119' title='bbox 498 1446 547 1480; x_wconf 91' lang='lat' dir='ltr'>ut</span> <span class='ocrx_word' id='word_1_120' title='bbox 592 1437 707 1480; x_wconf 88' lang='lat' dir='ltr'>cives</span> <span class='ocrx_word' id='word_1_121' title='bbox 748 1438 947 1494; x_wconf 82' lang='lat' dir='ltr'>romani,</span> <span class='ocrx_word' id='word_1_122' title='bbox 988 1437 1233 1499; x_wconf 84' lang='lat' dir='ltr'>indigentes</span> <span class='ocrx_word' id='word_1_123' title='bbox 1271 1438 1489 1498; x_wconf 67' lang='lat' dir='ltr'>praesidii,</span> <span class='ocrx_word' id='word_1_124' title='bbox 1532 1449 1572 1482; x_wconf 88' lang='lat' dir='ltr'>et</span> 
     </span>
     <span class='ocr_line' id='line_1_17' title="bbox 176 1516 1572 1580; baseline 0.002 -20"><span class='ocrx_word' id='word_1_125' title='bbox 176 1525 358 1578; x_wconf 83' lang='lat' dir='ltr'>propter</span> <span class='ocrx_word' id='word_1_126' title='bbox 382 1517 533 1578; x_wconf 81' lang='lat' dir='ltr'>patriae</span> <span class='ocrx_word' id='word_1_127' title='bbox 559 1516 805 1562; x_wconf 83' lang='lat' dir='ltr'>luctuosam</span> <span class='ocrx_word' id='word_1_128' title='bbox 845 1519 1085 1580; x_wconf 88' lang='lat' dir='ltr'>perniciem</span> <span class='ocrx_word' id='word_1_129' title='bbox 1128 1518 1342 1562; x_wconf 84' lang='lat' dir='ltr'>dedamur</span> <span class='ocrx_word' id='word_1_130' title='bbox 1381 1520 1572 1564; x_wconf 88' lang='lat' dir='ltr'>hostium</span> 
     </span>
     <span class='ocr_line' id='line_1_18' title="bbox 176 1598 1573 1661; baseline 0.002 -20"><span class='ocrx_word' id='word_1_131' title='bbox 176 1614 362 1642; x_wconf 89' lang='lat' dir='ltr'>numero</span> <span class='ocrx_word' id='word_1_132' title='bbox 388 1615 396 1642; x_wconf 92' lang='lat'>:</span> <span class='ocrx_word' id='word_1_133' title='bbox 424 1599 499 1659; x_wconf 90' lang='lat' dir='ltr'>qui</span> <span class='ocrx_word' id='word_1_134' title='bbox 529 1615 670 1659; x_wconf 88' lang='lat' dir='ltr'>neque</span> <span class='ocrx_word' id='word_1_135' title='bbox 692 1600 737 1642; x_wconf 90' lang='lat' dir='ltr'>in</span> <span class='ocrx_word' id='word_1_136' title='bbox 766 1598 882 1643; x_wconf 90' lang='lat' dir='ltr'>illius</span> <span class='ocrx_word' id='word_1_137' title='bbox 908 1616 1119 1660; x_wconf 84' lang='lat' dir='ltr'>prospera</span> <span class='ocrx_word' id='word_1_138' title='bbox 1144 1601 1237 1643; x_wconf 88' lang='lat' dir='ltr'>acie</span> <span class='ocrx_word' id='word_1_139' title='bbox 1262 1601 1452 1661; x_wconf 79' lang='lat' dir='ltr'>primam</span> <span class='ocrx_word' id='word_1_140' title='bbox 1482 1601 1573 1645; x_wconf 86' lang='lat' dir='ltr'>for·</span> 
     </span>
     <span class='ocr_line' id='line_1_19' title="bbox 176 1680 1575 1740; baseline 0.002 -17"><span class='ocrx_word' id='word_1_141' title='bbox 176 1689 329 1723; x_wconf 87' lang='lat' dir='ltr'>tunam</span> <span class='ocrx_word' id='word_1_142' title='bbox 348 1715 359 1736; x_wconf 91' lang='lat'>‚</span> <span class='ocrx_word' id='word_1_143' title='bbox 385 1696 525 1740; x_wconf 90' lang='lat' dir='ltr'>neque</span> <span class='ocrx_word' id='word_1_144' title='bbox 564 1681 608 1724; x_wconf 90' lang='lat' dir='ltr'>in</span> <span class='ocrx_word' id='word_1_145' title='bbox 648 1680 831 1724; x_wconf 85' lang='lat' dir='ltr'>adversa</span> <span class='ocrx_word' id='word_1_146' title='bbox 862 1680 1099 1725; x_wconf 82' lang='lat' dir='ltr'>secundam</span> <span class='ocrx_word' id='word_1_147' title='bbox 1128 1681 1401 1725; x_wconf 88' lang='lat' dir='ltr'>obtinuimus</span> <span class='ocrx_word' id='word_1_148' title='bbox 1437 1682 1575 1726; x_wconf 88' lang='lat' dir='ltr'>victo·</span> 
     </span>
     <span class='ocr_line' id='line_1_20' title="bbox 179 1759 1575 1822; baseline 0.002 -19"><span class='ocrx_word' id='word_1_149' title='bbox 179 1761 286 1804; x_wconf 85' lang='lat' dir='ltr'>riam</span> <span class='ocrx_word' id='word_1_150' title='bbox 308 1777 316 1803; x_wconf 75' lang='grc' dir='ltr'>ε</span> <span class='ocrx_word' id='word_1_151' title='bbox 340 1761 415 1821; x_wconf 84' lang='lat' dir='ltr'>qui</span> <span class='ocrx_word' id='word_1_152' title='bbox 444 1759 667 1821; x_wconf 83' lang='lat' dir='ltr'>legionum</span> <span class='ocrx_word' id='word_1_153' title='bbox 697 1770 760 1804; x_wconf 90' lang='lat' dir='ltr'>tot</span> <span class='ocrx_word' id='word_1_154' title='bbox 786 1761 973 1822; x_wconf 87' lang='lat' dir='ltr'>impetus</span> <span class='ocrx_word' id='word_1_155' title='bbox 995 1771 1317 1818; x_wconf 75' lang='lat' dir='ltr'>sustentantes,</span> <span class='ocrx_word' id='word_1_156' title='bbox 1344 1765 1575 1807; x_wconf 70' lang='lat' dir='ltr'>nocturnis</span> 
     </span>
     <span class='ocr_line' id='line_1_21' title="bbox 182 1840 1578 1903; baseline 0.002 -19"><span class='ocrx_word' id='word_1_157' title='bbox 182 1840 442 1901; x_wconf 84' lang='lat' dir='ltr'>diurnisque</span> <span class='ocrx_word' id='word_1_158' title='bbox 470 1842 678 1902; x_wconf 86' lang='lat' dir='ltr'>operibus</span> <span class='ocrx_word' id='word_1_159' title='bbox 704 1840 954 1902; x_wconf 84' lang='lat' dir='ltr'>gladiorum</span> <span class='ocrx_word' id='word_1_160' title='bbox 981 1843 1091 1886; x_wconf 90' lang='lat' dir='ltr'>ictus</span> <span class='ocrx_word' id='word_1_161' title='bbox 1116 1841 1396 1903; x_wconf 82' lang='lat' dir='ltr'>telorumque</span> <span class='ocrx_word' id='word_1_162' title='bbox 1421 1843 1578 1888; x_wconf 85' lang='lat' dir='ltr'>missus</span> 
     </span>
     <span class='ocr_line' id='line_1_22' title="bbox 179 1923 1577 1985; baseline 0.001 -19"><span class='ocrx_word' id='word_1_163' title='bbox 179 1932 505 1983; x_wconf 85' lang='lat' dir='ltr'>exspectantes,</span> <span class='ocrx_word' id='word_1_164' title='bbox 537 1923 661 1980; x_wconf 89' lang='lat' dir='ltr'>victi,</span> <span class='ocrx_word' id='word_1_165' title='bbox 699 1932 741 1966; x_wconf 93' lang='lat' dir='ltr'>et</span> <span class='ocrx_word' id='word_1_166' title='bbox 778 1923 937 1967; x_wconf 77' lang='lat' dir='ltr'>deserti</span> <span class='ocrx_word' id='word_1_167' title='bbox 969 1940 993 1967; x_wconf 89' lang='lat' dir='ltr'>a</span> <span class='ocrx_word' id='word_1_168' title='bbox 1034 1924 1269 1985; x_wconf 90' lang='lat' dir='ltr'>Pompeio,</span> <span class='ocrx_word' id='word_1_169' title='bbox 1308 1933 1379 1968; x_wconf 84' lang='lat' dir='ltr'>tua</span> <span class='ocrx_word' id='word_1_170' title='bbox 1413 1925 1577 1969; x_wconf 85' lang='lat' dir='ltr'>virtute</span> 
     </span>
     <span class='ocr_line' id='line_1_23' title="bbox 179 2003 1576 2068; baseline 0.002 -21"><span class='ocrx_word' id='word_1_171' title='bbox 179 2005 391 2065; x_wconf 89' lang='lat' dir='ltr'>superati,</span> <span class='ocrx_word' id='word_1_172' title='bbox 420 2003 604 2048; x_wconf 89' lang='lat' dir='ltr'>salutem</span> <span class='ocrx_word' id='word_1_173' title='bbox 628 2021 652 2048; x_wconf 89' lang='lat' dir='ltr'>a</span> <span class='ocrx_word' id='word_1_174' title='bbox 680 2014 751 2049; x_wconf 85' lang='lat' dir='ltr'>tua</span> <span class='ocrx_word' id='word_1_175' title='bbox 777 2004 1010 2049; x_wconf 86' lang='lat' dir='ltr'>clementia</span> <span class='ocrx_word' id='word_1_176' title='bbox 1034 2004 1337 2066; x_wconf 87' lang='lat' dir='ltr'>deposcimus,</span> <span class='ocrx_word' id='word_1_177' title='bbox 1361 2006 1576 2068; x_wconf 82' lang='lat' dir='ltr'>petimus-</span> 
     </span>
     <span class='ocr_line' id='line_1_24' title="bbox 179 2084 1574 2148; baseline 0.001 -18"><span class='ocrx_word' id='word_1_178' title='bbox 179 2102 280 2146; x_wconf 90' lang='lat' dir='ltr'>que.</span> <span class='ocrx_word' id='word_1_179' title='bbox 305 2105 400 2126; x_wconf 81' lang='lat'>»—</span> <span class='ocrx_word' id='word_1_180' title='bbox 416 2106 435 2126; x_wconf 79' lang='grc' dir='ltr'>α</span> <span class='ocrx_word' id='word_1_181' title='bbox 464 2087 519 2129; x_wconf 84' lang='lat' dir='ltr'>Et</span> <span class='ocrx_word' id='word_1_182' title='bbox 539 2084 712 2145; x_wconf 86' lang='lat' dir='ltr'>qualem</span> <span class='ocrx_word' id='word_1_183' title='bbox 727 2120 738 2142; x_wconf 89' lang='lat'>,</span> <span class='ocrx_word' id='word_1_184' title='bbox 754 2086 837 2143; x_wconf 88' lang='lat' dir='ltr'>ait,</span> <span class='ocrx_word' id='word_1_185' title='bbox 858 2086 1062 2148; x_wconf 86' lang='lat' dir='ltr'>gentibus</span> <span class='ocrx_word' id='word_1_186' title='bbox 1079 2104 1147 2131; x_wconf 92' lang='lat' dir='ltr'>me</span> <span class='ocrx_word' id='word_1_187' title='bbox 1165 2087 1368 2148; x_wconf 82' lang='lat' dir='ltr'>praestiti,</span> <span class='ocrx_word' id='word_1_188' title='bbox 1389 2086 1574 2132; x_wconf 89' lang='lat' dir='ltr'>similem</span> 
     </span>
     <span class='ocr_line' id='line_1_25' title="bbox 179 2165 1062 2228; baseline -0.002 -18"><span class='ocrx_word' id='word_1_189' title='bbox 179 2167 223 2210; x_wconf 89' lang='lat' dir='ltr'>in</span> <span class='ocrx_word' id='word_1_190' title='bbox 247 2166 411 2211; x_wconf 90' lang='lat' dir='ltr'>civium</span> <span class='ocrx_word' id='word_1_191' title='bbox 436 2165 659 2211; x_wconf 90' lang='lat' dir='ltr'>deditione</span> <span class='ocrx_word' id='word_1_192' title='bbox 688 2183 757 2210; x_wconf 91' lang='lat' dir='ltr'>me</span> <span class='ocrx_word' id='word_1_193' title='bbox 783 2167 1012 2228; x_wconf 73' lang='lat' dir='ltr'>praestabo.</span> <span class='ocrx_word' id='word_1_194' title='bbox 1041 2187 1062 2209; x_wconf 84' lang='lat'>))</span> 
     </span>
    </p>

    <p class='ocr_par' dir='ltr' id='par_1_4' title="bbox 179 2247 1579 2719">
     <span class='ocr_line' id='line_1_26' title="bbox 242 2247 1576 2312; baseline 0.002 -21"><span class='ocrx_word' id='word_1_195' title='bbox 242 2249 412 2292; x_wconf 90' lang='lat' dir='ltr'><strong>XVIII.</strong></span> <span class='ocrx_word' id='word_1_196' title='bbox 442 2249 648 2292; x_wconf 87' lang='lat' dir='ltr'>Remissis</span> <span class='ocrx_word' id='word_1_197' title='bbox 676 2247 853 2310; x_wconf 85' lang='lat' dir='ltr'>legatis,</span> <span class='ocrx_word' id='word_1_198' title='bbox 880 2265 1018 2310; x_wconf 91' lang='lat' dir='ltr'>quum</span> <span class='ocrx_word' id='word_1_199' title='bbox 1043 2249 1097 2293; x_wconf 88' lang='lat' dir='ltr'>ad</span> <span class='ocrx_word' id='word_1_200' title='bbox 1123 2260 1297 2312; x_wconf 87' lang='lat' dir='ltr'>portam</span> <span class='ocrx_word' id='word_1_201' title='bbox 1335 2251 1576 2305; x_wconf 88' lang='lat' dir='ltr'>venissent,</span> 
     </span>
     <span class='ocr_line' id='line_1_27' title="bbox 179 2328 1577 2391; baseline 0.003 -19"><span class='ocrx_word' id='word_1_202' title='bbox 179 2328 275 2372; x_wconf 91' lang='lat' dir='ltr'>Tib.</span> <span class='ocrx_word' id='word_1_203' title='bbox 300 2328 498 2386; x_wconf 89' lang='lat' dir='ltr'>Tullius,</span> <span class='ocrx_word' id='word_1_204' title='bbox 538 2347 676 2391; x_wconf 86' lang='lat' dir='ltr'>quum</span> <span class='ocrx_word' id='word_1_205' title='bbox 714 2331 1010 2375; x_wconf 83' lang='lat' dir='ltr'>introeuntem</span> <span class='ocrx_word' id='word_1_206' title='bbox 1050 2333 1098 2376; x_wconf 89' lang='lat' dir='ltr'>C.</span> <span class='ocrx_word' id='word_1_207' title='bbox 1125 2333 1368 2377; x_wconf 87' lang='lat' dir='ltr'>Antonium</span> <span class='ocrx_word' id='word_1_208' title='bbox 1403 2342 1577 2376; x_wconf 87' lang='lat' dir='ltr'>secutus</span> 
     </span>
     <span class='ocr_line' id='line_1_28' title="bbox 182 2411 1575 2475; baseline 0.002 -22"><span class='ocrx_word' id='word_1_209' title='bbox 182 2425 269 2454; x_wconf 91' lang='lat' dir='ltr'>non</span> <span class='ocrx_word' id='word_1_210' title='bbox 285 2419 421 2466; x_wconf 86' lang='lat' dir='ltr'>esset,</span> <span class='ocrx_word' id='word_1_211' title='bbox 437 2412 619 2455; x_wconf 83' lang='lat' dir='ltr'>revertit</span> <span class='ocrx_word' id='word_1_212' title='bbox 646 2411 701 2456; x_wconf 84' lang='lat' dir='ltr'>ad</span> <span class='ocrx_word' id='word_1_213' title='bbox 729 2422 929 2473; x_wconf 84' lang='lat' dir='ltr'>portam,</span> <span class='ocrx_word' id='word_1_214' title='bbox 958 2422 1000 2456; x_wconf 91' lang='lat' dir='ltr'>et</span> <span class='ocrx_word' id='word_1_215' title='bbox 1025 2413 1246 2456; x_wconf 88' lang='lat' dir='ltr'>hominem</span> <span class='ocrx_word' id='word_1_216' title='bbox 1268 2413 1575 2475; x_wconf 87' lang='lat' dir='ltr'>apprehendit.</span> 
     </span>
     <span class='ocr_line' id='line_1_29' title="bbox 181 2489 1575 2556; baseline 0.003 -22"><span class='ocrx_word' id='word_1_217' title='bbox 181 2489 314 2549; x_wconf 86' lang='lat' dir='ltr'>Quod</span> <span class='ocrx_word' id='word_1_218' title='bbox 331 2492 532 2536; x_wconf 85' lang='lat' dir='ltr'>Tiberius</span> <span class='ocrx_word' id='word_1_219' title='bbox 561 2510 697 2554; x_wconf 87' lang='lat' dir='ltr'>quum</span> <span class='ocrx_word' id='word_1_220' title='bbox 722 2493 817 2537; x_wconf 86' lang='lat' dir='ltr'>fieri</span> <span class='ocrx_word' id='word_1_221' title='bbox 845 2493 1184 2549; x_wconf 85' lang='lat' dir='ltr'>animadvertit,</span> <span class='ocrx_word' id='word_1_222' title='bbox 1213 2495 1310 2539; x_wconf 87' lang='lat' dir='ltr'>sinu</span> <span class='ocrx_word' id='word_1_223' title='bbox 1337 2495 1575 2556; x_wconf 85' lang='lat' dir='ltr'>pugionem</span> 
     </span>
     <span class='ocr_line' id='line_1_30' title="bbox 182 2571 1578 2639; baseline 0.004 -24"><span class='ocrx_word' id='word_1_224' title='bbox 182 2571 359 2629; x_wconf 80' lang='lat' dir='ltr'>eduxit,</span> <span class='ocrx_word' id='word_1_225' title='bbox 384 2582 425 2617; x_wconf 92' lang='lat' dir='ltr'>et</span> <span class='ocrx_word' id='word_1_226' title='bbox 453 2591 632 2618; x_wconf 87' lang='lat' dir='ltr'>manum</span> <span class='ocrx_word' id='word_1_227' title='bbox 662 2576 754 2636; x_wconf 87' lang='lat' dir='ltr'>ejus</span> <span class='ocrx_word' id='word_1_228' title='bbox 781 2575 946 2620; x_wconf 88' lang='lat' dir='ltr'>incidit.</span> <span class='ocrx_word' id='word_1_229' title='bbox 978 2579 1043 2621; x_wconf 88' lang='lat' dir='ltr'>Ita</span> <span class='ocrx_word' id='word_1_230' title='bbox 1066 2576 1327 2639; x_wconf 82' lang='lat' dir='ltr'>refugerunt</span> <span class='ocrx_word' id='word_1_231' title='bbox 1356 2575 1411 2620; x_wconf 84' lang='lat' dir='ltr'>ad</span> <span class='ocrx_word' id='word_1_232' title='bbox 1437 2578 1578 2621; x_wconf 86' lang='lat' dir='ltr'>Caesa-</span> 
     </span>
     <span class='ocr_line' id='line_1_31' title="bbox 182 2653 1579 2719; baseline 0.005 -24"><span class='ocrx_word' id='word_1_233' title='bbox 182 2668 273 2696; x_wconf 86' lang='lat' dir='ltr'>rem</span> <span class='ocrx_word' id='word_1_234' title='bbox 292 2670 301 2696; x_wconf 75' lang='grc' dir='ltr'><strong><em>ε</em></strong></span> <span class='ocrx_word' id='word_1_235' title='bbox 323 2653 564 2716; x_wconf 87' lang='lat' dir='ltr'>eodemque</span> <span class='ocrx_word' id='word_1_236' title='bbox 579 2665 776 2717; x_wconf 81' lang='lat' dir='ltr'>tempore</span> <span class='ocrx_word' id='word_1_237' title='bbox 798 2657 977 2718; x_wconf 81' lang='lat' dir='ltr'>signifer</span> <span class='ocrx_word' id='word_1_238' title='bbox 999 2657 1053 2701; x_wconf 87' lang='lat' dir='ltr'>de</span> <span class='ocrx_word' id='word_1_239' title='bbox 1079 2656 1251 2719; x_wconf 87' lang='lat' dir='ltr'>legione</span> <span class='ocrx_word' id='word_1_240' title='bbox 1270 2658 1414 2719; x_wconf 87' lang='lat' dir='ltr'>prima</span> <span class='ocrx_word' id='word_1_241' title='bbox 1442 2667 1579 2702; x_wconf 84' lang='lat' dir='ltr'>trans-</span> 
     </span>
    </p>
   </div>
  </div>
 </body>
</html>
