1972 3356
529 185 594 220 DE
626 186 790 221 BELLO
819 185 973 219 CIVILI
1002 185 1094 222 LIB.
1124 185 1192 219 111.
1495 189 1561 230 147

170 269 443 324 tui-ionibus,
472 286 580 330 quos
609 271 653 314 in
683 271 869 315 statione
911 269 966 313 ad
996 269 1246 330 praetoriam
1277 278 1452 330 portam
1487 286 1564 331 po-

170 360 315 395 suerat
331 385 342 407 ,
366 349 501 407 clare,
533 361 579 395 ut
600 350 758 395 milites
780 349 1039 396 exaudirent
1063 367 1072 393 :
1100 370 1121 390 «
1141 350 1346 394 Tuemini
1361 386 1373 406 ,
1395 351 1564 411 inquit,

168 442 336 487 castra,
360 441 403 476 et
426 430 645 476 defendite
669 429 927 492 diligenter,
953 430 988 473 si
1013 428 1119 490 quid
1145 429 1298 474 durius
1323 431 1532 477 acciderit
1552 450 1562 477 ε

169 529 249 574 ego
302 510 488 573 reliquas
534 521 683 572 portas
737 511 984 566 circumeo,
1037 518 1079 553 et
1126 520 1372 555 castrorum
1417 514 1565 572 praesi-

169 593 240 637 dia
269 592 494 638 confirmo.
523 610 544 632 n
580 593 683 635 Haec
716 606 853 651 quum
898 589 1103 646 dixisset,
1144 606 1188 634 se
1225 590 1270 634 in
1309 592 1566 652 praetoriurn

169 673 379 731 contulit,
414 689 591 717 summae
627 671 687 715 rei
720 669 946 727 diffidens,
981 679 1023 715 et
1063 679 1210 715 tamen
1251 681 1457 717 eventum
1496 690 1566 717 ex-

170 765 384 818 spectans.

231 837 367 881 XCV.
404 836 576 891 Caesar,
605 835 885 896 Pompeianis
913 851 966 879 ex
993 834 1096 896 fuga
1121 835 1236 879 intra
1259 833 1424 880 vallum
1452 852 1568 880 corn-

166 916 326 979 pulsiS,
353 914 523 960 nullum
565 917 754 977 spatium
791 917 1033 978 perterritis
1068 915 1174 960 dare
1213 926 1418 978 oportere
1455 918 1568 962 aesti·

165 1009 316 1055 mans,
345 996 504 1042 milites
531 997 788 1042 cohortatus
816 1008 904 1052 est,
935 1007 982 1041 ut
1011 997 1222 1042 beneficio
1252 997 1441 1043 sortunae
1469 1007 1566 1042 ute·

165 1089 342 1135 rentur,
380 1088 608 1140 castraque
637 1088 950 1141 oppugnarent
976 1096 985 1123 :
1026 1080 1128 1140 qui,
1163 1079 1244 1123 etsi
1272 1096 1434 1141 magno
1457 1089 1565 1124 aestu

164 1160 336 1222 fatigati
363 1160 491 1222 (nam
518 1159 572 1204 ad
598 1159 823 1204 meridiem
849 1177 916 1204 res
955 1170 1047 1204 erat
1084 1159 1353 1222 perducta),
1394 1171 1564 1216 tamen,

167 1242 222 1286 ad
253 1258 429 1286 omnem
458 1239 651 1285 laborem
679 1241 827 1285 animo
869 1242 1034 1302 parati,
1076 1242 1263 1302 imperio
1304 1251 1561 1302 paruerunt.

165 1327 320 1368 Castra
350 1339 373 1366 a
400 1322 679 1377 cohortibus,
706 1339 802 1383 quae
828 1321 888 1365 ibi
912 1321 1113 1383 praesidio
1137 1331 1262 1366 erant
1288 1321 1474 1379 relictae,
1501 1324 1566 1366 in-

164 1404 329 1448 dustrie
354 1402 730 1460 defendebantur,
758 1401 899 1446 multo
924 1403 1053 1446 etiam
1082 1403 1226 1446 acrius
1255 1419 1278 1446 a
1319 1403 1564 1447 Thracibus

167 1485 459 1545 Barbarisque
476 1483 661 1528 auxiliis.
688 1485 802 1528 Nam
821 1484 896 1544 qui
917 1483 1009 1527 acie
1032 1483 1285 1544 refugerant
1310 1482 1494 1540 milites,
1520 1494 1563 1527 et

163 1566 312 1610 animo
337 1565 585 1628 perterriti,
610 1575 651 1609 et
677 1563 933 1608 lassitudine
960 1563 1148 1608 confecti
1164 1599 1175 1620 ,
1201 1564 1342 1608 missis
1365 1562 1563 1625 plerique

162 1648 294 1692 armis
334 1647 559 1709 signisque
598 1645 889 1702 militaribus,
942 1645 1079 1707 magis
1120 1643 1175 1688 de
1222 1644 1393 1706 reliqua
1433 1645 1561 1707 fuga,

161 1745 295 1790 quam
319 1728 372 1772 de
396 1737 643 1771 castrorum
672 1725 921 1770 defensione
961 1725 1227 1785 cogitabant.
1264 1727 1419 1786 Neque
1456 1743 1561 1770 vero

162 1809 350 1865 diutius,
375 1809 450 1869 qui
473 1808 518 1851 in
545 1806 656 1851 vallo
682 1807 992 1862 constiterant,
1018 1804 1347 1849 multitudinem
1372 1805 1560 1850 telorum

163 1891 376 1935 sustinere
405 1898 668 1951 potuerunt3
696 1888 770 1932 sed
794 1887 980 1932 confecti
1007 1886 1265 1931 vulneribus
1304 1885 1450 1931 locum
1496 1904 1560 1932 re-

163 1972 410 2033 liquerunt,
436 1972 726 2033 protinusque
751 1985 926 2023 omnes,
954 1967 1141 2012 ducibus
1181 1968 1249 2012 usi
1290 1969 1558 2013 centurioni—

163 2055 244 2099 bus
271 2054 546 2114 tribunisque
570 2050 785 2107 militum,
826 2051 870 2094 in
896 2047 1131 2094 altissimos
1168 2059 1366 2106 montes,
1398 2051 1472 2111 qui
1503 2049 1558 2094 ad

162 2146 304 2181 castra
328 2136 629 2197 pertinebant,
653 2133 962 2194 confugerunt.

226 2220 384 2263 XCVI.
412 2220 465 2261 In
485 2216 637 2261 castris
658 2215 855 2276 Pompeii
880 2213 1026 2259 videre
1043 2212 1169 2258 licuit
1187 2212 1376 2258 triclinia
1399 2223 1557 2271 strata,

163 2315 372 2362 magnum
403 2298 571 2360 argenti
598 2296 770 2359 pondus
799 2296 1074 2358 expositum,
1105 2295 1352 2339 recentibus
1379 2295 1556 2356 cespiti-

163 2383 245 2426 bus
271 2379 552 2426 tabernacula
576 2387 822 2434 constrata,
847 2380 896 2422 L.
926 2379 1057 2422 etiam
1088 2375 1265 2421 Lentuli
1292 2386 1333 2420 et
1361 2373 1554 2420 nonnul-

163 2462 306 2507 lorum
334 2459 615 2506 tabernacula
642 2468 837 2521 protecta
865 2459 1018 2514 edera;
1058 2458 1286 2519 multaque
1314 2466 1523 2518 praeterea
1543 2491 1555 2514 ,

165 2560 259 2604 quae
278 2544 460 2587 nimiam
481 2541 700 2586 luxuriam
724 2550 766 2584 et
785 2541 978 2584 victoriae
1002 2539 1210 2583 fiduciam
1237 2538 1517 2600 designarent
1545 2554 1553 2581 :

167 2634 213 2668 ut
242 2624 364 2669 facile
392 2624 594 2669 aestimari
624 2631 791 2684 posset,
822 2620 931 2665 nihil
960 2638 1032 2665 eos
1060 2620 1113 2664 de
1140 2630 1299 2665 eventu
1337 2620 1429 2680 ejus
1470 2618 1553 2663 diei

1301 2718 1367 2746 10.
