1972 3356
576 216 642 250 DE
676 216 837 252 BELLO
874 213 1089 251 GALLICO
1118 214 1210 249 LIB.
1235 214 1282 248 ΙΙ.
1588 211 1634 247 53

245 303 450 349 omnibus
480 302 613 347 rebus
644 302 835 364 permoti
867 300 1036 361 equites
1063 297 1262 353 Treviri,
1295 313 1485 357 quorum
1520 296 1636 340 inter

241 377 392 425 Gallos
415 380 591 424 virtutis
618 379 770 440 opinio
797 388 860 422 est
889 376 1144 439 singularis,
1173 378 1250 438 qui
1277 375 1429 421 auxilii
1457 392 1588 420 causa
1612 393 1635 419 a

238 459 416 504 civitate
444 460 564 504 missi
594 459 649 504 ad
675 461 891 504 Caesarem
915 468 1157 514 venerant,
1183 475 1321 520 quum
1349 456 1637 502 multitudine

241 540 434 585 hostium
463 550 603 585 castra
629 549 782 583 nostra
804 538 1039 600 compleri,
1067 538 1260 600 legiones
1285 539 1427 599 premi
1447 548 1491 582 et
1514 554 1637 599 paene

237 622 558 665 circumventas
590 621 759 676 teneri,
789 619 991 677 calones,
1015 620 1212 680 equites,
1242 619 1510 675 funditores,
1538 620 1637 663 Nu·

237 701 397 758 midas,
420 701 616 746 diversos
636 700 958 762 dissipatosque
984 702 1029 744 in
1050 717 1203 745 omnes
1228 710 1374 761 partes
1399 699 1551 761 fugere
1575 700 1638 742 vi-

237 781 420 840 dissent,
444 782 687 843 desperatis
715 783 875 826 nostris
898 782 1047 839 rebus,
1076 781 1258 826 domum
1283 780 1636 826 contenderunt:

235 865 463 908 Romanos
487 861 639 924 pulsos
667 872 1004 924 superatosque,
1036 864 1190 907 castris
1220 861 1637 924 impedimentisque

237 961 392 989 eorum
418 944 566 988 hostes
594 945 778 1006 potitos,
803 944 973 988 civitati
996 944 1380 988 renuntiaverunt.

300 1027 444 1071 XXV.
483 1027 652 1083 Caesar,
696 1026 750 1071 ab
787 1025 968 1069 decimae
1006 1024 1193 1086 legionis
1233 1025 1542 1069 cohortatione
1583 1024 1637 1068 ad

236 1107 439 1151 dextrum
463 1124 603 1151 cornu
634 1106 877 1168 profectus,
902 1107 977 1150 ubi
1004 1123 1105 1151 suos
1135 1107 1308 1168 urgeri,
1338 1108 1562 1168 signisque
1592 1107 1636 1150 in

238 1205 373 1232 unum
400 1187 548 1232 locum
577 1187 767 1243 collatis,
798 1187 1069 1232 duodecimae
1097 1187 1284 1249 legionis
1309 1188 1530 1232 confertos
1560 1188 1640 1231 mi-

239 1268 333 1313 lites
370 1269 450 1313 sibi
487 1270 591 1330 ipsis
632 1269 688 1312 ad
724 1285 917 1330 pugnam
959 1285 1053 1313 esse
1091 1268 1436 1330 impedime11103
1471 1279 1638 1329 quartae

236 1350 432 1394 cohortis
455 1351 662 1394 omnibus
687 1350 1020 1393 centurionibus
1044 1350 1223 1406 occisis,
1249 1350 1548 1410 signiferoque
1571 1350 1638 1393 in-

239 1430 443 1487 terfecto,
471 1432 596 1493 signo
625 1431 811 1488 amisso,
844 1429 1118 1491 reliquarum
1151 1429 1400 1475 cohortium
1431 1430 1639 1474 omnibus

236 1512 325 1557 iere
354 1513 689 1557 centurionibus
714 1522 791 1557 aut
814 1511 1077 1569 vulneratis,
1098 1522 1173 1556 aut
1197 1512 1372 1568 occisis,
1398 1512 1442 1555 in
1463 1512 1529 1556 his
1548 1512 1638 1572 pri-

238 1593 424 1655 mopilo,
447 1596 494 1638 P.
523 1595 672 1638 Sextio
696 1592 881 1652 Baculo,
907 1593 1148 1638 fortissimo
1173 1594 1289 1650 viro,
1313 1591 1466 1637 multis
1491 1594 1638 1654 gravi·

236 1676 407 1736 busque
424 1674 683 1719 vulneribus
702 1675 924 1731 confecto,
947 1686 997 1719 ut
1012 1676 1104 1736 jam
1128 1691 1172 1719 se
1197 1676 1413 1719 sustinere
1432 1691 1520 1718 non
1542 1690 1640 1735 pos-

238 1767 328 1811 set,
354 1756 546 1818 reliquos
575 1773 666 1801 esse
699 1756 942 1812 tardiore53
969 1767 1013 1800 et
1042 1755 1281 1800 nonnullos
1308 1756 1362 1801 ab
1390 1757 1639 1800 novissimis

237 1838 433 1883 desertos
456 1837 613 1899 proelio
639 1837 871 1894 excedere,
896 1854 945 1881 ac
975 1837 1059 1880 tela
1086 1838 1250 1891 vitare;
1277 1838 1425 1883 hostes
1451 1854 1593 1898 neque
1616 1855 1639 1880 a

237 1919 384 1963 fronte
418 1937 471 1963 ex
505 1918 715 1962 inferiore
748 1918 846 1962 loco
880 1918 1120 1961 subeuntes
1162 1920 1480 1976 intermittere,
1510 1929 1554 1963 et
1586 1919 1639 1963 ab

239 2011 429 2062 utroque
454 2000 591 2044 latere
616 2001 800 2049 instare:
824 2010 866 2043 et
895 2016 987 2043 rem
1019 2017 1110 2044 esse
1134 2001 1179 2043 in
1203 2011 1392 2062 angusto
1414 1999 1544 2055 vidit,
1564 2017 1640 2043 ne-

239 2100 324 2144 que
344 2081 485 2127 ullum
511 2099 603 2127 esse
631 2082 897 2139 subsidium,
923 2082 1043 2142 quod
1068 2082 1284 2126 summitti
1309 2092 1457 2142 posset
1482 2099 1491 2125 :
1513 2091 1638 2126 scuto

239 2165 292 2208 ab
316 2164 567 2208 novissimis
592 2165 667 2207 uni
686 2163 817 2208 militi
836 2164 1036 2209 detracto
1059 2162 1198 2225 (quod
1217 2164 1308 2224 ipse
1330 2179 1382 2207 eo
1399 2163 1492 2207 sine
1516 2172 1639 2207 scuto

241 2245 468 2307 venerat),
500 2246 544 2289 in
575 2247 762 2307 primam
792 2246 931 2290 aciem
955 2245 1191 2307 processit,
1218 2244 1639 2305 centurionibusque

240 2328 504 2372 nominatim
529 2326 779 2388 appellatis,
804 2326 998 2388 reliquos
1025 2327 1283 2371 cohortatus
1309 2324 1489 2382 milites,
1517 2326 1640 2387 signa

241 2409 402 2454 inferre
436 2409 480 2453 in
510 2408 760 2469 manipulos
796 2408 944 2453 laxare
970 2408 1128 2471 jussit,
1159 2424 1248 2468 quo
1276 2406 1446 2451 facilius
1483 2405 1640 2469 gladiis

242 2492 304 2534 uti
336 2500 528 2552 possent.
557 2490 698 2550 Cujus
731 2489 923 2534 adventu
957 2507 1032 2551 spe
1065 2488 1186 2533 illata
1221 2487 1457 2545 militibus,
1490 2504 1540 2531 ac
1574 2504 1640 2530 re-

243 2571 493 2633 dintegrato
521 2571 695 2625 animo,
725 2588 861 2631 quum
893 2588 974 2632 pro
1005 2588 1048 2615 se
1083 2571 1294 2631 quisque,
1328 2570 1371 2612 in
1400 2577 1639 2629 conspectu

245 2653 543 2713 imperatoris,
571 2663 613 2695 ct
636 2652 725 2713 jam
755 2652 797 2694 in
828 2653 1035 2696 extremis
1062 2652 1149 2696 suis
1182 2651 1334 2707 rebus,
1361 2666 1539 2711 operam
1564 2666 1640 2693 na-
