<?xml version="1.0" encoding="UTF-8"?>
<!DOCTYPE html PUBLIC "-//W3C//DTD XHTML 1.0 Transitional//EN"
    "http://www.w3.org/TR/xhtml1/DTD/xhtml1-transitional.dtd">
<html xmlns="http://www.w3.org/1999/xhtml" xml:lang="en" lang="en">
 <head>
  <title>
</title>
<meta http-equiv="Content-Type" content="text/html;charset=utf-8" />
  <meta name='ocr-system' content='tesseract 3.04.00' />
  <meta name='ocr-capabilities' content='ocr_page ocr_carea ocr_par ocr_line ocrx_word'/>
</head>
<body>
  <div class='ocr_page' id='page_1' title='image "./operajoh0102caesuoft_0177.png"; bbox 0 0 1972 3356; ppageno 0'>
   <div class='ocr_carea' id='block_1_1' title="bbox 530 265 1588 303">
    <p class='ocr_par' dir='ltr' id='par_1_1' title="bbox 530 265 1588 303">
     <span class='ocr_line' id='line_1_1' title="bbox 530 265 1588 303; baseline 0.003 -3"><span class='ocrx_word' id='word_1_1' title='bbox 530 265 597 300; x_wconf 90' lang='lat' dir='ltr'>DE</span> <span class='ocrx_word' id='word_1_2' title='bbox 626 265 787 301; x_wconf 89' lang='lat' dir='ltr'>BELLO</span> <span class='ocrx_word' id='word_1_3' title='bbox 817 266 1035 303; x_wconf 85' lang='lat' dir='ltr'><strong>GALLICO</strong></span> <span class='ocrx_word' id='word_1_4' title='bbox 1063 268 1156 302; x_wconf 91' lang='lat' dir='ltr'><strong>LIB.</strong></span> <span class='ocrx_word' id='word_1_5' title='bbox 1183 268 1246 302; x_wconf 86' lang='lat' dir='ltr'>VI.</span> <span class='ocrx_word' id='word_1_6' title='bbox 1520 265 1588 303; x_wconf 80' lang='lat'>155</span> 
     </span>
    </p>
   </div>
   <div class='ocr_carea' id='block_1_2' title="bbox 177 350 1598 2705">
    <p class='ocr_par' dir='ltr' id='par_1_2' title="bbox 178 350 1596 1475">
     <span class='ocr_line' id='line_1_2' title="bbox 185 350 1591 414; baseline 0.001 -18"><span class='ocrx_word' id='word_1_7' title='bbox 185 352 326 396; x_wconf 83' lang='lat' dir='ltr'>tinere</span> <span class='ocrx_word' id='word_1_8' title='bbox 362 350 417 395; x_wconf 89' lang='lat' dir='ltr'>ad</span> <span class='ocrx_word' id='word_1_9' title='bbox 458 352 583 414; x_wconf 84' lang='lat' dir='ltr'>signa</span> <span class='ocrx_word' id='word_1_10' title='bbox 620 351 874 414; x_wconf 87' lang='lat' dir='ltr'>manipulos</span> <span class='ocrx_word' id='word_1_11' title='bbox 903 352 1062 411; x_wconf 87' lang='lat' dir='ltr'>vellet,</span> <span class='ocrx_word' id='word_1_12' title='bbox 1093 363 1142 397; x_wconf 89' lang='lat' dir='ltr'>ut</span> <span class='ocrx_word' id='word_1_13' title='bbox 1174 353 1377 397; x_wconf 87' lang='lat' dir='ltr'>instituta</span> <span class='ocrx_word' id='word_1_14' title='bbox 1401 353 1515 397; x_wconf 85' lang='lat' dir='ltr'>ratio</span> <span class='ocrx_word' id='word_1_15' title='bbox 1547 362 1591 398; x_wconf 87' lang='lat' dir='ltr'>et</span> 
     </span>
     <span class='ocr_line' id='line_1_3' title="bbox 183 432 1593 496; baseline 0.001 -18"><span class='ocrx_word' id='word_1_16' title='bbox 183 432 459 478; x_wconf 84' lang='lat' dir='ltr'>consuetudo</span> <span class='ocrx_word' id='word_1_17' title='bbox 489 434 706 478; x_wconf 83' lang='lat' dir='ltr'>exercitus</span> <span class='ocrx_word' id='word_1_18' title='bbox 733 435 906 478; x_wconf 87' lang='lat' dir='ltr'>romani</span> <span class='ocrx_word' id='word_1_19' title='bbox 934 433 1208 495; x_wconf 83' lang='lat' dir='ltr'>postulabat,</span> <span class='ocrx_word' id='word_1_20' title='bbox 1232 434 1353 479; x_wconf 88' lang='lat' dir='ltr'>locus</span> <span class='ocrx_word' id='word_1_21' title='bbox 1378 435 1472 496; x_wconf 90' lang='lat' dir='ltr'>ipse</span> <span class='ocrx_word' id='word_1_22' title='bbox 1497 444 1593 480; x_wconf 86' lang='lat' dir='ltr'>erat</span> 
     </span>
     <span class='ocr_line' id='line_1_4' title="bbox 183 514 1590 578; baseline 0.001 -20"><span class='ocrx_word' id='word_1_23' title='bbox 183 514 388 576; x_wconf 89' lang='lat' dir='ltr'>praesidio</span> <span class='ocrx_word' id='word_1_24' title='bbox 407 515 633 571; x_wconf 87' lang='lat' dir='ltr'>barbaris,</span> <span class='ocrx_word' id='word_1_25' title='bbox 655 532 800 576; x_wconf 89' lang='lat' dir='ltr'>neque</span> <span class='ocrx_word' id='word_1_26' title='bbox 822 532 875 559; x_wconf 83' lang='lat' dir='ltr'>ex</span> <span class='ocrx_word' id='word_1_27' title='bbox 895 514 1072 560; x_wconf 82' lang='lat' dir='ltr'>occulto</span> <span class='ocrx_word' id='word_1_28' title='bbox 1094 515 1332 562; x_wconf 89' lang='lat' dir='ltr'>insidiandi</span> <span class='ocrx_word' id='word_1_29' title='bbox 1356 526 1399 560; x_wconf 89' lang='lat' dir='ltr'>et</span> <span class='ocrx_word' id='word_1_30' title='bbox 1421 515 1590 578; x_wconf 90' lang='lat' dir='ltr'>disper-</span> 
     </span>
     <span class='ocr_line' id='line_1_5' title="bbox 183 596 1591 658; baseline 0.001 -18"><span class='ocrx_word' id='word_1_31' title='bbox 183 613 252 640; x_wconf 92' lang='lat' dir='ltr'>sos</span> <span class='ocrx_word' id='word_1_32' title='bbox 281 596 661 641; x_wconf 88' lang='lat' dir='ltr'>circumveniendi</span> <span class='ocrx_word' id='word_1_33' title='bbox 688 596 873 658; x_wconf 87' lang='lat' dir='ltr'>singulis</span> <span class='ocrx_word' id='word_1_34' title='bbox 899 596 1051 641; x_wconf 83' lang='lat' dir='ltr'>deerat</span> <span class='ocrx_word' id='word_1_35' title='bbox 1081 596 1277 641; x_wconf 88' lang='lat' dir='ltr'>audacia.</span> <span class='ocrx_word' id='word_1_36' title='bbox 1307 600 1365 642; x_wconf 84' lang='lat' dir='ltr'>At</span> <span class='ocrx_word' id='word_1_37' title='bbox 1398 597 1444 641; x_wconf 91' lang='lat' dir='ltr'>in</span> <span class='ocrx_word' id='word_1_38' title='bbox 1476 598 1591 658; x_wconf 86' lang='lat' dir='ltr'>ejus-</span> 
     </span>
     <span class='ocr_line' id='line_1_6' title="bbox 182 677 1593 741; baseline 0 -19"><span class='ocrx_word' id='word_1_39' title='bbox 182 678 302 723; x_wconf 87' lang='lat' dir='ltr'>modi</span> <span class='ocrx_word' id='word_1_40' title='bbox 330 677 692 735; x_wconf 79' lang='lat' dir='ltr'>difficuitatibus,</span> <span class='ocrx_word' id='word_1_41' title='bbox 719 688 938 740; x_wconf 86' lang='lat' dir='ltr'>quantum</span> <span class='ocrx_word' id='word_1_42' title='bbox 963 678 1195 741; x_wconf 82' lang='lat' dir='ltr'>diligentia</span> <span class='ocrx_word' id='word_1_43' title='bbox 1217 678 1442 740; x_wconf 86' lang='lat' dir='ltr'>provideri</span> <span class='ocrx_word' id='word_1_44' title='bbox 1468 688 1593 739; x_wconf 84' lang='lat' dir='ltr'>pote-</span> 
     </span>
     <span class='ocr_line' id='line_1_7' title="bbox 181 759 1593 822; baseline 0 -18"><span class='ocrx_word' id='word_1_45' title='bbox 181 770 272 817; x_wconf 84' lang='lat' dir='ltr'>rat,</span> <span class='ocrx_word' id='word_1_46' title='bbox 294 759 641 821; x_wconf 76' lang='lat' dir='ltr'>providebatur3</span> <span class='ocrx_word' id='word_1_47' title='bbox 666 770 714 805; x_wconf 92' lang='lat' dir='ltr'>ut</span> <span class='ocrx_word' id='word_1_48' title='bbox 743 761 890 822; x_wconf 90' lang='lat' dir='ltr'>potius</span> <span class='ocrx_word' id='word_1_49' title='bbox 919 762 966 806; x_wconf 92' lang='lat' dir='ltr'>in</span> <span class='ocrx_word' id='word_1_50' title='bbox 995 760 1197 806; x_wconf 87' lang='lat' dir='ltr'>nocendo</span> <span class='ocrx_word' id='word_1_51' title='bbox 1222 759 1392 822; x_wconf 89' lang='lat' dir='ltr'>aliquid</span> <span class='ocrx_word' id='word_1_52' title='bbox 1417 761 1593 804; x_wconf 89' lang='lat' dir='ltr'>omitte-</span> 
     </span>
     <span class='ocr_line' id='line_1_8' title="bbox 180 842 1592 903; baseline 0 -17"><span class='ocrx_word' id='word_1_53' title='bbox 180 852 317 898; x_wconf 84' lang='lat' dir='ltr'><strong>retur,</strong></span> <span class='ocrx_word' id='word_1_54' title='bbox 333 843 415 886; x_wconf 90' lang='lat' dir='ltr'>etsi</span> <span class='ocrx_word' id='word_1_55' title='bbox 430 843 634 888; x_wconf 90' lang='lat' dir='ltr'>omnium</span> <span class='ocrx_word' id='word_1_56' title='bbox 649 843 788 887; x_wconf 86' lang='lat' dir='ltr'>animi</span> <span class='ocrx_word' id='word_1_57' title='bbox 804 843 860 887; x_wconf 88' lang='lat' dir='ltr'>ad</span> <span class='ocrx_word' id='word_1_58' title='bbox 876 842 1186 889; x_wconf 88' lang='lat' dir='ltr'>ulciscendum</span> <span class='ocrx_word' id='word_1_59' title='bbox 1201 842 1442 900; x_wconf 78' lang='lat' dir='ltr'>ardebant,</span> <span class='ocrx_word' id='word_1_60' title='bbox 1459 859 1592 903; x_wconf 84' lang='lat' dir='ltr'>quam</span> 
     </span>
     <span class='ocr_line' id='line_1_9' title="bbox 179 922 1593 985; baseline 0.001 -18"><span class='ocrx_word' id='word_1_61' title='bbox 179 940 280 967; x_wconf 88' lang='lat' dir='ltr'>cum</span> <span class='ocrx_word' id='word_1_62' title='bbox 319 922 469 985; x_wconf 86' lang='lat' dir='ltr'>aliquo</span> <span class='ocrx_word' id='word_1_63' title='bbox 508 925 780 970; x_wconf 88' lang='lat' dir='ltr'>detrimento</span> <span class='ocrx_word' id='word_1_64' title='bbox 823 924 1017 970; x_wconf 89' lang='lat' dir='ltr'>militum</span> <span class='ocrx_word' id='word_1_65' title='bbox 1059 935 1310 970; x_wconf 86' lang='lat' dir='ltr'>noceretur.</span> <span class='ocrx_word' id='word_1_66' title='bbox 1352 927 1499 971; x_wconf 83' lang='lat' dir='ltr'>Caesar</span> <span class='ocrx_word' id='word_1_67' title='bbox 1538 924 1593 968; x_wconf 84' lang='lat' dir='ltr'>ad</span> 
     </span>
     <span class='ocr_line' id='line_1_10' title="bbox 179 1005 1595 1052; baseline 0.001 -3"><span class='ocrx_word' id='word_1_68' title='bbox 179 1005 389 1050; x_wconf 89' lang='lat' dir='ltr'>finitimas</span> <span class='ocrx_word' id='word_1_69' title='bbox 413 1007 615 1052; x_wconf 86' lang='lat' dir='ltr'>civitates</span> <span class='ocrx_word' id='word_1_70' title='bbox 646 1008 831 1052; x_wconf 86' lang='lat' dir='ltr'>nuntios</span> <span class='ocrx_word' id='word_1_71' title='bbox 855 1007 1044 1052; x_wconf 80' lang='lat' dir='ltr'>dimittit</span> <span class='ocrx_word' id='word_1_72' title='bbox 1069 1025 1077 1051; x_wconf 91' lang='lat'>:</span> <span class='ocrx_word' id='word_1_73' title='bbox 1106 1024 1262 1052; x_wconf 87' lang='lat' dir='ltr'>omnes</span> <span class='ocrx_word' id='word_1_74' title='bbox 1286 1006 1341 1051; x_wconf 89' lang='lat' dir='ltr'>ad</span> <span class='ocrx_word' id='word_1_75' title='bbox 1365 1023 1409 1051; x_wconf 87' lang='lat' dir='ltr'>se</span> <span class='ocrx_word' id='word_1_76' title='bbox 1442 1016 1595 1050; x_wconf 86' lang='lat' dir='ltr'>evocat</span> 
     </span>
     <span class='ocr_line' id='line_1_11' title="bbox 179 1086 1595 1150; baseline 0.001 -20"><span class='ocrx_word' id='word_1_77' title='bbox 179 1103 256 1148; x_wconf 89' lang='lat' dir='ltr'>spe</span> <span class='ocrx_word' id='word_1_78' title='bbox 277 1086 459 1148; x_wconf 86' lang='lat' dir='ltr'>praedae,</span> <span class='ocrx_word' id='word_1_79' title='bbox 482 1087 538 1132; x_wconf 89' lang='lat' dir='ltr'>ad</span> <span class='ocrx_word' id='word_1_80' title='bbox 562 1087 838 1150; x_wconf 84' lang='lat' dir='ltr'>diripiendos</span> <span class='ocrx_word' id='word_1_81' title='bbox 861 1089 1121 1145; x_wconf 82' lang='lat' dir='ltr'>Eburones,</span> <span class='ocrx_word' id='word_1_82' title='bbox 1148 1099 1196 1133; x_wconf 92' lang='lat' dir='ltr'>ut</span> <span class='ocrx_word' id='word_1_83' title='bbox 1227 1089 1374 1150; x_wconf 87' lang='lat' dir='ltr'>potius</span> <span class='ocrx_word' id='word_1_84' title='bbox 1399 1089 1442 1132; x_wconf 87' lang='lat' dir='ltr'>in</span> <span class='ocrx_word' id='word_1_85' title='bbox 1473 1086 1595 1132; x_wconf 81' lang='lat' dir='ltr'>silvis</span> 
     </span>
     <span class='ocr_line' id='line_1_12' title="bbox 178 1167 1596 1232; baseline 0.001 -20"><span class='ocrx_word' id='word_1_86' title='bbox 178 1167 417 1213; x_wconf 83' lang='lat' dir='ltr'>Gallorum</span> <span class='ocrx_word' id='word_1_87' title='bbox 441 1171 553 1227; x_wconf 88' lang='lat' dir='ltr'>vita,</span> <span class='ocrx_word' id='word_1_88' title='bbox 574 1186 708 1230; x_wconf 87' lang='lat' dir='ltr'>quam</span> <span class='ocrx_word' id='word_1_89' title='bbox 736 1170 1006 1232; x_wconf 86' lang='lat' dir='ltr'>legionarius</span> <span class='ocrx_word' id='word_1_90' title='bbox 1032 1170 1179 1228; x_wconf 88' lang='lat' dir='ltr'>miles,</span> <span class='ocrx_word' id='word_1_91' title='bbox 1210 1169 1513 1232; x_wconf 72' lang='lat' dir='ltr'>pe1¹iclitetur;</span> <span class='ocrx_word' id='word_1_92' title='bbox 1540 1171 1596 1214; x_wconf 91' lang='lat' dir='ltr'>si-</span> 
     </span>
     <span class='ocr_line' id='line_1_13' title="bbox 179 1249 1596 1314; baseline 0 -20"><span class='ocrx_word' id='word_1_93' title='bbox 179 1249 272 1294; x_wconf 88' lang='lat' dir='ltr'>mul</span> <span class='ocrx_word' id='word_1_94' title='bbox 306 1262 381 1310; x_wconf 89' lang='lat' dir='ltr'>ut,</span> <span class='ocrx_word' id='word_1_95' title='bbox 417 1269 576 1314; x_wconf 83' lang='lat' dir='ltr'>magna</span> <span class='ocrx_word' id='word_1_96' title='bbox 603 1251 892 1298; x_wconf 88' lang='lat' dir='ltr'>multitudine</span> <span class='ocrx_word' id='word_1_97' title='bbox 935 1252 1232 1309; x_wconf 86' lang='lat' dir='ltr'>circumfusa,</span> <span class='ocrx_word' id='word_1_98' title='bbox 1264 1269 1345 1314; x_wconf 86' lang='lat' dir='ltr'>pro</span> <span class='ocrx_word' id='word_1_99' title='bbox 1383 1250 1456 1296; x_wconf 87' lang='lat' dir='ltr'>tali</span> <span class='ocrx_word' id='word_1_100' title='bbox 1493 1251 1596 1295; x_wconf 84' lang='lat' dir='ltr'>faci-</span> 
     </span>
     <span class='ocr_line' id='line_1_14' title="bbox 180 1332 1595 1396; baseline 0 -19"><span class='ocrx_word' id='word_1_101' title='bbox 180 1350 313 1389; x_wconf 83' lang='lat' dir='ltr'>nore,</span> <span class='ocrx_word' id='word_1_102' title='bbox 341 1336 476 1396; x_wconf 85' lang='lat' dir='ltr'>stirps</span> <span class='ocrx_word' id='word_1_103' title='bbox 506 1351 556 1379; x_wconf 87' lang='lat' dir='ltr'>ac</span> <span class='ocrx_word' id='word_1_104' title='bbox 581 1351 744 1379; x_wconf 90' lang='lat' dir='ltr'>nomen</span> <span class='ocrx_word' id='word_1_105' title='bbox 779 1335 969 1379; x_wconf 82' lang='lat' dir='ltr'>civitatis</span> <span class='ocrx_word' id='word_1_106' title='bbox 1002 1333 1201 1378; x_wconf 88' lang='lat' dir='ltr'>tollatur.</span> <span class='ocrx_word' id='word_1_107' title='bbox 1237 1336 1430 1396; x_wconf 81' lang='lat' dir='ltr'>Magnus</span> <span class='ocrx_word' id='word_1_108' title='bbox 1463 1332 1595 1378; x_wconf 90' lang='lat' dir='ltr'>undi-</span> 
     </span>
     <span class='ocr_line' id='line_1_15' title="bbox 181 1414 993 1475; baseline 0.002 -17"><span class='ocrx_word' id='word_1_109' title='bbox 181 1432 267 1475; x_wconf 90' lang='lat' dir='ltr'>que</span> <span class='ocrx_word' id='word_1_110' title='bbox 295 1432 509 1460; x_wconf 87' lang='lat' dir='ltr'>numerus</span> <span class='ocrx_word' id='word_1_111' title='bbox 540 1414 746 1460; x_wconf 83' lang='lat' dir='ltr'>celeriter</span> <span class='ocrx_word' id='word_1_112' title='bbox 772 1416 993 1460; x_wconf 86' lang='lat' dir='ltr'>convenit.</span> 
     </span>
    </p>

    <p class='ocr_par' dir='ltr' id='par_1_3' title="bbox 177 1495 1598 2705">
     <span class='ocr_line' id='line_1_16' title="bbox 242 1495 1596 1558; baseline 0.001 -19"><span class='ocrx_word' id='word_1_113' title='bbox 242 1497 433 1539; x_wconf 87' lang='lat' dir='ltr'><strong>XXXV.</strong></span> <span class='ocrx_word' id='word_1_114' title='bbox 471 1497 574 1542; x_wconf 85' lang='lat' dir='ltr'>Haec</span> <span class='ocrx_word' id='word_1_115' title='bbox 608 1498 655 1541; x_wconf 92' lang='lat' dir='ltr'>in</span> <span class='ocrx_word' id='word_1_116' title='bbox 692 1496 900 1541; x_wconf 83' lang='lat' dir='ltr'>omnibus</span> <span class='ocrx_word' id='word_1_117' title='bbox 936 1496 1200 1542; x_wconf 86' lang='lat' dir='ltr'>Eburonum</span> <span class='ocrx_word' id='word_1_118' title='bbox 1230 1495 1433 1557; x_wconf 88' lang='lat' dir='ltr'>partibus</span> <span class='ocrx_word' id='word_1_119' title='bbox 1469 1512 1596 1558; x_wconf 82' lang='lat' dir='ltr'>gere-</span> 
     </span>
     <span class='ocr_line' id='line_1_17' title="bbox 177 1577 1595 1640; baseline 0.001 -20"><span class='ocrx_word' id='word_1_120' title='bbox 177 1577 361 1635; x_wconf 78' lang='lat' dir='ltr'>bantur,</span> <span class='ocrx_word' id='word_1_121' title='bbox 386 1577 570 1640; x_wconf 88' lang='lat' dir='ltr'>diesque</span> <span class='ocrx_word' id='word_1_122' title='bbox 595 1578 833 1640; x_wconf 85' lang='lat' dir='ltr'>appetebat</span> <span class='ocrx_word' id='word_1_123' title='bbox 857 1579 1093 1639; x_wconf 85' lang='lat' dir='ltr'>septimus,</span> <span class='ocrx_word' id='word_1_124' title='bbox 1113 1595 1248 1639; x_wconf 89' lang='lat' dir='ltr'>quem</span> <span class='ocrx_word' id='word_1_125' title='bbox 1276 1578 1333 1622; x_wconf 91' lang='lat' dir='ltr'>ad</span> <span class='ocrx_word' id='word_1_126' title='bbox 1360 1578 1478 1622; x_wconf 89' lang='lat' dir='ltr'>diem</span> <span class='ocrx_word' id='word_1_127' title='bbox 1500 1581 1595 1624; x_wconf 84' lang='lat' dir='ltr'>Cae-</span> 
     </span>
     <span class='ocr_line' id='line_1_18' title="bbox 178 1659 1594 1722; baseline 0.001 -19"><span class='ocrx_word' id='word_1_128' title='bbox 178 1675 249 1703; x_wconf 84' lang='lat' dir='ltr'>sar</span> <span class='ocrx_word' id='word_1_129' title='bbox 282 1659 337 1703; x_wconf 89' lang='lat' dir='ltr'>ad</span> <span class='ocrx_word' id='word_1_130' title='bbox 376 1660 698 1721; x_wconf 88' lang='lat' dir='ltr'>impedimenta</span> <span class='ocrx_word' id='word_1_131' title='bbox 738 1659 1050 1722; x_wconf 86' lang='lat' dir='ltr'>legionemque</span> <span class='ocrx_word' id='word_1_132' title='bbox 1086 1660 1251 1704; x_wconf 84' lang='lat' dir='ltr'>reverti</span> <span class='ocrx_word' id='word_1_133' title='bbox 1285 1661 1594 1705; x_wconf 85' lang='lat' dir='ltr'>constituerat.</span> 
     </span>
     <span class='ocr_line' id='line_1_19' title="bbox 178 1741 1598 1803; baseline 0.001 -18"><span class='ocrx_word' id='word_1_134' title='bbox 178 1741 286 1798; x_wconf 91' lang='lat' dir='ltr'>Hic,</span> <span class='ocrx_word' id='word_1_135' title='bbox 310 1750 532 1802; x_wconf 88' lang='lat' dir='ltr'>quantum</span> <span class='ocrx_word' id='word_1_136' title='bbox 557 1743 603 1786; x_wconf 89' lang='lat' dir='ltr'>in</span> <span class='ocrx_word' id='word_1_137' title='bbox 629 1741 747 1786; x_wconf 93' lang='lat' dir='ltr'>bello</span> <span class='ocrx_word' id='word_1_138' title='bbox 773 1742 953 1786; x_wconf 87' lang='lat' dir='ltr'>fortuna</span> <span class='ocrx_word' id='word_1_139' title='bbox 974 1743 1130 1803; x_wconf 87' lang='lat' dir='ltr'>possit,</span> <span class='ocrx_word' id='word_1_140' title='bbox 1153 1752 1198 1786; x_wconf 88' lang='lat' dir='ltr'>et</span> <span class='ocrx_word' id='word_1_141' title='bbox 1220 1752 1410 1803; x_wconf 88' lang='lat' dir='ltr'>quantos</span> <span class='ocrx_word' id='word_1_142' title='bbox 1438 1742 1598 1787; x_wconf 85' lang='lat' dir='ltr'>afferat</span> 
     </span>
     <span class='ocr_line' id='line_1_20' title="bbox 179 1824 1596 1886; baseline 0.001 -19"><span class='ocrx_word' id='word_1_143' title='bbox 179 1839 326 1881; x_wconf 61' lang='lat' dir='ltr'>casm,</span> <span class='ocrx_word' id='word_1_144' title='bbox 353 1825 564 1886; x_wconf 85' lang='lat' dir='ltr'>cognosci</span> <span class='ocrx_word' id='word_1_145' title='bbox 583 1825 744 1885; x_wconf 90' lang='lat' dir='ltr'>potuit.</span> <span class='ocrx_word' id='word_1_146' title='bbox 767 1824 1005 1885; x_wconf 85' lang='lat' dir='ltr'>Dissipatis</span> <span class='ocrx_word' id='word_1_147' title='bbox 1029 1840 1079 1867; x_wconf 86' lang='lat' dir='ltr'>ac</span> <span class='ocrx_word' id='word_1_148' title='bbox 1100 1824 1350 1884; x_wconf 86' lang='lat' dir='ltr'>perterritis</span> <span class='ocrx_word' id='word_1_149' title='bbox 1370 1825 1596 1881; x_wconf 82' lang='lat' dir='ltr'>hostibus,</span> 
     </span>
     <span class='ocr_line' id='line_1_21' title="bbox 179 1903 1597 1967; baseline 0.003 -19"><span class='ocrx_word' id='word_1_150' title='bbox 179 1916 228 1949; x_wconf 93' lang='lat' dir='ltr'>ut</span> <span class='ocrx_word' id='word_1_151' title='bbox 246 1905 673 1963; x_wconf 88' lang='lat' dir='ltr'>demonstravimus,</span> <span class='ocrx_word' id='word_1_152' title='bbox 693 1922 853 1950; x_wconf 88' lang='lat' dir='ltr'>manus</span> <span class='ocrx_word' id='word_1_153' title='bbox 867 1915 963 1949; x_wconf 86' lang='lat' dir='ltr'>erat</span> <span class='ocrx_word' id='word_1_154' title='bbox 979 1903 1122 1961; x_wconf 90' lang='lat' dir='ltr'>nulla,</span> <span class='ocrx_word' id='word_1_155' title='bbox 1140 1922 1237 1966; x_wconf 83' lang='lat' dir='ltr'>quae</span> <span class='ocrx_word' id='word_1_156' title='bbox 1261 1922 1443 1967; x_wconf 85' lang='lat' dir='ltr'>parvam</span> <span class='ocrx_word' id='word_1_157' title='bbox 1464 1906 1597 1952; x_wconf 87' lang='lat' dir='ltr'>modo</span> 
     </span>
     <span class='ocr_line' id='line_1_22' title="bbox 180 1986 1596 2034; baseline 0.002 -4"><span class='ocrx_word' id='word_1_158' title='bbox 180 2004 358 2032; x_wconf 86' lang='lat' dir='ltr'>causam</span> <span class='ocrx_word' id='word_1_159' title='bbox 395 1987 568 2033; x_wconf 88' lang='lat' dir='ltr'>timoris</span> <span class='ocrx_word' id='word_1_160' title='bbox 603 1986 794 2032; x_wconf 88' lang='lat' dir='ltr'>afferret.</span> <span class='ocrx_word' id='word_1_161' title='bbox 829 1988 972 2031; x_wconf 87' lang='lat' dir='ltr'>Trans</span> <span class='ocrx_word' id='word_1_162' title='bbox 1009 1987 1221 2031; x_wconf 85' lang='lat' dir='ltr'>Rhenum</span> <span class='ocrx_word' id='word_1_163' title='bbox 1257 1987 1313 2031; x_wconf 90' lang='lat' dir='ltr'>ad</span> <span class='ocrx_word' id='word_1_164' title='bbox 1346 1990 1596 2034; x_wconf 84' lang='lat' dir='ltr'>Germanos</span> 
     </span>
     <span class='ocr_line' id='line_1_23' title="bbox 182 2067 1595 2131; baseline 0.001 -19"><span class='ocrx_word' id='word_1_165' title='bbox 182 2070 385 2129; x_wconf 84' lang='lat' dir='ltr'>pervenit</span> <span class='ocrx_word' id='word_1_166' title='bbox 413 2069 557 2127; x_wconf 86' lang='lat' dir='ltr'>fama,</span> <span class='ocrx_word' id='word_1_167' title='bbox 587 2069 721 2131; x_wconf 90' lang='lat' dir='ltr'>diripi</span> <span class='ocrx_word' id='word_1_168' title='bbox 754 2069 1007 2126; x_wconf 88' lang='lat' dir='ltr'>Eburones,</span> <span class='ocrx_word' id='word_1_169' title='bbox 1038 2078 1171 2130; x_wconf 88' lang='lat' dir='ltr'>atque</span> <span class='ocrx_word' id='word_1_170' title='bbox 1205 2067 1327 2113; x_wconf 89' lang='lat' dir='ltr'>ultro</span> <span class='ocrx_word' id='word_1_171' title='bbox 1352 2086 1509 2114; x_wconf 90' lang='lat' dir='ltr'>omnes</span> <span class='ocrx_word' id='word_1_172' title='bbox 1542 2070 1595 2114; x_wconf 87' lang='lat' dir='ltr'>ad</span> 
     </span>
     <span class='ocr_line' id='line_1_24' title="bbox 184 2149 1596 2213; baseline 0.001 -19"><span class='ocrx_word' id='word_1_173' title='bbox 184 2151 377 2211; x_wconf 76' lang='lat' dir='ltr'>praedam</span> <span class='ocrx_word' id='word_1_174' title='bbox 408 2152 600 2196; x_wconf 86' lang='lat' dir='ltr'>evocari.</span> <span class='ocrx_word' id='word_1_175' title='bbox 627 2153 810 2213; x_wconf 80' lang='lat' dir='ltr'>Cogunt</span> <span class='ocrx_word' id='word_1_176' title='bbox 834 2151 1036 2212; x_wconf 82' lang='lat' dir='ltr'>equiturn</span> <span class='ocrx_word' id='word_1_177' title='bbox 1065 2150 1154 2196; x_wconf 90' lang='lat' dir='ltr'>duo</span> <span class='ocrx_word' id='word_1_178' title='bbox 1186 2149 1326 2195; x_wconf 85' lang='lat' dir='ltr'>millia</span> <span class='ocrx_word' id='word_1_179' title='bbox 1350 2152 1596 2213; x_wconf 85' lang='lat' dir='ltr'>Sigambri,</span> 
     </span>
     <span class='ocr_line' id='line_1_25' title="bbox 182 2233 1597 2296; baseline 0.002 -20"><span class='ocrx_word' id='word_1_180' title='bbox 182 2233 258 2294; x_wconf 90' lang='lat' dir='ltr'>qui</span> <span class='ocrx_word' id='word_1_181' title='bbox 299 2243 403 2277; x_wconf 87' lang='lat' dir='ltr'>sunt</span> <span class='ocrx_word' id='word_1_182' title='bbox 445 2233 638 2294; x_wconf 78' lang='lat' dir='ltr'>proximi</span> <span class='ocrx_word' id='word_1_183' title='bbox 681 2233 869 2289; x_wconf 86' lang='lat' dir='ltr'>Rheno,</span> <span class='ocrx_word' id='word_1_184' title='bbox 903 2250 928 2277; x_wconf 85' lang='lat' dir='ltr'>a</span> <span class='ocrx_word' id='word_1_185' title='bbox 964 2233 1127 2294; x_wconf 92' lang='lat' dir='ltr'>quibus</span> <span class='ocrx_word' id='word_1_186' title='bbox 1165 2242 1369 2294; x_wconf 90' lang='lat' dir='ltr'>receptos</span> <span class='ocrx_word' id='word_1_187' title='bbox 1402 2250 1455 2278; x_wconf 84' lang='lat' dir='ltr'>ex</span> <span class='ocrx_word' id='word_1_188' title='bbox 1492 2233 1597 2296; x_wconf 80' lang='lat' dir='ltr'>fuga</span> 
     </span>
     <span class='ocr_line' id='line_1_26' title="bbox 182 2314 1595 2377; baseline 0.001 -19"><span class='ocrx_word' id='word_1_189' title='bbox 182 2314 491 2359; x_wconf 78' lang='lat' dir='ltr'>&#39;l&#39;enchtheros</span> <span class='ocrx_word' id='word_1_190' title='bbox 514 2325 649 2375; x_wconf 87' lang='lat' dir='ltr'>atque</span> <span class='ocrx_word' id='word_1_191' title='bbox 672 2315 882 2376; x_wconf 90' lang='lat' dir='ltr'>Usipetes</span> <span class='ocrx_word' id='word_1_192' title='bbox 913 2331 1046 2377; x_wconf 89' lang='lat' dir='ltr'>supra</span> <span class='ocrx_word' id='word_1_193' title='bbox 1072 2314 1308 2359; x_wconf 89' lang='lat' dir='ltr'>docuimus</span> <span class='ocrx_word' id='word_1_194' title='bbox 1329 2331 1338 2358; x_wconf 93' lang='lat'><strong>:</strong></span> <span class='ocrx_word' id='word_1_195' title='bbox 1364 2325 1595 2361; x_wconf 87' lang='lat' dir='ltr'>transeunt</span> 
     </span>
     <span class='ocr_line' id='line_1_27' title="bbox 183 2395 1590 2459; baseline 0.001 -19"><span class='ocrx_word' id='word_1_196' title='bbox 183 2395 393 2440; x_wconf 81' lang='lat' dir='ltr'>Rhenum</span> <span class='ocrx_word' id='word_1_197' title='bbox 426 2396 613 2440; x_wconf 88' lang='lat' dir='ltr'>navibus</span> <span class='ocrx_word' id='word_1_198' title='bbox 639 2397 918 2459; x_wconf 88' lang='lat' dir='ltr'>ratibusque,</span> <span class='ocrx_word' id='word_1_199' title='bbox 948 2414 1039 2441; x_wconf 80' lang='lat' dir='ltr'>xxx</span> <span class='ocrx_word' id='word_1_200' title='bbox 1068 2395 1267 2441; x_wconf 87' lang='lat' dir='ltr'>millibus</span> <span class='ocrx_word' id='word_1_201' title='bbox 1290 2413 1500 2458; x_wconf 87' lang='lat' dir='ltr'>passuum</span> <span class='ocrx_word' id='word_1_202' title='bbox 1527 2399 1590 2442; x_wconf 84' lang='lat' dir='ltr'>in-</span> 
     </span>
     <span class='ocr_line' id='line_1_28' title="bbox 185 2477 1594 2541; baseline 0 -19"><span class='ocrx_word' id='word_1_203' title='bbox 185 2478 249 2522; x_wconf 87' lang='lat' dir='ltr'>fra</span> <span class='ocrx_word' id='word_1_204' title='bbox 279 2495 382 2522; x_wconf 87' lang='lat' dir='ltr'>eum</span> <span class='ocrx_word' id='word_1_205' title='bbox 413 2477 565 2523; x_wconf 90' lang='lat' dir='ltr'>locum</span> <span class='ocrx_word' id='word_1_206' title='bbox 595 2479 672 2523; x_wconf 90' lang='lat' dir='ltr'>ubi</span> <span class='ocrx_word' id='word_1_207' title='bbox 701 2496 813 2540; x_wconf 91' lang='lat' dir='ltr'>pons</span> <span class='ocrx_word' id='word_1_208' title='bbox 843 2489 938 2524; x_wconf 78' lang='lat' dir='ltr'>erat</span> <span class='ocrx_word' id='word_1_209' title='bbox 969 2479 1217 2541; x_wconf 84' lang='lat' dir='ltr'>perfectus,</span> <span class='ocrx_word' id='word_1_210' title='bbox 1250 2479 1594 2540; x_wconf 87' lang='lat' dir='ltr'>praesidiumque</span> 
     </span>
     <span class='ocr_line' id='line_1_29' title="bbox 186 2558 1592 2622; baseline 0 -19"><span class='ocrx_word' id='word_1_211' title='bbox 186 2559 240 2603; x_wconf 87' lang='lat' dir='ltr'>ab</span> <span class='ocrx_word' id='word_1_212' title='bbox 272 2560 446 2604; x_wconf 83' lang='lat' dir='ltr'>Caesare</span> <span class='ocrx_word' id='word_1_213' title='bbox 477 2558 686 2604; x_wconf 84' lang='lat' dir='ltr'>relictum</span> <span class='ocrx_word' id='word_1_214' title='bbox 720 2578 728 2603; x_wconf 74' lang='grc' dir='ltr'>ε</span> <span class='ocrx_word' id='word_1_215' title='bbox 757 2562 926 2622; x_wconf 89' lang='lat' dir='ltr'>primos</span> <span class='ocrx_word' id='word_1_216' title='bbox 959 2561 1224 2606; x_wconf 86' lang='lat' dir='ltr'>Eburonum</span> <span class='ocrx_word' id='word_1_217' title='bbox 1256 2560 1367 2604; x_wconf 88' lang='lat' dir='ltr'>fines</span> <span class='ocrx_word' id='word_1_218' title='bbox 1402 2559 1592 2615; x_wconf 88' lang='lat' dir='ltr'>adeunt,</span> 
     </span>
     <span class='ocr_line' id='line_1_30' title="bbox 190 2641 1593 2705; baseline 0 -21"><span class='ocrx_word' id='word_1_219' title='bbox 190 2641 351 2686; x_wconf 88' lang='lat' dir='ltr'>multos</span> <span class='ocrx_word' id='word_1_220' title='bbox 382 2659 434 2687; x_wconf 79' lang='lat' dir='ltr'>ex</span> <span class='ocrx_word' id='word_1_221' title='bbox 465 2642 569 2704; x_wconf 83' lang='lat' dir='ltr'>fuga</span> <span class='ocrx_word' id='word_1_222' title='bbox 598 2642 819 2704; x_wconf 88' lang='lat' dir='ltr'>dispersos</span> <span class='ocrx_word' id='word_1_223' title='bbox 843 2644 1095 2705; x_wconf 79' lang='lat' dir='ltr'>excipiunt,</span> <span class='ocrx_word' id='word_1_224' title='bbox 1127 2659 1290 2704; x_wconf 82' lang='lat' dir='ltr'>magno</span> <span class='ocrx_word' id='word_1_225' title='bbox 1316 2642 1488 2703; x_wconf 86' lang='lat' dir='ltr'>pecoris</span> <span class='ocrx_word' id='word_1_226' title='bbox 1513 2657 1593 2684; x_wconf 88' lang='lat' dir='ltr'>nu·</span> 
     </span>
    </p>
   </div>
   <div class='ocr_carea' id='block_1_3' title="bbox 192 2722 1591 2786">
    <p class='ocr_par' dir='ltr' id='par_1_4' title="bbox 192 2722 1591 2786">
     <span class='ocr_line' id='line_1_31' title="bbox 192 2722 1591 2786; baseline -0.002 -17"><span class='ocrx_word' id='word_1_227' title='bbox 192 2742 338 2781; x_wconf 78' lang='lat' dir='ltr'>inei-0,</span> <span class='ocrx_word' id='word_1_228' title='bbox 368 2725 495 2785; x_wconf 83' lang='lat' dir='ltr'>cujus</span> <span class='ocrx_word' id='word_1_229' title='bbox 532 2735 635 2768; x_wconf 82' lang='lat' dir='ltr'>sunt</span> <span class='ocrx_word' id='word_1_230' title='bbox 659 2724 934 2786; x_wconf 85' lang='lat' dir='ltr'>cupidissimi</span> <span class='ocrx_word' id='word_1_231' title='bbox 963 2725 1168 2780; x_wconf 82' lang='lat' dir='ltr'>barbari,</span> <span class='ocrx_word' id='word_1_232' title='bbox 1199 2725 1445 2785; x_wconf 87' lang='lat' dir='ltr'>potiuntur.</span> <span class='ocrx_word' id='word_1_233' title='bbox 1476 2722 1591 2767; x_wconf 85' lang='lat' dir='ltr'>Invi-</span> 
     </span>
    </p>
   </div>
  </div>
 </body>
</html>
