1972 3356
425 247 500 284 208
658 245 697 281 C.
727 245 856 280 JULII
885 243 1108 279 CAESARIS
1139 243 1403 280 COMMENT.
1432 248 1577 282 LIBER

424 340 605 393 propter
633 328 864 373 victor-iam
892 326 1188 383 Mithridatis,
1216 336 1259 371 et
1286 327 1583 373 infelicitatem
1624 332 1811 390 Triarii,

422 412 820 470 detrimentumque
849 409 1063 453 exercitus
1091 409 1256 461 nostri,
1285 410 1585 471 superioribus
1621 411 1727 456 locis
1751 423 1814 457 at-

422 507 507 552 que
531 491 764 535 itineribus
790 506 913 551 paene
939 490 1202 550 conjunctus
1230 489 1416 551 oppido,
1438 507 1641 552 magnam
1660 493 1705 536 in
1731 492 1814 537 illis

422 571 620 633 partibus
646 571 779 615 habet
801 569 1096 625 nobilitatem3
1131 587 1210 615 nec
1235 569 1376 614 multo
1414 569 1586 633 longius
1620 571 1815 618 millibus

423 669 632 713 passuum
668 652 808 696 tribus
839 651 962 695 abest
990 650 1044 695 ab
1073 650 1187 695 Zela.
1216 653 1345 695 Hunc
1376 650 1520 695 locum
1546 652 1815 709 Pharnaces,

425 733 644 778 veteribus
670 743 955 794 paternorum
984 731 1176 776 felicium
1206 742 1452 776 castrorum
1478 732 1648 777 refectis
1677 734 1819 794 operi-

425 815 532 871 bus,
559 815 695 876 copiis
720 815 808 858 suis
834 814 1040 858 omnibus
1063 814 1310 875 occupavit.

487 898 693 941 LXXIII.
717 898 888 950 Caesar,
912 912 1049 956 quum
1073 895 1127 938 ab
1153 895 1279 939 hoste
1310 895 1443 940 millia
1463 914 1670 958 passuum
1695 900 1818 960 quin-

424 995 509 1039 que
535 987 678 1022 castra
706 977 944 1038 posuisset,
968 975 1222 1036 videretque
1245 993 1316 1020 eas
1333 976 1488 1035 valles,
1511 979 1671 1039 quibus
1696 981 1816 1041 regia

425 1069 569 1103 castra
596 1059 897 1113 munirentur,
919 1056 1073 1100 eodem
1098 1056 1329 1101 intervallo
1355 1075 1433 1102 sua
1456 1070 1599 1103 castra
1622 1063 1818 1105 munitu-

423 1157 519 1195 ras,
545 1140 579 1183 si
605 1138 736 1182 modo
756 1155 807 1181 ea
842 1136 938 1181 loca
961 1137 1107 1180 hostes
1136 1138 1304 1198 priores
1334 1155 1422 1182 non
1457 1141 1694 1201 cepissent,
1723 1157 1819 1201 quae

424 1219 566 1265 multo
591 1229 716 1263 erant
738 1219 946 1280 propiora
975 1219 1087 1279 regis
1115 1218 1287 1275 castris,
1314 1235 1515 1280 aggerem
1553 1222 1819 1282 comportari

421 1301 548 1362 jubet
576 1302 692 1344 intra
719 1300 1001 1343 munitiones.
1035 1299 1138 1356 Quo
1182 1297 1381 1343 celeriter
1412 1299 1592 1358 collato,
1622 1304 1820 1363 proxima

427 1392 555 1427 nocte
571 1417 582 1436 ‚
608 1380 756 1443 vigilia
778 1389 954 1441 quarta,
978 1379 1226 1441 legionibus
1253 1381 1456 1425 omnibus
1479 1383 1717 1443 expeditis,
1741 1384 1822 1427 im-

426 1463 778 1525 pedimentisque
806 1462 850 1505 in
876 1462 1028 1505 castris
1042 1459 1228 1517 relictis,
1249 1461 1391 1522 prima
1417 1461 1541 1520 luce,
1566 1480 1709 1525 neque
1732 1465 1823 1526 opi-

429 1543 638 1588 nantibus
666 1542 888 1596 hostibus,
920 1557 1019 1584 eum
1047 1541 1189 1601 ipsum
1216 1540 1362 1585 locum
1393 1543 1526 1603 cepit,
1556 1544 1600 1587 in
1625 1561 1713 1604 quo
1743 1545 1824 1588 Mi-

428 1625 640 1669 thridates
670 1623 911 1668 secundum
937 1621 1139 1683 proelium
1166 1621 1373 1666 adversus
1398 1624 1620 1667 Triarium
1648 1624 1819 1669 fecerat.

428 1709 529 1751 Huc
548 1722 724 1750 omnem
743 1713 1069 1764 comportatum
1090 1720 1291 1764 aggerem
1307 1720 1329 1747 e
1350 1705 1503 1747 castris
1525 1706 1700 1750 servitia
1721 1723 1823 1768 age·

429 1797 528 1832 rent
555 1787 707 1847 jussit,
744 1801 799 1828 ne
836 1785 934 1844 quis
973 1783 1026 1826 ab
1061 1800 1192 1843 opere
1226 1783 1349 1827 miles
1396 1783 1658 1840 discederet,
1688 1803 1824 1846 quum

430 1868 572 1929 spatio
598 1883 686 1910 non
711 1863 899 1926 amplius
926 1862 1044 1908 mille
1066 1880 1273 1925 passuum
1303 1865 1505 1908 intercisa
1530 1864 1653 1909 vallis
1686 1875 1826 1911 castra

432 1948 625 1993 hostium
656 1945 870 1990 divideret
905 1945 959 1988 ab
986 1961 1117 2005 opere
1152 1945 1326 2005 incepto
1355 1946 1537 1989 Caesaris
1565 1955 1824 1992 castrorum.

496 2029 699 2074 LXXIV.
718 2027 987 2083 Pharnaces,
1015 2042 1149 2086 quum
1176 2025 1218 2069 id
1238 2035 1418 2087 repente
1443 2027 1584 2086 prima
1610 2025 1707 2070 luce
1737 2028 1828 2071 ani-

435 2109 764 2164 madvertisset,
799 2107 949 2168 copias
986 2123 1084 2150 suas
1118 2123 1271 2150 omnes
1302 2123 1382 2167 pro
1417 2108 1568 2151 castris
1599 2108 1826 2165 instruxit,

437 2209 567 2252 quas,
593 2189 851 2249 interposita
867 2197 988 2232 tanta
1011 2186 1209 2231 locorum
1237 2188 1492 2248 iniquitate,
1514 2188 1829 2233 consuetudine

435 2272 573 2333 magis
600 2269 858 2331 pervulgata
898 2267 1077 2312 militari
1117 2268 1323 2312 credebat
1362 2270 1521 2312 instrui
1564 2272 1728 2326 Caesar,
1761 2268 1828 2313 vel

436 2353 491 2397 ad
514 2369 624 2413 opus
652 2368 779 2395 suum
806 2349 1092 2406 tardandum,
1113 2366 1201 2410 quo
1228 2348 1375 2409 plures
1403 2350 1448 2392 in
1472 2350 1605 2393 armis
1630 2359 1829 2394 teneren-

436 2421 532 2490 tur,
565 2430 631 2476 vel
661 2431 716 2475 ad
751 2430 1086 2475 ostentationem
1121 2430 1251 2491 regiae
1276 2429 1464 2485 fiduciae,
1495 2446 1550 2473 ne
1583 2430 1830 2473 munitione

437 2515 602 2575 magis,
630 2528 762 2573 quam
792 2527 952 2564 manu,
990 2509 1224 2554 defendere
1256 2509 1402 2554 locum
1433 2510 1682 2554 Pharnaces
1715 2508 1830 2554 vide-

438 2606 572 2640 retur.
598 2597 753 2654 Itaque
775 2592 1009 2636 deterritus
1036 2608 1121 2635 non
1152 2601 1235 2647 est,
1267 2608 1355 2652 quo
1380 2592 1548 2644 minus,
1576 2590 1714 2651 prima
1741 2591 1830 2634 acie

440 2693 520 2736 pro
546 2673 661 2719 vallo
683 2675 922 2727 instructa,
946 2669 1114 2731 reliqua
1148 2688 1249 2733 pars
1281 2671 1494 2715 exercitus
1519 2687 1630 2732 opus
1656 2670 1828 2714 faceret.
