1972 3356
551 253 618 288 DE
653 251 815 287 BELLO
843 249 1118 285 AFRICANO.
1459 260 1531 293 217

135 342 218 386 diis
245 338 482 401 impositis,
510 354 563 381 ne
590 337 688 398 quis
716 334 838 380 miles
872 335 917 378 in
951 333 1164 395 oppidum
1203 333 1428 390 introiret,
1459 343 1535 377 aut

135 423 341 483 injuriam
366 419 530 464 faceret
556 419 746 478 cuipiam
775 413 952 471 incolae,
991 432 1080 459 non
1114 413 1245 476 longe
1278 414 1333 458 ab
1369 414 1534 477 oppido

136 502 377 548 secundum
405 500 507 544 litus
537 498 641 543 facit
683 507 837 542 castra.
873 496 1041 542 Eodem
1071 512 1202 540 naves
1244 497 1458 540 onerariae
1491 506 1535 540 et

136 583 276 645 longae
295 579 515 626 nonnullae
534 596 638 623 casu
658 578 958 633 advenerunt3
980 575 1182 637 reliquae,
1204 586 1253 620 ut
1272 586 1337 620 est
1358 578 1397 620 ei
1421 594 1535 621 nun-

136 666 316 718 tiatum,
358 645 533 704 incertae
572 658 793 714 locorum,
837 657 1010 701 Uticam
1049 673 1200 700 versus
1242 667 1391 717 petere
1433 659 1535 702 visae

135 755 248 789 sunt.
270 742 454 787 Interim
475 742 623 785 Caesar
646 756 669 783 a
696 739 806 782 mari
829 754 919 782 non
945 737 1136 799 digredi,
1160 754 1305 798 neque
1328 737 1535 782 mediter-

134 841 264 870 ranea
293 833 441 884 petere
468 831 652 883 propter
676 820 856 863 navium
880 836 1101 874 errorem,
1128 819 1464 880 equitatumque
1489 820 1535 864 111

134 905 319 949 navibus
344 920 521 947 omnem
540 902 786 956 continere,
809 910 859 945 ut
879 900 1092 956 arbitror,
1113 917 1166 944 ne
1196 901 1290 962 agri
1311 910 1537 945 vastaren-

132 997 231 1042 tur3
260 1002 420 1046 aquam
450 985 493 1028 in
521 1000 653 1028 naves
691 983 814 1044 jubet
845 982 1131 1043 comportari.
1173 982 1379 1043 Remiges
1423 982 1537 1026 inte-

130 1068 243 1121 rim,
272 1067 348 1127 qui
386 1076 599 1127 aquatum
640 1082 663 1109 e
708 1064 894 1108 navibus
934 1065 1150 1119 exierant,
1192 1063 1338 1107 subito
1372 1064 1538 1124 equites

130 1149 306 1203 Mauri,
346 1164 488 1208 neque
522 1146 809 1208 opinantibus
848 1145 1128 1195 Caesarianis,
1166 1144 1335 1200 adorti,
1375 1143 1537 1189 multos

129 1228 286 1290 jaculis
315 1228 774 1283 convulneraverunt,
804 1225 1044 1271 nonnullos
1074 1225 1391 1270 interfecerunt
1427 1243 1437 1269 :
1479 1225 1537 1269 la-

132 1320 227 1355 tent
251 1311 367 1354 enim
395 1311 439 1353 in
461 1309 631 1354 insidiis
654 1326 755 1353 011111
778 1309 902 1369 equis
923 1309 1037 1352 inter
1056 1306 1297 1364 convalles,
1323 1318 1368 1352 et
1392 1307 1538 1352 subito

132 1393 372 1449 exsistunt,
402 1409 492 1436 non
519 1401 567 1435 ut
593 1392 638 1434 in
666 1407 822 1451 campo
848 1390 1048 1434 cominus
1074 1388 1346 1451 depugnent.

199 1474 319 1518 VIII.
346 1476 491 1518 Caesar
511 1473 689 1516 interim
710 1473 754 1515 111
774 1471 1026 1516 Sardiniam
1044 1471 1226 1515 nuntios
1244 1488 1344 1515 cum
1362 1470 1537 1527 litteris,

130 1555 230 1598 etin
249 1553 441 1614 reliquas
458 1553 708 1615 provincias
730 1552 939 1596 finitimas
960 1551 1151 1607 dimisit,
1176 1562 1224 1595 ut
1243 1552 1322 1595 sibi
1339 1551 1508 1596 auxilia
1526 1587 1536 1602 ,

129 1645 427 1692 commeatus,
455 1634 728 1678 frumentum
752 1668 763 1690 ,
791 1632 921 1678 simul
950 1643 1082 1694 atque
1108 1631 1275 1677 litteras
1302 1632 1538 1695 legissent,

127 1716 343 1760 mittenda
365 1725 574 1760 curarent
598 1733 606 1759 :
626 1715 965 1775 exoneratisque
984 1715 1146 1776 partim
1163 1715 1349 1759 navibus
1369 1713 1510 1777 longis
1529 1748 1540 1768 ,

128 1798 363 1842 Rabirium
386 1799 651 1841 Postumum
676 1797 720 1840 in
748 1795 941 1839 Siciliam
970 1795 1025 1838 ad
1051 1795 1295 1839 secundum
1320 1812 1540 1840 commea-

129 1889 224 1922 tum
255 1877 564 1922 arcessendum
601 1878 753 1921 mittit.
781 1878 965 1921 Interim
991 1894 1089 1920 cum
1120 1894 1149 1920 x
1178 1877 1363 1921 navibus
1391 1875 1535 1938 lon-gis

131 1959 188 2004 ad
213 1958 405 2021 reliquas
433 1975 565 2003 naves
593 1959 818 2002 onerarias
845 1957 1196 2019 conquirendas,
1221 1975 1319 2019 quae
1343 1958 1537 2003 deerras‘

134 2051 230 2085 sent
253 2077 264 2097 ,
291 2051 333 2085 et
359 2039 489 2085 simul
516 2056 636 2084 mare
664 2038 878 2084 tuendum
904 2039 957 2083 ab
986 2039 1211 2095 hostibus,
1243 2039 1370 2100 jubet
1404 2039 1540 2100 profi-

132 2122 254 2166 cisci.
282 2125 393 2166 Item
423 2123 474 2166 C.
508 2120 766 2166 Sallustium
796 2122 1004 2183 Crispum
1037 2130 1271 2182 praetorem
1301 2120 1357 2164 ad
1391 2121 1540 2165 Cerci-

133 2219 238 2246 nam
281 2201 471 2247 insulam
511 2219 685 2258 versus,
720 2218 853 2263 quam
890 2201 1131 2246 adversarii
1171 2203 1402 2257 tenebant,
1439 2219 1541 2246 011111

134 2294 258 2344 parte
282 2285 463 2328 navium
484 2284 546 2327 ire
563 2283 712 2343 jubet;
736 2282 855 2344 quod
876 2283 936 2327 1111
960 2300 1173 2345 magnum
1194 2300 1430 2328 numerum
1453 2283 1543 2327 fru-

140 2365 275 2408 menti
306 2382 400 2409 esse
426 2364 648 2409 audiebat.
677 2367 779 2408 Haec
808 2365 867 2408 ita
901 2365 1172 2427 imperabat,
1213 2366 1273 2409 ita
1302 2365 1543 2425 unicuique

137 2446 447 2508 praecipiebat,
479 2455 548 2503 ut,
579 2446 613 2490 si
641 2446 733 2490 fieri
760 2456 926 2508 posset,
956 2463 1115 2503 necne,
1143 2445 1292 2491 locum
1322 2446 1545 2490 excusatio

136 2525 308 2570 nullum
329 2527 536 2584 haberet,
565 2544 645 2571 1100
670 2544 842 2572 moram
869 2528 1192 2589 tergiversatio.
1221 2529 1323 2588 Ipse
1350 2528 1542 2579 interea,

136 2625 188 2651 ex
212 2607 405 2670 perfugis
427 2619 469 2652 et
492 2607 646 2652 incolis
665 2610 854 2670 cognitis
875 2609 1208 2654 conditionibus
1231 2609 1480 2670 Scipionis,
1501 2618 1548 2651 et

138 2689 333 2748 quicum
353 2705 404 2733 eo
428 2699 585 2733 contra
606 2705 648 2733 se
672 2687 836 2734 bellum
859 2689 1098 2751 gerebant,
1125 2689 1324 2734 miserari
1343 2688 1546 2751 (regium
