1972 3356
265 282 312 319 86
467 283 506 318 C.
537 283 666 317 JULII
699 281 917 316 CAESARIS
949 280 1437 317 COMMENTARIORUM

258 367 398 410 invito
417 368 668 411 Germanos
698 366 744 408 in
767 363 961 411 Galliam
988 366 1200 421 transire,
1223 382 1313 409 non
1343 381 1517 425 aequum
1543 365 1654 407 exis-

260 447 460 503 timaret,
498 462 578 489 cur
615 446 682 489 sui
713 445 957 507 quidquam
988 462 1080 490 esse
1112 446 1289 507 imperii
1321 455 1397 490 aut
1431 444 1657 506 potestatis

259 537 380 571 trans
422 526 631 571 Rhenum
668 525 980 588 postularet?»
1014 527 1122 572 Ubii
1161 535 1334 583 autem,
1373 525 1449 586 qui
1488 524 1564 568 uni
1605 540 1657 567 ex

262 607 593 651 transrhenanis
621 606 676 652 ad
707 608 926 652 Caesarem
955 606 1121 669 legatos
1157 607 1393 663 miserant,
1418 605 1657 650 amicitiam

260 686 482 744 fecerant,
515 688 690 734 obsides
724 688 962 747 dederant,
1000 705 1268 751 magnopere
1304 687 1517 742 orabant,
1562 691 1659 730 «snt

261 768 574 813 sibiauxilium
597 769 752 828 ferret,
777 769 898 831 quod
922 770 1115 832 graviter
1142 770 1196 814 ab
1224 769 1378 814 Suevis
1405 783 1658 829 premeren-

262 859 358 906 tur,
375 848 466 908 vel,
494 850 529 895 si
551 850 596 895 id
621 850 765 896 facere
785 851 1151 913 occupationibus
1175 849 1427 912 reipublicae¹
1450 847 1658 910 prohibe-

261 941 404 988 retur,
434 932 675 976 exercitum
705 932 839 977 modo
872 933 1079 978 Rhenum
1114 940 1435 994 transportaret
1463 947 1471 973 :
1503 928 1548 973 id
1578 929 1659 974 sibi

261 1012 316 1056 ad
347 1011 561 1057 auxilium
595 1030 807 1076 spemque
842 1012 1002 1076 reliqui
1039 1013 1253 1075 temporis
1285 1013 1388 1057 satis
1426 1012 1623 1056 futurum
1651 1028 1659 1054 :

263 1103 439 1138 tantum
482 1110 574 1138 esse
614 1111 777 1138 nomen
814 1103 946 1156 atque
986 1095 1239 1155 opinionem
1283 1093 1377 1154 ejus
1418 1092 1660 1149 exercitus,

269 1175 489 1220 Ariovisto
513 1174 662 1237 pulso,
686 1185 730 1220 et
752 1175 837 1219 hoe
856 1176 1098 1220 novissimo
1119 1173 1275 1235 proelio
1296 1173 1429 1229 facto,
1457 1173 1588 1217 etiam
1608 1172 1662 1217 ad

263 1256 442 1301 ultimas
467 1259 798 1302 Germanorum
821 1256 1042 1313 nationes,
1075 1257 1139 1300 uti
1166 1255 1375 1315 opinione
1402 1263 1444 1297 et
1472 1253 1664 1297 amicitia

263 1336 417 1399 populi
432 1338 604 1382 romani
623 1338 707 1382 tuti
731 1354 824 1382 esse
841 1337 1026 1399 possint.
1052 1337 1247 1382 Navium
1269 1351 1474 1397 magnam
1492 1334 1664 1395 copiam

264 1419 319 1463 ad
333 1418 729 1479 transportandum
747 1419 990 1461 exercitum
1013 1416 1350 1478 pollicebantur.
1376 1435 1397 1457 »

329 1499 472 1543 XVII.
505 1499 649 1543 Caesar
672 1499 740 1542 his
767 1497 820 1542 de
843 1499 1003 1554 causis,
1028 1514 1138 1558 quas
1167 1497 1529 1552 commemoravi,
1555 1495 1667 1540 Rhe-

266 1596 375 1622 num
409 1578 596 1623 transire
624 1579 880 1624 decreverat
911 1596 920 1622 :
958 1578 1033 1622 sed
1063 1579 1248 1622 navibus
1280 1578 1490 1633 transire,
1522 1593 1666 1637 neque

267 1660 370 1705 satis
397 1670 544 1704 tutum
570 1677 663 1705 esse
691 1660 1011 1715 arbitrabatur,
1037 1676 1179 1720 neque
1205 1675 1312 1715 sure,
1341 1675 1483 1719 neque
1512 1656 1667 1719 populi

269 1741 439 1785 romani
461 1740 686 1803 dignitatis
708 1758 801 1785 esse
826 1740 1059 1785 statuebat.
1083 1742 1260 1801 Itaque,
1281 1740 1361 1783 etsi
1390 1755 1563 1783 summa
1589 1737 1668 1782 dif-

266 1821 436 1866 ficultas
469 1821 656 1867 faciendi
689 1822 835 1883 pontis
869 1821 1224 1884 proponebatur,
1259 1830 1441 1881 propter
1470 1818 1669 1863 latitudi-

269 1919 389 1960 nem,
426 1902 730 1964 rapiditatem,
768 1901 1136 1963 altitudinemque
1179 1902 1398 1957 ssuminis,
1436 1910 1582 1944 tamen
1624 1900 1667 1944 id

269 1983 351 2028 sibi
375 1982 754 2039 contendendum,
779 1992 856 2027 aut
884 1981 1012 2026 aliter
1036 1999 1125 2026 non
1147 1980 1525 2026 transducendum
1549 1997 1669 2025 exer-

267 2066 403 2109 citum
421 2065 712 2109 existimabat.
733 2065 970 2109 Rationem
989 2064 1124 2125 igitur
1142 2065 1289 2125 pontis
1310 2063 1422 2107 hanc
1446 2062 1637 2106 instituit
1657 2079 1665 2105 :

275 2146 391 2208 tigna
416 2145 520 2189 bina
550 2144 891 2207 sesquipedalia,
918 2144 1100 2207 paulum
1129 2146 1182 2189 ab
1212 2146 1301 2189 imo
1336 2154 1578 2206 praeacuta,
1607 2143 1670 2187 di-

274 2242 419 2271 mensa
450 2226 505 2270 ad
540 2226 822 2272 altitudinem
858 2227 1075 2283 fluminis,
1109 2226 1340 2271 intervallo
1369 2226 1529 2288 pedum
1559 2225 1669 2269 duo-

271 2324 371 2351 rum
401 2309 517 2352 inter
543 2324 588 2352 se
611 2307 840 2371 jungebat.
867 2311 969 2352 Haec
994 2324 1132 2369 quum
1167 2306 1566 2352 machinationibus
1596 2306 1670 2349 im-

271 2389 401 2433 missa
424 2389 468 2432 in
494 2389 658 2433 flumen
688 2388 921 2443 defixerat,
947 2389 1202 2449 fistucisque
1226 2388 1455 2450 adegerat,
1482 2404 1570 2431 non
1600 2403 1670 2431 su-

269 2467 392 2514 blieae
429 2469 561 2514 modo
591 2470 768 2514 derecta
804 2470 860 2514 ad
898 2468 1287 2531 perpendiculum,
1327 2468 1401 2513 sed
1437 2484 1578 2529 prona
1620 2484 1670 2510 at·

275 2551 500 2613 fastigata,
522 2561 569 2595 ut
589 2551 834 2596 secundum
856 2561 1061 2595 naturam
1087 2550 1283 2595 fluminis
1307 2548 1671 2611 p1·oc111nbm·ent;

272 2631 320 2673 iis
353 2632 456 2674 item
486 2633 708 2676 contraria
738 2632 859 2687 bina,
891 2632 946 2676 ad
971 2631 1176 2676 eumdem
1201 2630 1383 2675 modum
1409 2630 1584 2689 juncta.
1610 2630 1671 2671 in-

272 2710 459 2755 tervallo
475 2713 635 2772 pedum
657 2713 987 2773 quadragenum
1004 2749 1013 2767 ,
1036 2714 1088 2757 ab
1107 2712 1308 2757 inferiore
1330 2720 1475 2771 parte,
1513 2721 1664 2755 contra
