1972 3356
462 250 507 286 18
657 251 696 285 c.
725 250 853 284 mm
882 248 1103 284 CAESARIS
1134 230 1621 286 coMiiOENTAmoRUM

460 342 528 377 tus
554 334 645 394 ejus
672 331 939 392 consiliaque
967 332 1189 389 tardabat,
1226 342 1371 376 tamen
1400 333 1602 376 omnibus
1629 333 1759 378 rebus
1782 332 1824 377 in

459 429 510 456 eo
538 411 906 473 perseverandum
935 412 1133 473 putabat.
1163 415 1315 473 Itaque
1357 413 1591 457 Caninium
1621 413 1824 458 Rebilum

459 491 665 552 legatum,
691 491 947 537 familiarem
978 493 1358 553 necessariumque
1386 493 1599 537 Scribonii
1624 493 1827 551 Libonis,

459 573 593 617 mittit
624 572 678 617 ad
705 589 804 617 eum
831 572 1039 634 colloquii
1065 590 1223 617 causa:
1247 572 1451 630 mandat,
1473 583 1520 617 ut
1535 574 1746 618 Libonem
1776 574 1829 618 de

459 653 732 698 concilianda
755 670 861 714 pace
883 654 1106 709 hortetur3
1134 655 1175 697 in
1194 655 1370 715 primis,
1402 664 1450 698 ut
1476 655 1566 716 ipse
1583 671 1683 698 cum
1706 657 1830 699 Pom-

459 735 557 795 peio
574 733 919 794 colloqueretur,
940 733 1144 795 postulat.
1172 754 1191 775 «
1210 736 1480 796 Magnopere
1501 751 1592 778 sese
1609 734 1830 780 confidere

459 815 753 871 demonstrat,
782 817 816 859 si
831 816 923 876 ejus
952 817 1014 859 rei
1034 816 1088 859 sit
1115 824 1303 876 potestas
1324 815 1462 871 facta,
1484 815 1596 869 fore,
1620 825 1669 858 ut
1696 816 1830 876 aequis

458 895 784 940 conditionibus
825 896 877 939 ab
905 897 1036 939 armis
1065 895 1338 951 discedatur;
1363 897 1487 956 cujus
1525 897 1585 939 rei
1625 912 1829 957 magnam

459 985 625 1035 partem
650 974 788 1019 laudis
813 985 943 1036 atque
967 976 1298 1019 existimationis
1327 976 1380 1018 ad
1411 976 1622 1020 Libonem
1648 992 1831 1036 perven-

458 1066 628 1111 turam,
650 1056 707 1108 si,
733 1054 808 1098 illo
843 1065 1019 1098 auctore
1053 1064 1182 1114 atque
1217 1065 1391 1115 agente,
1421 1055 1474 1098 ab
1503 1056 1634 1099 armis
1665 1056 1720 1099 sit
1743 1056 1831 1100 dis-

457 1151 636 1179 cessum.
654 1155 674 1176 »
704 1135 839 1191 Libo,
867 1152 890 1178 a
923 1134 1143 1194 colloquio
1167 1135 1340 1178 Caninii
1365 1134 1604 1196 digressus,
1628 1134 1682 1179 ad
1701 1137 1832 1179 Pom-

458 1216 603 1276 peium
639 1215 943 1277 proficiscitur.
974 1214 1111 1259 Paulo
1141 1225 1236 1276 post
1263 1217 1508 1272 renuntiat,
1542 1215 1697 1277 «quod
1725 1233 1833 1260 con-

457 1294 568 1340 sules
592 1296 758 1353 absint,
789 1297 880 1340 sine
908 1294 992 1339 illis
1019 1295 1071 1339 de
1101 1296 1417 1357 compositione
1443 1297 1512 1357 agi
1537 1313 1625 1339 non
1650 1313 1788 1357 posse.
1812 1316 1833 1337 n

456 1379 522 1420 Ita
546 1377 698 1437 saepius
723 1393 813 1419 rem
838 1376 1000 1420 frustra
1026 1386 1236 1420 tentatam
1260 1378 1406 1420 Caesar
1429 1375 1664 1437 aliquando
1689 1376 1833 1420 dimit-

456 1456 632 1500 tendam
652 1457 732 1500 sibi
754 1456 948 1516 judicat,
971 1466 1013 1499 et
1038 1456 1092 1499 de
1116 1455 1228 1500 bello
1247 1456 1477 1517 agendum.

519 1538 705 1580 XXVII.
727 1539 868 1597 Prope
895 1536 1074 1580 dimidia
1100 1546 1226 1597 parte
1245 1538 1388 1597 operis
1412 1553 1436 1580 a
1460 1540 1629 1582 Caesare
1652 1537 1827 1594 effecta,

456 1615 692 1676 diebusque
722 1617 767 1660 in
790 1633 839 1660 ea
866 1633 911 1660 re
939 1618 1208 1678 consumptis
1234 1634 1279 1661 lx
1296 1651 1307 1673 ,
1335 1633 1486 1673 naves,
1519 1634 1544 1661 a
1576 1617 1830 1662 consulibus

456 1697 699 1755 Dyrrachio
733 1697 942 1752 remissae,
972 1714 1069 1756 quae
1108 1699 1298 1757 priorem
1325 1707 1491 1757 partem
1529 1699 1741 1742 exercitus
1778 1715 1829 1742 eo

455 1775 814 1835 deportaverant,
839 1776 1123 1818 Brundisium
1148 1786 1442 1820 revertuntur.
1459 1779 1717 1837 Pompeius,
1740 1779 1829 1822 sive

455 1855 656 1915 operibus
689 1856 872 1899 Caesaris
898 1865 1147 1916 permotus,
1179 1857 1268 1899 sive
1302 1857 1432 1900 etiam
1468 1856 1587 1917 quod
1622 1857 1677 1901 ab
1704 1857 1829 1901 initio

454 1934 578 1979 Italia
599 1935 805 1979 excedere
831 1936 1136 1991 constituerat,
1164 1936 1356 1980 adventu
1387 1937 1564 1980 navium
1589 1936 1829 1997 profectio-

454 2033 553 2060 nem
584 2033 737 2076 parare
765 2017 940 2078 incipit;
969 2026 1035 2072 et,
1071 2033 1158 2077 quo
1197 2015 1366 2060 facilius
1404 2018 1614 2078 impetum
1646 2018 1829 2062 Caesaris

454 2096 672 2154 tardaret,
711 2113 765 2141 ne
798 2097 878 2142 sub
903 2098 996 2158 ipsa
1032 2097 1303 2158 profectione
1330 2096 1487 2141 milites
1521 2097 1733 2158 oppidum
1771 2099 1829 2141 ir·-

453 2188 726 2238 rumperent,
754 2188 900 2239 portas
923 2177 1133 2235 obstruit,
1156 2179 1272 2222 vicos
1299 2177 1549 2239 plateasque
1577 2177 1828 2233 inaedificat,

455 2256 586 2301 fossas
623 2267 889 2303 transversas
919 2258 998 2301 viis
1030 2258 1262 2318 praeducit,
1289 2268 1418 2318 atque
1450 2258 1509 2302 ibi
1542 2258 1669 2302 sudes
1702 2259 1827 2319 stipi-

454 2346 604 2397 tesque
635 2349 876 2398 praeacutos
898 2337 1061 2398 defigit.
1091 2341 1193 2383 Haec
1222 2338 1390 2382 levibus
1413 2338 1606 2382 cratibus
1627 2348 1828 2398 terraque

454 2417 643 2476 inaequat
673 2434 681 2461 ε
713 2418 857 2462 aditus
888 2427 1034 2461 autem
1069 2429 1199 2479 atque
1232 2420 1387 2462 itinera
1430 2418 1540 2474 duo,
1570 2434 1666 2478 quae
1707 2426 1827 2461 extra

453 2513 628 2541 murum
652 2498 706 2541 ad
735 2507 910 2558 portum
937 2497 1153 2555 ferebant,
1183 2500 1381 2543 maximis
1418 2498 1566 2541 defixis
1608 2497 1826 2552 trabibus,

452 2586 581 2636 atque
607 2579 666 2622 eis
689 2578 938 2638 praeacutis,
962 2580 1173 2640 praesepit.
1200 2580 1278 2623 His
1309 2579 1467 2640 paratis
1493 2578 1644 2634 rebus,
1669 2576 1827 2621 milites

455 2654 626 2699 silentio
660 2674 790 2701 naves
823 2658 1114 2701 conscendere
1149 2659 1290 2718 juhet3
1329 2656 1552 2718 expeditos
1592 2666 1736 2701 autem
1774 2672 1826 2700 ex
