1972 3356
362 328 374 351 1
385 313 404 349 3
412 314 432 348 8
580 316 617 349 C.
650 315 780 349 JULII
810 314 1025 350 CAESARIS
1056 315 1271 351 COMMEN
1279 316 1552 353 TARIORUM

371 397 576 454 ‹i·onsili0,
609 398 742 441 totius
772 399 987 443 exercitus
1018 399 1337 460 impedimenta
1360 399 1413 443 ad
1441 400 1680 445 Labienum
1706 396 1751 440 in

370 479 574 522 Treviros
600 479 761 532 mittit,
793 478 988 539 duasque
1013 478 1208 540 legiones
1233 480 1287 524 ad
1316 497 1417 525 eum
1449 480 1665 542 proficisci
1692 481 1764 540 ju-

369 557 443 602 bet
468 577 476 602 :
503 559 596 620 ipse
623 576 723 603 cum
748 558 994 621 legionibus
1017 561 1227 621 expeditis
1248 563 1444 622 quinque
1466 561 1511 605 in
1535 561 1764 620 Menapios

370 639 678 700 proficiscitur.
700 639 792 696 Illi,
817 640 939 684 nulla
961 650 1110 685 coacta
1130 658 1286 699 manu,
1313 641 1397 686 loci
1422 640 1625 703 praesidio
1647 640 1766 696 freti,

371 721 415 763 in
453 719 582 764 silvas
629 720 900 781 paludesque
944 721 1227 782 confugiunt,
1271 739 1435 784 suaque
1473 722 1627 766 eodem
1667 738 1770 765 con-

370 800 533 844 ferunt.

441 884 511 926 VI.
552 884 716 936 Caesar,
747 883 920 943 partitis
962 884 1100 944 copiis
1142 901 1242 927 cum
1284 886 1333 928 C.
1375 884 1511 929 Fabio
1547 883 1691 946 legato
1726 893 1769 927 et

369 964 431 1006 M.
463 963 623 1006 Crasso
652 972 887 1022 quaestore,
917 962 1207 1024 celeriterque
1227 964 1396 1008 effectis
1423 965 1655 1025 pontibus,
1679 963 1769 1008 adit

371 1045 616 1105 tripartito,
646 1043 830 1087 aedificia
853 1045 1060 1105 vicosque
1083 1044 1301 1100 incendit,
1326 1062 1486 1106 magno
1516 1047 1685 1106 pecoris
1706 1055 1771 1089 at-

372 1141 456 1184 que
483 1124 714 1168 hominum
740 1141 927 1168 numero
955 1126 1139 1185 potitur.
1162 1126 1338 1182 Quibus
1366 1126 1498 1170 rebus
1514 1127 1652 1170 coacti
1676 1128 1772 1170 Me·

371 1204 512 1265 napii,
539 1203 704 1266 legatos
729 1204 784 1247 ad
808 1221 910 1248 eum
929 1205 1051 1264 pacis
1077 1205 1277 1266 petendae
1301 1223 1433 1250 causa
1450 1208 1651 1250 mittunt.
1671 1205 1771 1263 Ille,

370 1284 597 1328 obsidibus
628 1286 840 1346 acceptis,
864 1286 1059 1330 hostium
1086 1303 1130 1330 se
1160 1286 1417 1330 habiturum
1449 1304 1637 1330 numero
1668 1303 1773 1331 con-

370 1364 533 1422 firmat,
562 1366 597 1410 si
625 1375 699 1410 aut
720 1367 1043 1428 Ambiorigem,
1071 1377 1147 1411 aut
1171 1368 1263 1428 ejus
1288 1366 1474 1429 legatos,
1500 1367 1661 1411 finibus
1685 1368 1773 1411 suis

370 1446 648 1506 recepissent.
675 1447 754 1490 His
774 1447 1048 1491 confirmatis
1069 1448 1221 1504 rebus,
1239 1449 1493 1493 Commium
1519 1448 1772 1493 Atrebatem

372 1542 473 1569 cum
500 1528 721 1586 equitatu,
745 1528 940 1572 custodis
965 1527 1082 1584 loco,
1109 1530 1151 1571 in
1182 1529 1401 1590 Menapiis
1422 1527 1656 1589 relinquit3
1681 1528 1775 1588 ipse

375 1608 420 1650 in
439 1608 644 1651 Treviros
666 1607 974 1668 proficiscitur.

435 1689 535 1731 VII.
572 1690 692 1732 Dum
727 1688 818 1732 haec
850 1705 874 1732 a
903 1690 1072 1733 Caesare
1102 1699 1340 1750 geruntur,
1374 1691 1566 1745 Treviri,
1603 1689 1775 1750 magnis

374 1769 535 1812 coactis
556 1768 778 1829 peditatus
796 1770 1107 1831 equitatusque
1122 1771 1282 1831 copiis,
1299 1771 1548 1814 Labienum
1567 1786 1669 1813 cum
1689 1785 1778 1812 uua

373 1848 566 1910 legione,
591 1867 688 1910 quae
721 1851 765 1893 in
793 1868 945 1895 eorum
981 1851 1142 1895 finibus
1174 1852 1417 1908 hiemabat,
1449 1852 1614 1896 adoriri
1650 1867 1775 1912 para-

375 1930 504 1973 bant:
523 1931 703 1991 jamque
724 1931 778 1974 ab
799 1948 850 1975 eo
871 1949 960 1976 non
980 1931 1156 1993 longius
1181 1932 1305 1976 bidui
1326 1933 1396 1976 via
1416 1933 1618 1989 aberant,
1638 1948 1776 1992 quum

373 2010 481 2054 duas
507 2012 678 2055 venisse
711 2011 905 2073 legiones
928 2014 1065 2058 missu
1095 2015 1279 2058 Caesaris
1305 2024 1594 2076 cognoscunt.
1618 2014 1777 2058 Positis

373 2093 526 2136 castris
566 2109 590 2136 a
631 2092 826 2138 millibus
865 2111 1073 2155 passuum
1116 2112 1191 2151 XV,
1237 2095 1400 2139 auxilia
1447 2097 1776 2140 Germanorum

373 2182 627 2234 exspectare
657 2175 949 2219 constituunt.
983 2176 1224 2230 Labienus,
1251 2177 1444 2220 hostium
1469 2176 1647 2237 cognito
1675 2191 1778 2219 con-

373 2252 494 2307 silio,
521 2271 719 2315 sperans,
744 2257 992 2300 temeritate
1022 2273 1176 2301 eorum
1204 2257 1295 2301 fore
1319 2257 1512 2318 aliquam
1538 2254 1776 2300 dimicandi

373 2332 653 2390 facultatem,
685 2335 888 2396 praesidio
917 2337 1171 2381 cohortium
1194 2354 1221 2380 v
1244 2337 1573 2398 impedimentis
1598 2334 1775 2388 relicto,

374 2430 475 2457 cum
500 2431 592 2459 xxv
615 2415 872 2460 cohortibus
903 2433 1155 2478 magnoque
1183 2419 1384 2478 equitatu
1419 2427 1572 2462 contra
1603 2416 1775 2458 hostem

377 2495 693 2556 proficiscitur,
732 2507 776 2541 et
815 2513 853 2542 M
892 2515 1100 2558 passuum
1143 2499 1392 2542 intermisso
1426 2497 1588 2557 spatio,
1633 2506 1775 2539 castra

373 2578 630 2622 communit.
662 2580 768 2622 Erat
803 2579 918 2621 inter
951 2579 1199 2623 Labienum
1237 2588 1370 2639 atque
1404 2578 1575 2621 hostem
1608 2574 1775 2620 difficili

377 2658 565 2701 transitu
601 2658 790 2716 flumen,
833 2659 1028 2720 ripisque
1069 2660 1302 2719 praeruptis
1343 2677 1351 2701 ι
1386 2658 1471 2701 hoc
1506 2672 1648 2716 neque
1685 2657 1776 2716 ipse

377 2738 562 2781 transire
581 2738 772 2782 habebat
796 2740 841 2782 in
863 2739 1031 2795 animo,
1055 2756 1197 2800 neque
1216 2739 1361 2782 hostes
1384 2737 1644 2781 transituros
1666 2736 1776 2779 exis-
