1972 3356
594 185 660 220 DE
690 183 850 219 BELLO
880 182 1035 218 CIVILI
1066 184 1157 219 LIB.
1185 184 1212 218 Ι.
1550 185 1595 219 23

212 284 322 328 quos
353 268 406 311 ab
434 268 554 313 Urbe
583 268 807 313 discedens
831 268 1065 329 Pompeius
1095 277 1189 311 erat
1227 266 1487 312 adhortatus
1504 304 1515 324 ,
1543 286 1598 313 ne

213 365 328 392 nova
353 350 536 393 Caesaris
575 348 720 394 officia
749 359 948 393 veterum
987 364 1168 393 suorum
1207 348 1524 393 beneficiorum
1554 350 1598 393 in

214 445 288 473 eos
316 431 575 474 memoriam
605 429 887 491 expellerent.
918 430 1094 486 Quibus
1131 429 1348 474 mandatis
1382 431 1598 491 acceptis,

214 510 507 555 Massilienses
538 521 685 572 portas
714 511 875 555 Caesari
904 509 1152 553 clauserant
1178 528 1186 552 ε
1217 509 1416 568 Albicos,
1444 512 1600 555 barba-

213 608 284 635 ros
313 592 534 647 homines,
564 592 639 651 qui
667 592 709 634 in
735 607 888 634 eorum
917 589 1001 632 fide
1030 590 1274 649 antiquitus
1302 600 1453 647 erant,
1482 608 1601 635 mon-

214 684 364 734 tesque
393 689 525 733 supra
551 671 792 717 Massiliam
833 669 1106 725 incolebant,
1148 669 1202 713 ad
1233 686 1278 714 se
1306 682 1599 716 vocaverant:

214 753 486 797 frumentum
515 769 565 796 ex
606 752 804 796 finitimis
849 751 1104 812 regionibus
1135 760 1266 811 atque
1302 767 1352 795 ex
1396 752 1602 797 omnibus

213 833 397 878 castellis
426 834 470 877 in
500 834 652 877 urbem
681 841 979 876 convexerant
1010 849 1019 875 ε
1059 848 1285 876 armorum
1325 831 1524 876 officinas
1556 833 1601 876 in

215 915 322 958 urbe
338 914 616 958 instituerant
635 931 644 957 z
666 930 841 969 muros,
868 911 1067 969 classem,
1096 922 1244 974 portas
1270 911 1537 957 reficiebant.

278 997 465 1040 XXXV.
503 997 672 1039 Evocat
708 994 762 1038 ad
799 1011 843 1038 se
879 995 1025 1038 Caesar
1050 993 1392 1038 Massiliensium
1425 1010 1482 1038 xv
1512 996 1602 1055 pri-

220 1094 310 1120 mos
341 1095 350 1120 :
387 1094 486 1120 cum
509 1076 575 1119 his
599 1077 715 1138 agit,
738 1093 792 1119 ne
816 1076 990 1119 initium
1020 1075 1238 1119 inferendi
1261 1074 1366 1119 belli
1395 1092 1420 1120 a
1444 1077 1603 1120 Massi-

217 1156 423 1202 liensibus
450 1157 644 1201 oriatur:
669 1156 858 1200 «debere
885 1174 958 1201 eos
985 1155 1122 1200 Italiae
1143 1160 1277 1200 totius
1297 1158 1604 1202 auctoritatem

219 1238 339 1298 sequi
374 1239 546 1299 potius,
574 1254 705 1298 quam
740 1238 869 1281 unius
901 1238 1093 1281 hominis
1128 1236 1344 1282 voluntati
1381 1239 1603 1299 obtempe-

216 1336 360 1363 rare.»
374 1317 582 1379 Reliqua,
599 1335 694 1379 quae
716 1318 771 1362 ad
791 1334 943 1362 eorum
961 1317 1177 1362 sanandas
1204 1327 1369 1363 mentes
1383 1320 1605 1380 pertinere

217 1399 532 1455 arbitrabatur,
553 1409 883 1443 commemorat.
915 1400 1053 1459 Cujus
1078 1401 1322 1443 orationem
1342 1399 1522 1443 domum
1547 1399 1605 1445 le-

218 1481 305 1541 gati
332 1479 552 1537 referunt3
580 1490 715 1540 atque
745 1496 798 1523 ex
833 1480 1094 1522 auctoritate
1130 1479 1221 1522 haec
1250 1480 1411 1523 Caesari
1442 1496 1605 1524 renun-

218 1562 327 1605 tiant
353 1578 362 1605 ε
391 1559 672 1622 «Intelligere
694 1577 761 1614 se,
789 1559 979 1604 divisum
1007 1576 1100 1603 esse
1125 1558 1341 1621 populum
1372 1577 1605 1605 romanum

215 1644 257 1686 in
286 1652 430 1703 partes
450 1642 578 1698 duas,
600 1658 741 1702 neque
762 1643 827 1685 sui
852 1641 1031 1703 judicii,
1060 1658 1203 1702 neque
1224 1658 1403 1685 suarum
1425 1658 1518 1686 esse
1542 1644 1606 1686 vi-

213 1725 355 1779 rium,
382 1722 630 1767 discernere
670 1732 770 1766 utra
800 1738 902 1782 pars
930 1723 1163 1783 justiorem
1199 1722 1361 1766 habeat
1387 1738 1565 1767 causam
1596 1741 1603 1765 τ

215 1805 440 1864 principes
466 1820 570 1847 vero
610 1819 702 1846 esse
736 1819 887 1846 earum
919 1803 1112 1862 partium
1149 1805 1230 1847 Cn.
1263 1805 1523 1864 Pompeium
1564 1814 1606 1848 et

217 1887 266 1928 C.
285 1885 522 1940 Caesarem,
541 1893 752 1944 patronos
774 1883 988 1938 civitatis;
1008 1898 1199 1942 quorum
1223 1881 1332 1926 alter
1356 1900 1485 1945 agros
1506 1884 1608 1929 Vol-

220 1980 374 2008 carum
402 1964 765 2008 Arecomicorum
787 1972 830 2007 et
853 1961 1113 2006 Helviorum
1142 1962 1319 2023 publice
1349 1965 1399 2008 iis
1429 1981 1605 2009 conces-

218 2047 347 2103 serit,
371 2045 483 2091 alter
501 2044 617 2090 bello
640 2047 774 2089 victas
794 2043 962 2089 Gallias
983 2045 1260 2102 attribuerit,
1289 2045 1605 2108 vectigaliaque

219 2128 402 2170 auxerit.
432 2128 582 2184 Quare
618 2126 797 2187 paribus
829 2142 982 2170 eorum
1009 2126 1232 2170 beneficiis
1252 2143 1402 2187 parem
1426 2143 1470 2171 se
1493 2144 1605 2188 quo-

218 2224 305 2268 que
352 2206 624 2252 voluntatem
661 2207 854 2252 tribuere
896 2208 1077 2263 debere,
1115 2218 1158 2251 et
1209 2218 1411 2252 neutrum
1453 2225 1607 2253 eorum

219 2298 372 2332 contra
401 2288 588 2333 alterum
606 2289 784 2350 juvare,
806 2299 883 2333 aut
907 2289 1013 2333 urbe
1041 2300 1118 2333 aut
1141 2289 1343 2350 portibus
1365 2290 1608 2353 recipere.»

284 2372 494 2415 XXXVI.
531 2372 634 2414 Haec
661 2370 766 2414 dum
794 2371 906 2415 iuter
930 2387 1002 2415 eos
1030 2380 1246 2432 aguntur,
1276 2371 1498 2416 Domitius
1527 2387 1606 2416 na-

221 2451 348 2496 vibus
378 2450 622 2496 Massiliam
651 2454 875 2513 pervenit;
912 2462 1045 2514 atque
1082 2453 1136 2497 ab
1163 2453 1214 2497 iis
1241 2462 1471 2514 receptus,
1509 2454 1610 2498 urbi

220 2533 473 2594 praeficitur.
502 2536 683 2578 Summa
720 2536 759 2580 ei
800 2533 903 2579 belli
945 2534 1282 2579 administrandi
1320 2535 1605 2595 permittitur.

221 2614 330 2675 Ejus
358 2615 543 2675 imperio
571 2615 749 2659 classem
776 2633 1106 2677 quoquoversus
1146 2615 1375 2659 dimittunt
1413 2633 1421 2659 ε
1449 2632 1607 2660 onera-
