1972 3356
521 281 586 317 DE
616 281 776 317 BELLO
805 279 1018 316 GALLICO
1047 279 1139 314 LIB.
1165 278 1225 312 VI.
1498 271 1568 309 153

174 383 259 428 que
299 365 526 410 consulere
552 367 683 427 jussit
710 383 718 409 ε
752 381 943 426 quorum
971 379 1072 425 pars
1102 364 1146 406 in
1179 360 1467 407 Arduennam
1497 360 1567 404 sil-

180 463 297 503 vam,
327 463 428 508 pars
453 448 497 490 in
523 447 801 490 continentes
823 443 1005 505 paludes
1033 442 1249 504 profugit,
1276 441 1351 502 qui
1377 439 1568 502 proximi

179 529 407 571 Oceanum
440 527 638 583 fuerunt,
669 526 736 569 his
770 524 925 568 insulis
956 540 1046 568 sese
1080 522 1436 577 occultaverunt,
1465 536 1573 581 quas

178 617 305 652 aestus
323 606 495 650 efficere
515 615 786 650 consuerunt
813 622 822 648 :
846 603 1001 660 multi,
1026 620 1078 647 ex
1103 604 1191 647 suis
1214 602 1376 646 finibus
1389 601 1572 662 egressi,

179 705 223 732 se
243 703 408 747 suaque
421 687 571 730 omnia
585 685 863 730 alienissimis
882 684 1180 729 crediderunt.
1198 680 1454 728 Cativolcus
1472 715 1482 736 ,
1498 697 1574 724 rex

179 767 369 811 dimidiae
395 767 531 827 partis
554 766 835 822 Eburonum,
861 766 938 826 qui
960 781 1048 809 una
1068 781 1170 809 cum
1193 762 1451 823 Ambiorige
1474 778 1574 805 con-

178 846 324 892 silium
348 847 527 904 inierat,
554 856 681 891 aetate
705 847 796 908 jam
823 846 1077 902 confectus,
1105 861 1243 906 quum
1271 842 1468 888 laborem
1498 850 1576 885 aut

177 926 279 971 belli
304 937 381 971 aut
412 927 526 990 fugae
556 927 670 972 ferre
702 944 792 971 non
820 937 991 989 posset,
1024 926 1230 971 omnibus
1260 924 1467 986 precibus
1502 922 1578 967 de-

179 1017 360 1053 testatus
396 1009 722 1071 Ambiorigem,
757 1009 833 1069 qui
867 1009 960 1070 ejus
1003 1005 1176 1052 consilii
1210 1015 1365 1050 auctor
1402 1004 1578 1058 fuisset,

180 1099 302 1145 taxo,
328 1091 455 1151 cujus
485 1106 646 1151 magna
669 1090 715 1133 in
741 1088 889 1134 Gallia
917 1089 1247 1149 Germaniaque
1271 1087 1400 1148 copia
1422 1096 1511 1143 est,
1534 1101 1579 1129 se

181 1171 458 1215 exanimavit.

245 1253 432 1295 XXXII.
456 1253 589 1313 Segni
609 1252 944 1313 Condrusique,
967 1268 1020 1296 ex
1042 1261 1174 1315 gente
1193 1261 1235 1295 et
1258 1266 1445 1294 numero
1466 1251 1581 1294 Ger-

185 1348 419 1376 manorum
445 1334 521 1393 qui
544 1343 646 1376 sunt
676 1334 793 1376 inter
818 1333 1049 1377 Eburones
1072 1333 1390 1391 Trevirosque,
1416 1329 1582 1391 legatos

184 1412 239 1456 ad
274 1415 489 1457 Caesarem
525 1413 765 1469 miserunt,
801 1423 978 1457 oratum
1012 1430 1067 1456 ne
1108 1429 1153 1456 se
1183 1413 1229 1455 in
1267 1412 1462 1455 hostium
1500 1427 1582 1454 nu-

184 1509 307 1537 mero
341 1493 547 1550 duceret,
582 1510 692 1537 neve
725 1495 926 1538 omnium
962 1495 1293 1538 Germanorum
1326 1492 1402 1552 qui
1440 1500 1587 1535 essent

184 1575 293 1617 citra
316 1573 540 1631 Rhenum,
567 1591 701 1618 unam
732 1591 825 1620 esse
853 1591 1031 1619 causam
1050 1573 1269 1635 judicaret
1294 1590 1302 1616 :
1328 1571 1438 1616 nihil
1463 1589 1508 1616 se
1532 1571 1587 1616 de

185 1653 301 1698 bello
329 1655 560 1716 cogitasse,
585 1654 707 1700 nulla
737 1656 986 1718 Ambiorigi
1014 1654 1178 1700 auxilia
1207 1656 1390 1699 misisse.
1417 1656 1586 1711 Caesar,

185 1734 410 1797 explorata
435 1753 483 1780 re
509 1738 754 1797 quaestione
782 1739 1080 1798 captivorum,
1109 1737 1143 1781 si
1175 1737 1252 1798 qui
1283 1736 1339 1780 ad
1369 1752 1440 1780 eos
1468 1735 1589 1779 Ebu-

186 1833 312 1861 rones
341 1833 397 1861 ex
427 1816 532 1879 fuga
557 1819 886 1874 convenissent,
913 1828 963 1862 ut
985 1818 1042 1861 ad
1069 1835 1113 1862 se
1142 1817 1483 1872 reducerentur,
1513 1817 1590 1860 im-

186 1898 357 1958 peravit
384 1915 393 1942 :
422 1899 458 1943 si
484 1900 544 1943 ita
570 1899 795 1955 fecissent,
820 1899 929 1942 fines
959 1915 1113 1942 eorum
1144 1915 1189 1941 se
1218 1897 1489 1941 violaturum
1519 1913 1592 1940 ne-

187 1979 320 2039 gavit.
337 1981 474 2036 Tum,
496 1980 634 2041 copiis
652 1981 697 2023 in
720 1990 807 2023 tres
823 1989 969 2041 partes
985 1978 1253 2035 distributis,
1270 1977 1590 2039 impedimenta

188 2060 388 2104 omnium
429 2059 654 2122 legionum
690 2060 971 2105 Aduatucam
1004 2059 1206 2104 contulit.
1233 2058 1286 2103 Id
1314 2057 1483 2103 castelli
1512 2075 1593 2102 no-

190 2158 291 2185 men
325 2151 401 2185 est.
434 2144 530 2186 Hoc
565 2142 654 2186 fere
676 2152 740 2186 est
766 2143 811 2186 in
840 2142 996 2186 mediis
1019 2142 1284 2187 Eburonum
1310 2141 1492 2197 finibus,
1516 2141 1593 2184 ubi

190 2223 386 2267 Titurius
407 2232 539 2284 atque
552 2223 880 2268 Aurunculeius
900 2224 1125 2268 hiemandi
1143 2241 1273 2268 causa
1289 2222 1592 2268 consederant.

191 2306 322 2348 Hunc
353 2321 492 2365 quum
528 2304 709 2366 reliquis
737 2306 866 2350 rebus
897 2305 1041 2350 locum
1082 2307 1319 2367 probabat,
1348 2316 1443 2349 tum
1475 2304 1596 2366 quod

191 2386 430 2448 superioris
459 2387 564 2431 anni
595 2388 865 2432 munitiones
897 2389 1080 2451 integrae
1107 2387 1370 2444 manebant,
1400 2396 1449 2431 ut
1477 2384 1594 2430 mili-

194 2478 286 2512 tum
303 2467 501 2512 laborem
518 2468 779 2514 sublevaret.
796 2470 1005 2515 Praesidio
1020 2469 1350 2532 impedimentis
1368 2469 1593 2530 legionem

196 2566 269 2594 x1v
292 2549 492 2611 reliquit,
522 2568 657 2595 unam
688 2569 741 2595 ex
765 2552 817 2595 iis
843 2553 1007 2610 tribus,
1033 2569 1142 2613 quas
1172 2552 1374 2612 proxime
1403 2552 1596 2595 conscri-

196 2640 292 2690 ptas
314 2650 367 2676 ex
393 2632 519 2676 Italia
542 2633 868 2678 transduxerat.
892 2635 943 2678 Ei
971 2634 1134 2696 legioni
1161 2633 1404 2693 castrisque
1427 2633 1484 2689 Q.
1500 2631 1599 2676 Tul-

200 2712 305 2756 lium
331 2714 589 2759 Ciceronem
615 2715 832 2775 praefecit,
857 2715 1159 2776 ducentosque
1183 2715 1355 2775 equites
1379 2713 1597 2758 attribuit.
