1972 3356
283 259 330 295 28
494 262 532 296 C.
565 262 692 296 JULII
722 260 937 295 CAESARIS
968 259 1455 294 COMMENTARIORUM

282 347 346 388 Ex
371 362 458 405 quo
480 344 669 405 judicari
693 354 838 404 posset
865 353 1081 403 quantum
1110 343 1292 387 haberet
1316 344 1361 386 in
1384 359 1428 387 se
1448 343 1553 387 boni
1579 360 1676 388 con-

284 426 470 480 stantia3
498 435 730 485 propterea
759 424 901 485 quod,
934 441 1043 484 quos
1075 422 1332 484 aliquandiu
1357 424 1548 467 inermos
1583 424 1675 468 sine

287 522 417 569 caus-a
442 506 713 563 timuissent,
745 505 824 549 hos
855 514 1007 566 postea
1035 514 1228 548 armatos
1253 521 1303 548 ae
1332 504 1520 548 victores
1548 520 1677 564 snpe-

286 595 469 630 rassent.
498 587 704 646 Denique
736 586 818 629 hos
850 602 941 630 esse
967 585 1162 641 eosdem,
1191 585 1454 646 quibuscum
1485 600 1679 645 saepenu-

286 684 409 711 mero
435 666 626 711 Helvetii
657 667 904 728 congressi,
938 683 1027 710 non
1061 665 1203 710 solum
1238 666 1284 710 in
1302 665 1411 722 suis,
1445 664 1520 709 sed
1548 664 1678 708 etiam

287 748 331 791 in
374 746 553 791 illorum
591 746 778 803 finibus,
814 745 1075 807 plerumque
1112 746 1380 807 superarint,
1419 746 1494 806 qui
1531 755 1679 789 tamen

288 838 414 889 pares
445 845 536 872 esse
563 837 737 871 nostros
770 827 964 871 exercitu
995 843 1084 870 non
1124 826 1363 887 potuerint.
1396 827 1440 869 Si
1469 842 1578 886 quos
1606 825 1682 868 ad-

289 925 462 952 versum
495 906 701 969 proelium
734 917 777 951 et
812 906 915 969 fuga
950 905 1182 951 Gallorum
1221 915 1543 963 commoveret,
1583 906 1682 961 hos,

290 990 324 1033 si
353 999 631 1049 quaererent,
669 989 862 1050 reperire
891 980 1036 1049 posse,
1070 987 1362 1031 diuturnitate
1393 985 1498 1030 belli
1532 985 1685 1030 defati-

291 1070 402 1130 gatis
435 1068 596 1124 Gallis,
629 1068 920 1126 Ariovistum,
956 1085 1091 1129 quum
1131 1067 1293 1113 multos
1327 1084 1496 1112 menses
1532 1068 1685 1111 castris

293 1168 337 1194 se
359 1167 409 1194 ac
432 1149 669 1211 paludibus
700 1150 933 1206 tenuisset,
953 1166 1095 1209 neque
1116 1150 1183 1193 sui
1204 1158 1468 1209 potestatem
1493 1148 1684 1203 fecisset,

292 1231 576 1292 desperantes
601 1231 693 1292 jam
723 1230 776 1274 de
799 1246 947 1291 pugna
979 1240 1022 1273 et
1044 1229 1263 1291 dispersos
1293 1230 1438 1274 subito
1462 1229 1685 1286 adortum,

292 1312 431 1372 magis
457 1312 624 1355 ratione
655 1321 699 1355 et
724 1310 928 1368 consilio,
953 1328 1084 1372 quam
1111 1312 1294 1366 virtute,
1318 1311 1484 1355 vicisse.
1512 1312 1594 1355 Cui
1621 1328 1688 1355 ra-

292 1392 405 1435 tioni
445 1401 600 1435 eontra
638 1392 838 1435 homines
875 1391 1086 1435 barbaros
1125 1401 1256 1452 atque
1301 1391 1529 1452 imperitos
1569 1389 1688 1434 locus

294 1471 471 1528 fuisset,
501 1472 584 1516 hac
615 1489 670 1517 ne
697 1473 841 1533 ipsum
869 1472 1047 1533 quidem
1080 1489 1277 1533 sperare,
1314 1481 1487 1516 nostros
1523 1473 1687 1515 exerci-

298 1562 365 1596 tus
395 1554 491 1613 capi
523 1569 661 1613 posse.
696 1554 786 1610 Qui
816 1570 943 1597 suum
978 1554 1182 1598 timorem
1219 1553 1263 1595 in
1294 1554 1357 1596 rei
1393 1552 1690 1596 frumentariae

296 1631 621 1677 simulationem
638 1667 649 1689 ,
677 1635 990 1695 angustiasque
1020 1634 1225 1677 itinerum
1253 1632 1523 1690 conferrent,
1548 1632 1690 1676 faeere

295 1724 573 1775 arroganter,
605 1732 741 1775 quum
772 1725 847 1759 aut
875 1714 928 1759 de
957 1715 1104 1758 officio
1133 1714 1410 1775 imperatoris
1440 1713 1690 1774 desperare,

296 1804 371 1839 aut
394 1796 675 1856 praescribere
698 1796 966 1840 viderentur.
993 1798 1096 1840 Haee
1121 1795 1202 1839 sibi
1226 1812 1315 1839 esse
1336 1811 1478 1839 curae:
1501 1794 1693 1838 frumen-

300 1888 391 1921 tum
411 1880 659 1939 Sequanos,
684 1881 874 1934 Leucos,
894 1878 1116 1938 Lingonas
1136 1877 1491 1930 subministrare3
1514 1876 1692 1936 jamque

297 1975 387 2003 esse
402 1959 446 2002 in
465 1960 581 2021 agris
596 1959 818 2003 frumenta
834 1968 1007 2002 matura
1027 1975 1035 2001 τ
1053 1957 1106 2001 de
1123 1958 1300 2012 itinere,
1319 1959 1434 2018 ipsos
1452 1957 1576 2000 brevi
1592 1966 1694 1999 tem-

298 2056 402 2099 pore
425 2040 713 2100 J‘udicaturos.
737 2039 872 2098 Quod
896 2056 984 2083 non
1010 2038 1102 2084 fore
1119 2037 1241 2082 dicto
1262 2037 1487 2081 audientes
1510 2035 1692 2092 milites,

299 2136 439 2180 neque
465 2120 588 2181 signa
612 2120 744 2164 laturi
775 2120 1005 2175 dicantur,
1028 2117 1139 2163 nihil
1166 2136 1209 2162 se
1235 2135 1283 2162 ea
1313 2135 1359 2162 re
1388 2118 1654 2162 commoveri
1683 2133 1691 2159 :

297 2200 406 2243 scire
437 2200 581 2257 enim,
615 2202 953 2261 quibuscunque
987 2201 1204 2244 exercitus
1237 2199 1356 2243 dieto
1389 2198 1571 2243 audiens
1605 2214 1694 2240 non

297 2279 450 2337 fuerit,
474 2292 570 2337 aut,
592 2281 704 2325 male
724 2299 770 2325 re
791 2291 932 2343 gesta,
953 2281 1174 2325 fortunam
1200 2281 1407 2335 defuisse,
1431 2290 1525 2337 aut,
1547 2277 1695 2337 aliquo

300 2360 491 2405 facinore
509 2372 762 2423 comperto,
779 2362 1008 2406 avaritiam
1029 2379 1120 2405 esse
1137 2363 1401 2405 convictam.
1425 2363 1554 2404 Suam
1575 2360 1696 2402 inno-

299 2444 489 2486 centiam
511 2454 725 2505 perpetua
748 2445 857 2499 vita,
878 2442 1131 2487 felicitatem
1147 2442 1450 2487 Helvetiorum
1466 2439 1580 2484 bello
1604 2456 1696 2482 esse

300 2533 594 2583 perspectam.
612 2526 766 2585 Itaque
781 2542 824 2569 se
839 2559 850 2580 ,
868 2524 987 2585 quod
1006 2525 1049 2567 in
1065 2522 1310 2585 longiorem
1326 2522 1439 2566 diem
1456 2518 1696 2564 collaturus

302 2612 433 2656 esset,
464 2615 914 2664 rcpraesentaturum,
939 2615 981 2648 et
1007 2606 1206 2666 proxima
1230 2613 1356 2647 nocte
1381 2601 1434 2644 de
1459 2610 1614 2661 quarta
1636 2599 1697 2642 vi-

306 2679 407 2740 gilia
424 2693 563 2728 castra
583 2695 824 2737 moturum,
840 2697 886 2730 ut
905 2703 1034 2745 quam
1059 2687 1247 2746 primum
1267 2681 1508 2742 intelligere
1525 2690 1665 2741 posset
1683 2713 1694 2735 ,
