1972 3356
441 235 509 271 132
651 235 689 268 C.
719 233 847 267 JULII
877 232 1097 267 CAESARIS
1127 231 1614 269 COMMENTARIORUM

434 330 551 369 tuni,
577 332 709 377 quam
733 316 788 360 ab
814 315 936 359 hoste
964 316 1243 377 accepissent.
1273 317 1371 359 Non
1403 315 1590 376 denique
1622 335 1817 364 commu-

436 416 510 441 nes
529 395 631 441 belli
657 412 780 440 casus
805 395 1165 452 recordabantur,
1187 413 1319 456 quam
1340 395 1533 457 parvulae
1551 413 1662 457 saepe
1681 415 1821 443 causae

434 477 499 523 vel
530 477 645 522 falsae
669 478 950 540 suspicionis,
978 477 1043 522 vel
1068 479 1247 522 terroris
1273 479 1512 539 repentini,
1539 477 1603 521 vel
1632 479 1816 539 objectae

434 559 682 621 religionis,
729 576 886 621 magna
931 559 1190 604 detrimenta
1237 557 1516 614 intulissent3
1553 561 1725 619 quoties
1755 560 1818 604 vel

433 639 561 702 culpa
585 639 731 697 ducis,
758 639 825 684 vel
863 632 1026 684 tribuni
1063 641 1191 692 vitio,
1227 641 1269 682 in
1309 640 1501 684 exercitu
1541 648 1651 683 esset
1680 639 1822 684 offen-

433 738 529 765 sum
560 738 569 765 ε
599 721 694 777 sed,
726 721 910 782 proinde
937 738 987 766 ac
1019 721 1053 765 si
1094 721 1256 765 virtute
1290 722 1521 776 vicissent,
1560 736 1700 781 neque
1734 719 1823 765 ulla

432 803 718 846 commutatio
743 818 890 846 rerum
918 811 1061 863 posset
1085 800 1304 857 accidere,
1328 817 1407 861 per
1429 802 1580 845 orbern
1606 810 1821 846 terrarum

434 883 547 927 fama
571 899 621 927 ac
645 882 799 927 litteris
824 883 1052 927 victoriam
1079 882 1172 942 ejus
1196 882 1279 926 diei
1304 880 1689 926 concelebrabant.

496 965 702 1009 LXXIII.
743 965 910 1019 Caesar,
946 963 1000 1006 ab
1034 963 1334 1023 superioribus
1369 961 1561 1006 consiliis
1593 961 1823 1022 depulsus,

431 1061 608 1088 omnem
637 1044 718 1087 sibi
750 1042 1109 1087 commutandam
1148 1041 1247 1086 belli
1286 1043 1503 1086 rationem
1542 1043 1820 1086 existimavit.

432 1128 608 1185 Itaque,
636 1140 725 1167 uno
751 1134 945 1184 tempore
974 1121 1182 1183 praesidiis
1206 1121 1409 1165 omnibus
1432 1121 1652 1176 deductis,
1675 1132 1718 1165 et
1740 1139 1821 1183 op-

432 1206 702 1266 pugnatione
727 1203 929 1252 dimissa,
954 1213 1194 1262 coactoque
1217 1203 1259 1245 in
1285 1219 1421 1245 unum
1443 1201 1585 1245 locum
1608 1202 1823 1257 exercitu,

432 1286 689 1330 concionem
721 1284 838 1346 apud
880 1283 1038 1328 milites
1069 1283 1244 1340 habuit,
1280 1284 1568 1343 hortatusque
1604 1293 1689 1338 est,
1723 1303 1743 1324 «
1770 1300 1825 1327 nc

431 1384 504 1423 ea,
526 1381 622 1427 quae
640 1365 925 1417 accidissent,
944 1366 1136 1426 graviter
1154 1364 1339 1419 ferrent,
1366 1380 1470 1408 neve
1495 1364 1560 1408 his
1583 1364 1709 1408 rebus
1734 1375 1821 1408 ter-

431 1456 659 1503 rerentur,
696 1444 934 1507 multisque
961 1445 1162 1490 secundis
1192 1444 1354 1506 proeliis
1388 1461 1524 1488 unum
1562 1443 1822 1497 adversum,

414 1519 474 1571 ct
502 1527 543 1571 id
583 1527 828 1583 mediocre,
861 1537 1140 1587 opponerent
1177 1544 1185 1570 :
1220 1526 1468 1570 habendam
1501 1526 1688 1571 sortunae
1719 1543 1821 1587 gra-

432 1609 556 1664 tiam,
582 1607 701 1668 quod
728 1605 901 1651 Italiam
928 1608 1019 1651 sine
1045 1606 1192 1667 aliquo
1223 1606 1402 1650 vulnere
1431 1607 1675 1667 cepissent3
1703 1606 1823 1667 quod

413 1688 538 1748 3duas
564 1689 817 1749 Hispanias,
838 1686 1268 1732 bellicosissimorum
1293 1687 1524 1731 hominum
1551 1687 1822 1748 peritissimis

431 1778 560 1828 atque
589 1768 958 1811 exercitatissimis
986 1766 1198 1822 ducibus,
1223 1768 1517 1827 pacavissent;
1544 1766 1663 1828 quod
1692 1767 1822 1811 finiti-

431 1864 522 1892 mas
550 1848 946 1908 frumentariasque
983 1848 1230 1908 provincias
1267 1848 1308 1890 in
1339 1857 1601 1908 potestatem
1629 1846 1822 1909 redegis-

430 1939 545 1985 sent3
575 1928 765 1990 denique
791 1928 1012 1973 recordari
1040 1929 1217 1984 debere,
1246 1946 1329 1990 qua
1359 1927 1564 1973 felicitate
1594 1929 1706 1973 inter
1733 1945 1821 1973 me-

429 2012 521 2056 dias
549 2011 741 2055 hostium
770 2009 947 2066 classes,
977 2010 1166 2072 oppletis
1197 2027 1285 2054 non
1314 2009 1455 2054 solum
1490 2011 1712 2072 portibus,
1748 2010 1823 2055 sed

430 2095 560 2138 etiam
593 2092 814 2148 litoribus,
847 2109 1010 2137 omncs.
1038 2092 1280 2137 incolumes
1308 2103 1451 2137 essent
1488 2094 1773 2154 transportati
1812 2111 1821 2136 ;

430 2176 463 2219 si
486 2191 573 2220 non
602 2176 751 2219 omnia
776 2174 982 2219 caderent
1003 2175 1195 2219 secunda
1211 2210 1222 2231 ,
1250 2175 1472 2219 fortunam
1493 2192 1584 2220 esse
1608 2174 1824 2220 industria

430 2256 744 2302 sublevandam
768 2275 776 2301 :
803 2256 923 2319 quod
946 2269 1054 2302 essct
1079 2268 1308 2319 acceptum
1333 2257 1605 2310 detrimenti,
1626 2258 1823 2319 ejusjuri

431 2340 598 2399 potius,
620 2356 752 2400 quam
771 2356 858 2384 suae
875 2337 1035 2401 culpae,
1058 2339 1217 2384 debere
1239 2340 1400 2384 tribui:
1421 2339 1563 2383 locum
1585 2356 1630 2384 se
1645 2355 1820 2400 aequum

430 2419 483 2463 ad
522 2420 823 2466 dimicandum
853 2420 1046 2477 dedisse,
1085 2423 1273 2482 potitum
1307 2439 1399 2466 esse
1431 2422 1621 2465 hostium
1649 2421 1822 2474 castris,

430 2500 645 2561 expulisse
688 2518 738 2547 ac
787 2519 1013 2563 superasse
1057 2514 1302 2565 pugnantes
1330 2521 1338 2547 :
1377 2503 1451 2547 scd
1493 2504 1582 2547 sive
1622 2503 1819 2564 ipsorum

432 2582 727 2641 perturbatio,
755 2584 845 2627 sive
874 2599 997 2627 error
1025 2583 1209 2644 aliquis,
1238 2585 1329 2628 sive
1356 2585 1487 2628 etiam
1516 2583 1691 2626 fortuna
1720 2599 1821 2644 par·

432 2668 519 2702 tam
539 2659 630 2718 jam
671 2672 1015 2723 praesentcmque
1045 2665 1272 2708 victoriam
1301 2661 1693 2724 interpellavisset,
1716 2662 1824 2706 dan·
