1972 3356
451 249 526 286 238
688 252 726 283 (Σ.
754 247 883 282 JULII
912 245 1135 280 CAESARIS
1162 245 1423 281 COMMENT.
1455 247 1600 281 LIBER

451 334 620 393 periore
647 330 741 373 loco
761 339 803 373 et
829 338 924 389 post
950 338 1117 389 tergum
1141 328 1452 383 circumventi,
1480 328 1732 388 fortiterque
1760 347 1824 373 re-

449 414 667 467 sistentes,
696 408 990 453 conciduntur
1022 408 1225 451 universi.
1257 407 1390 464 Quod
1417 408 1493 451 ubi
1520 407 1710 469 legiones
1735 410 1824 453 Sci-

449 492 590 552 pionis
603 526 615 548 ,
634 507 729 551 quae
745 507 825 551 pro
840 490 992 534 castris
1006 498 1129 533 erant
1141 489 1384 543 instructae,
1398 487 1801 533 animadverterunt
1814 524 1825 544 ,

449 581 569 616 metu
590 588 640 615 ac
670 581 835 615 terrore
867 571 1107 626 obcaecatae,
1136 569 1338 613 omnibus
1363 570 1500 630 portis
1520 569 1563 612 in
1587 584 1661 613 sua
1682 579 1822 614 castra

447 652 597 713 fugere
623 661 860 713 coeperunt.
888 653 1063 706 Postea,
1087 650 1291 710 Scipione
1311 650 1491 710 ejusque
1513 650 1647 710 copiis
1670 665 1824 710 campo

446 732 716 793 collibusque
742 731 999 787 exturbatis,
1027 740 1155 790 atque
1178 731 1220 773 in
1246 739 1384 774 castra
1407 728 1661 791 compulsis,
1689 746 1825 789 quum

447 813 640 874 receptui
668 814 811 857 Caesar
839 812 935 855 cani
963 812 1180 872 jussisset,
1205 811 1537 871 equitatumque
1565 826 1738 853 omnem
1768 811 1828 853 in-

448 903 515 937 tra
528 910 627 937 suas
645 893 908 937 munitiones
935 892 1188 952 recepisset,
1216 907 1370 951 campo
1392 901 1603 952 purgato,
1629 891 1827 934 animad-

447 975 575 1018 vertit
605 973 785 1018 mirifica
814 989 999 1033 corpora
1025 970 1253 1017 Gallorum
1280 973 1718 1032 Germanorumque,
1749 973 1824 1031 qui

449 1055 607 1115 partim
636 1056 728 1114 ejus
755 1053 1058 1096 auctoritatem
1079 1060 1203 1094 erant
1230 1067 1281 1094 ex
1309 1049 1454 1094 Gallia
1483 1052 1637 1107 secuti,
1664 1052 1825 1111 partim

446 1135 587 1196 pretio
615 1132 1091 1195 pollicitationibusque
1126 1130 1303 1174 adducti
1343 1130 1398 1174 ad
1433 1147 1530 1174 eum
1565 1146 1609 1174 se
1636 1130 1829 1174 contule-

447 1225 545 1259 rant
571 1232 582 1270 3
613 1212 839 1266 nonnulli,
861 1213 935 1273 qui
965 1229 1015 1255 ex
1043 1211 1249 1256 Curionis
1275 1210 1428 1271 proelio
1451 1211 1564 1270 capti
1598 1227 1826 1255 conserva-

448 1297 569 1356 tique
596 1311 744 1356 parem
779 1294 962 1355 gratiam
993 1293 1035 1335 in
1069 1291 1155 1335 fide
1188 1291 1415 1352 partienda
1440 1301 1641 1351 praestare
1677 1290 1827 1335 volue-

450 1385 563 1420 rant.
601 1378 770 1419 Horum
801 1390 1012 1435 corpora,
1042 1372 1222 1417 mirifica
1250 1374 1391 1433 specie
1425 1371 1829 1433 amplitudineque,

451 1474 557 1501 caesa
579 1467 672 1501 toto
694 1472 850 1517 campo
875 1472 924 1499 ac
953 1463 1171 1515 prostrata
1196 1453 1594 1514 diversejacebant.

514 1541 633 1582 XLI.
659 1538 738 1581 His
762 1536 889 1580 rebus
915 1536 1068 1596 gestis,
1093 1544 1268 1595 postero
1294 1534 1363 1577 die
1388 1536 1532 1578 Caesar
1554 1550 1605 1577 ex
1630 1533 1832 1577 omnibus

451 1617 660 1680 praesidiis
690 1617 890 1661 cohortes
926 1614 1101 1669 eduxit,
1131 1623 1262 1672 atque
1298 1629 1447 1657 omnes
1474 1630 1571 1657 suas
1606 1614 1752 1674 copias
1786 1614 1828 1656 in

452 1714 605 1759 campo
621 1699 836 1741 instruxit.
854 1697 1021 1756 Scipio,
1037 1696 1122 1739 suis
1138 1693 1248 1738 male
1262 1695 1465 1754 acceptis,
1477 1693 1645 1746 occisis,
1657 1691 1813 1736 convul

454 1779 721 1836 neratisque,
738 1778 852 1819 intra
871 1791 969 1819 suas
988 1775 1211 1818 continere
1228 1790 1271 1816 se
1295 1773 1559 1816 munitiones
1574 1773 1717 1832 coepit.
1740 1773 1832 1815 Cae-

453 1875 523 1901 sar
536 1892 546 1913 ,
559 1858 771 1900 instructa
787 1856 876 1899 acie
894 1853 1134 1898 secundum
1154 1852 1321 1896 infimas
1336 1853 1429 1913 jugi
1450 1851 1634 1907 radices,
1653 1852 1832 1913 propius

452 1938 717 1982 munitiones
742 1935 896 1980 leniter
916 1935 1107 1978 accessit.
1134 1935 1316 1993 Jamque
1335 1933 1477 1975 minus
1495 1931 1611 1975 mille
1626 1948 1831 1992 passuum

452 2019 505 2062 ab
531 2018 694 2079 oppido
723 2017 876 2071 Uzita,
902 2014 1020 2076 quod
1043 2015 1189 2075 Scipio
1210 2013 1411 2069 tenebat,
1435 2013 1616 2056 aberant
1641 2011 1832 2072 legiones

453 2098 660 2155 Julianae,
687 2114 824 2158 quum
851 2097 1024 2156 Scipio,
1056 2095 1242 2150 veritus,
1270 2110 1325 2137 ne
1347 2092 1557 2154 oppidum
1586 2092 1831 2148 amitteret,

454 2179 570 2223 unde
607 2179 759 2239 aquari
780 2176 1060 2237 vreliquisque
1096 2176 1225 2219 rebus
1256 2173 1472 2218 sublevari
1498 2173 1589 2233 ejus
1615 2172 1830 2216 exercitus

456 2269 709 2313 consuerat,
738 2258 906 2302 eductis
934 2256 1134 2301 omnibus
1161 2256 1317 2316 copiis,
1343 2253 1618 2315 quadruplici
1647 2253 1737 2296 acie
1766 2252 1831 2294 in-

456 2350 620 2385 structa
635 2356 685 2383 ex
703 2340 903 2383 instituto
918 2354 995 2381 suo
1009 2372 1019 2392 ,
1035 2337 1173 2398 prima
1190 2336 1379 2396 equestri
1400 2334 1625 2379 turmatim
1643 2333 1808 2376 directa
1823 2365 1833 2385 ,

456 2421 789 2483 elephantisque
818 2420 984 2464 turritis
1011 2419 1276 2479 interpositis
1304 2417 1591 2475 armatisque,
1618 2412 1835 2474 suppetias

458 2505 519 2546 ire
538 2501 775 2546 contendit.
805 2499 939 2557 Quod
964 2499 1036 2542 ubi
1061 2500 1207 2542 Caesar
1226 2496 1558 2549 animadvertit,
1579 2495 1834 2545 arbitratus,

459 2584 705 2643 Scipionem
740 2581 794 2625 ad
823 2579 1120 2625 dimicandum
1150 2589 1351 2640 paratum
1384 2576 1439 2621 ad
1470 2593 1514 2619 se
1543 2584 1662 2619 certo
1690 2572 1834 2616 animo

458 2664 623 2718 venire,
652 2664 697 2706 in
724 2679 775 2706 eo
793 2661 912 2719 loco,
940 2677 1028 2721 quo
1055 2658 1183 2720 paulo
1221 2669 1321 2702 ante
1348 2653 1707 2708 commemoravi,
1737 2659 1835 2693 ante
