1972 3356
428 283 498 319 ¹90
659 271 696 305 C.
723 268 852 303 JULII
882 267 1095 303 CAESARIS
1125 267 1384 302 COMMENT.
1415 269 1558 305 LIBER

424 352 608 396 romani·
627 350 850 394 fortissimi
878 347 1202 410 fidelissimique
1229 348 1502 405 incolebant,
1535 350 1579 392 in
1619 350 1787 410 agmine

423 432 630 475 dimicare
658 430 714 474 sit
738 439 926 474 coactus.
953 429 1054 487 Quo
1084 428 1236 489 proelio
1263 428 1433 473 duobus
1460 426 1650 472 millibus
1672 427 1786 472 mili-

423 521 515 554 tum
542 508 728 570 amplius
755 510 940 566 amissis,
956 508 1283 553 centurionibus
1301 523 1495 564 xxxvm,
1510 507 1697 552 tribunis
1716 523 1761 552 1v
1776 541 1787 563 ‚

421 607 519 634 cum
547 589 724 654 reliquis
752 590 888 651 copiis
912 589 1113 634 Salonam
1156 606 1199 633 se
1232 589 1417 650 recepit3
1450 603 1704 648 summaque
1728 587 1789 631 ibi

424 669 680 715 difficultate
714 686 860 714 rerum
894 671 1090 714 omnium
1129 685 1325 730 pressuS,
1368 668 1518 729 paucis
1568 667 1790 711 mensibus

423 750 576 795 inorbo
598 751 738 812 periit.
766 751 903 811 Cujus
924 760 965 794 et
986 748 1215 794 infelicitas
1242 750 1354 804 vivi,
1375 758 1416 792 et
1440 747 1582 792 subita
1605 763 1721 791 mors
1745 747 1790 790 in

421 847 624 892 magnam
658 847 776 892 spem
812 831 1043 875 Octavium
1080 829 1260 874 adduxit
1289 828 1523 890 provinciae
1546 826 1790 889 potiundae3

420 928 550 971 quem
578 921 722 955 tamen
749 910 910 955 diutius
940 910 984 954 in
1010 910 1140 954 rebus
1174 908 1372 954 secundis
1406 918 1449 952 et
1473 907 1670 962 fortuna,
1693 923 1790 967 quae

420 989 654 1051 plurimum
692 993 736 1035 in
768 988 891 1034 bellis
924 998 1093 1051 potest,
1127 988 1436 1050 diligentiaque
1476 987 1724 1043 Cornificii,
1747 996 1790 1031 et

419 1070 556 1114 virtus
576 1071 741 1114 Vatinii
769 1070 928 1114 versari
955 1085 1076 1130 passa
1097 1084 1184 1112 non
1210 1076 1286 1111 est.

484 1151 642 1194 XLIV.
665 1151 866 1194 Vatinius
890 1147 1108 1193 Brundisii
1129 1164 1264 1208 quum
1278 1156 1408 1202 esset,
1430 1145 1616 1207 cognitis
1639 1144 1789 1202 rebus,

418 1247 512 1290 quae
536 1239 662 1291 gestae
689 1240 814 1274 erant
840 1230 884 1273 in
916 1227 1118 1290 Illyrico,
1149 1243 1285 1288 quum
1305 1226 1467 1271 crebris
1498 1225 1654 1270 litteris
1683 1227 1792 1270 Cor-

418 1309 547 1354 nificii
584 1309 637 1353 ad
666 1308 877 1354 auxilium
913 1309 1147 1370 provinciae
1176 1305 1402 1351 ferendum
1437 1315 1712 1359 evocaretur,
1749 1314 1792 1350 et

417 1392 480 1434 M.
505 1391 735 1435 Octavium
763 1389 934 1434 audiret
962 1406 1061 1434 cum
1093 1388 1295 1434 Barbaris
1321 1386 1480 1431 foedera
1505 1386 1789 1447 percussisse,

419 1469 803 1531 compluribusque
818 1469 924 1514 locis
944 1478 1194 1514 nostrorum
1211 1467 1399 1511 militum
1414 1482 1671 1527 oppugnare
1685 1482 1792 1526 prae-

418 1549 548 1602 sidia,
591 1550 750 1610 partim
783 1548 916 1593 classe
944 1565 1021 1609 per
1050 1564 1116 1603 se,
1151 1547 1307 1608 partim
1348 1545 1620 1607 pedestribus
1654 1545 1790 1605 copiis

420 1645 497 1688 per
521 1629 735 1672 Barbaros
751 1664 761 1684 ,
782 1629 882 1682 etsi,
908 1628 1027 1689 gravi
1047 1625 1296 1671 valetudine
1315 1625 1520 1680 affectus,
1541 1624 1613 1668 vix
1631 1641 1788 1685 corpo-

419 1708 475 1751 ris
503 1708 667 1752 viribus
702 1708 895 1752 animum
919 1707 1204 1767 sequebatur,
1237 1715 1378 1749 tamen
1406 1705 1568 1748 virtute
1598 1704 1700 1748 vicit
1724 1704 1790 1747 in-

418 1788 695 1835 commodum
740 1797 928 1842 naturae,
966 1785 1331 1845 difficultatesque
1369 1785 1523 1828 hiemis
1562 1794 1605 1828 et
1641 1784 1791 1828 suhitae

418 1867 760 1928 praeparationis.
788 1869 904 1911 Nam
934 1883 1070 1927 quum
1107 1867 1197 1927 ipse
1233 1881 1393 1927 paucas
1420 1865 1464 1908 in
1496 1874 1625 1925 portu
1662 1881 1790 1908 naves

419 1946 569 2008 longas
584 1947 762 1991 haberet
775 1981 786 2003 ‚
806 1946 969 1991 litteras
985 1948 1029 1990 in
1046 1946 1253 1991 Achaiam
1275 1945 1330 1990 ad
1348 1945 1405 2002 Q.
1423 1943 1635 1989 Calenum
1652 1945 1791 2002 misit,

421 2027 481 2069 uti
496 2027 577 2070 sibi
601 2026 780 2072 classem
798 2027 1003 2071 mitteret.
1020 2025 1154 2083 Quod
1171 2042 1304 2086 quum
1321 2024 1484 2069 tardius
1502 2024 1643 2081 fieret,
1658 2041 1789 2085 quam

419 2105 661 2165 periculum
691 2116 941 2151 nostrorum
963 2105 1208 2168 flagitabat,
1232 2106 1307 2166 qui
1338 2105 1550 2149 sustinere
1577 2104 1789 2165 impetum

417 2187 590 2230 Octavii
614 2203 701 2230 non
724 2195 950 2247 poterant,
980 2186 1163 2230 navibus
1189 2185 1413 2241 actuariis,
1432 2200 1616 2245 quarum
1639 2200 1791 2228 nume-

419 2281 492 2309 rus
514 2275 608 2309 erat
632 2267 735 2310 satis
753 2283 960 2328 magnus,
979 2264 1282 2327 magnitudine
1302 2281 1555 2326 quanquam
1575 2281 1664 2308 non
1689 2264 1791 2308 satis

413 2345 529 2405 justa
554 2343 607 2389 ad
631 2345 946 2406 proeliandum,
963 2355 1103 2389 rostra
1130 2346 1349 2407 imposuit.
1378 2345 1453 2388 His
1473 2344 1689 2405 adjunctis
1711 2360 1790 2388 na·

418 2424 541 2468 vibus
564 2423 724 2486 longis,
745 2435 788 2469 et
811 2442 993 2469 numero
1011 2424 1157 2469 classis
1181 2435 1331 2481 aucto,
1348 2423 1559 2468 militibus
1574 2423 1790 2467 veteranis

417 2504 648 2564 impositis,
682 2522 869 2565 quorum
909 2521 1110 2566 magnam
1147 2506 1318 2567 copiam
1344 2504 1534 2549 habehat
1571 2519 1622 2547 ex
1649 2503 1790 2546 omni·

417 2583 496 2627 bus
522 2582 785 2645 legionibus,
814 2585 888 2645 qui
916 2601 1095 2628 numero
1112 2601 1326 2646 aegrorum
1343 2583 1481 2628 relicti
1504 2591 1624 2626 erant
1642 2584 1787 2626 Brun-

416 2662 535 2717 disii,
559 2680 694 2724 quum
721 2666 934 2708 exercitus
962 2665 1005 2707 in
1031 2666 1244 2709 Graeciam
1272 2671 1664 2725 transportaretur,
1691 2678 1790 2723 pro-
