1972 3356
355 270 427 314 294
587 265 625 297 (3.
655 262 783 296 JULII
812 260 1033 296 CAESARIS
1064 260 1327 295 COMMENT.
1357 261 1501 295 LIBER

353 350 411 392 tie
444 349 487 391 in
527 361 699 405 aequum
738 344 790 388 ad
825 343 1125 388 dimicandum
1162 343 1398 387 adversarii
1429 343 1732 405 procederent.

351 432 445 472 Hoc
468 435 561 470 erat
585 426 627 468 in
652 425 851 469 omnium
872 433 1121 485 conspectu.
1148 426 1245 467 Huc
1264 423 1523 479 accedebat,
1549 433 1596 467 ut
1614 421 1735 467 locus

352 506 423 550 illa
448 505 628 568 planitie
648 506 888 566 equitatum
906 513 1103 557 ornaret,
1126 513 1167 547 et
1188 503 1271 547 diei
1297 503 1486 563 solisque
1499 504 1735 557 serenitas;

352 597 400 631 ut
424 586 658 630 mirificum
687 595 728 629 et
757 584 998 646 optandum
1022 594 1194 644 tempus
1218 600 1355 644 prope
1381 584 1434 627 ab
1459 583 1541 627 diis
1567 584 1737 627 immor-

351 666 511 712 talibus
538 665 647 710 illud
669 666 883 710 tributum
911 674 1022 709 esset
1047 664 1101 708 ad
1126 663 1328 725 proelium
1357 663 1734 708 committendum.

349 748 502 794 Nostri
528 747 684 802 laetari,
709 745 906 791 nonnulli
937 746 1066 790 etiam
1102 747 1280 802 timere,
1313 744 1430 805 quod
1474 747 1517 789 in
1544 761 1642 789 eum
1670 743 1735 788 lo·

350 845 450 872 cum
480 844 546 872 res
575 827 849 887 fortunaeque
885 829 1082 870 omnium
1116 825 1462 882 deducerentur,
1506 834 1579 882 ut,
1606 824 1734 886 quid-

349 908 458 969 quid
490 918 591 969 post
621 909 770 952 boram
805 923 930 951 casus
957 906 1209 962 tribuisset,
1242 907 1283 948 in
1312 906 1445 950 dubio
1482 915 1733 967 poneretur.

349 990 502 1049 Itaque
529 989 665 1032 nostri
687 987 740 1031 ad
756 985 1054 1030 dimicandum
1071 986 1344 1046 procedunt3
1370 986 1411 1029 id
1435 986 1554 1047 quod
1579 986 1735 1030 adver-

349 1070 485 1113 sarios
512 1067 867 1112 existimabamus
894 1083 986 1110 esse
1016 1065 1206 1109 facturos
1237 1083 1246 1108 :
1277 1067 1351 1126 qui
1382 1076 1526 1110 tamen
1548 1083 1571 1111 a
1598 1070 1737 1112 muni-

348 1151 465 1193 tione
498 1148 647 1209 oppidi
688 1146 804 1192 mille
831 1147 1028 1208 passibus
1055 1145 1227 1207 longius
1265 1163 1350 1190 non
1392 1147 1613 1192 audebant
1639 1165 1736 1210 pro-

347 1229 520 1284 cedere3
550 1229 592 1272 in
614 1245 702 1289 quo
730 1229 808 1271 sibi
838 1244 975 1289 prope
1000 1244 1173 1271 murum
1194 1227 1427 1271 adversarii
1443 1227 1732 1288 proeliandum

348 1310 685 1355 constituebant.
722 1311 875 1369 Itaque
903 1310 1038 1352 nostri
1064 1309 1323 1369 procedunt.
1350 1308 1574 1353 Interdum
1603 1312 1735 1371 aequi·

349 1401 412 1434 tas
436 1390 518 1434 loci
543 1390 814 1434 adversarios
839 1389 1132 1449 efflagitabat,
1167 1399 1213 1433 ut
1241 1388 1313 1432 tali
1351 1390 1604 1435 conditione
1629 1408 1734 1435 con-

348 1472 574 1516 tenderent
598 1471 652 1515 ad
679 1472 907 1515 victoriam
937 1488 944 1513 :
975 1487 1115 1530 neque
1140 1480 1285 1514 tamen
1315 1470 1374 1514 illi
1398 1487 1421 1514 a
1447 1488 1522 1515 sua
1548 1488 1732 1516 consue-

348 1551 499 1595 tudine
513 1550 808 1606 decedebant,
834 1561 879 1594 ut
905 1560 981 1594 aut
995 1550 1049 1593 ab
1065 1549 1234 1594 excelso
1257 1550 1374 1606 loco,
1399 1561 1474 1595 aut
1498 1552 1551 1595 ab
1569 1552 1732 1613 oppido

347 1632 631 1675 discederent.
657 1633 804 1675 Nostri
830 1630 936 1691 pede
959 1647 1107 1691 presso
1136 1633 1315 1691 propius
1341 1632 1481 1674 rivum
1511 1649 1644 1691 quum
1664 1649 1735 1693 ap-

346 1712 739 1772 propinquassent,
775 1711 1012 1754 adversarii
1046 1711 1306 1770 patrocinari
1339 1709 1433 1754 loco
1466 1712 1616 1771 iniquo
1645 1729 1732 1756 nou

348 1791 565 1833 desinunt.

411 1873 553 1915 XXX.
584 1874 683 1915 Erat
713 1873 824 1915 acies
842 1888 921 1916 xtn
942 1870 1097 1931 aquilis
1121 1873 1355 1915 constituta
1373 1906 1384 1927 ,
1406 1889 1501 1932 qum
1526 1872 1733 1917 lateribus

347 1953 543 2012 equitatu
568 1952 818 2013 tegebatur,
843 1969 941 1995 cuni
970 1951 1051 1995 levi
1076 1962 1298 1996 armatura
1323 1951 1515 1997 millibus
1531 1970 1600 1998 vi:
1624 1970 1733 2015 prae-

348 2043 463 2076 terea
485 2032 715 2076 auxiliares
747 2032 1014 2077 accedebant
1043 2049 1178 2093 prope
1209 2031 1393 2077 alterum
1425 2044 1609 2078 tantum.
1643 2036 1734 2079 No-

347 2123 434 2157 stra
464 2112 662 2174 praesidia
695 2130 815 2157 Lxxx
836 2113 1092 2157 cohortibus
1115 2123 1156 2157 et
1187 2130 1269 2157 vui
1298 2112 1489 2158 millibus
1518 2115 1729 2175 equitum.

346 2195 434 2247 lta,
465 2210 600 2254 quum
632 2195 672 2237 in
700 2204 894 2238 extrema
923 2192 1103 2255 planitie
1131 2195 1328 2254 iniquum
1356 2195 1399 2237 in
1420 2192 1564 2239 locum
1589 2197 1729 2239 nostri

346 2275 1145 2336 appropinquassent,paratusliostis
1159 2285 1248 2319 erat
1269 2275 1484 2336 superior,
1514 2285 1562 2319 ut
1590 2285 1730 2319 trans·

346 2355 479 2399 eundi
504 2357 702 2417 superius
726 2358 808 2399 iter
829 2356 1106 2399 vehementer
1125 2365 1236 2399 esset
1263 2353 1571 2416 periculosum.
1597 2355 1730 2413 Quod

347 2452 482 2495 quum
511 2453 534 2479 a
561 2439 732 2481 Caesare
770 2446 882 2480 esset
920 2435 1300 2491 animadversum,
1344 2452 1397 2480 ne
1431 2435 1536 2496 quid
1572 2445 1732 2481 temere

347 2515 478 2576 culpa
505 2533 583 2561 sua
614 2533 738 2561 secus
766 2517 1085 2571 admitteretur,
1116 2533 1213 2560 eum
1252 2515 1395 2560 locum
1425 2516 1609 2561 definire
1645 2533 1731 2560 coe·

348 2598 423 2656 pit.
453 2597 586 2654 Quod
612 2614 748 2659 quum
775 2598 1003 2641 homiuum
1035 2597 1213 2640 auribus
1239 2607 1350 2641 esset
1373 2597 1616 2658 objectum,
1646 2613 1733 2641 mo·

350 2676 451 2720 leste
471 2688 509 2720 et
542 2679 695 2722 acerbe
721 2678 1020 2739 accipiebant,
1039 2695 1082 2721 se
1102 2678 1425 2738 impediri,quo
1452 2679 1594 2722 minus
1623 2695 1732 2739 proe-
