1972 3356
539 229 605 266 DE
637 229 798 265 BELLO
830 229 986 266 CIVILI
1018 230 1111 265 LIB.
1135 230 1201 265 111.
1502 228 1571 265 135

251 316 475 360 LXXVII.
503 317 684 360 Postero
699 315 768 360 die
785 317 945 372 Caesar,
966 313 1163 359 similiter
1180 315 1414 376 praemissis
1432 315 1574 376 prima

184 407 313 441 nocte
346 396 689 458 impedimentis,
727 396 780 440 de
820 406 976 458 quarta
1015 395 1163 458 vigilia
1201 396 1292 458 ipse
1335 395 1571 457 egreditur,

187 487 258 534 ut,
283 479 316 523 si
347 495 432 540 qua
460 478 665 538 imposita
691 464 801 522 esset
824 477 1062 521 dimicandi
1090 477 1347 534 necessitas,
1376 476 1572 521 subitum

183 575 332 603 casum
353 557 559 620 expedito
579 559 772 602 exercitu
802 557 981 601 subiret.
1003 560 1097 601 Hoc
1120 557 1234 601 idem
1260 556 1438 618 reliquis
1467 557 1570 602 fecit

183 640 349 684 diebus.
379 639 555 698 Quibus
590 639 720 683 rebus
755 638 999 699 perfectum
1035 648 1125 695 est,
1154 648 1202 682 ut
1232 637 1452 682 altissimis
1488 639 1571 683 ssu-

183 721 374 765 minibus
394 730 527 781 atque
543 718 888 781 impeditissimis
913 719 1142 763 itineribus
1163 717 1333 763 nullum
1355 720 1572 780 acciperet

182 800 523 845 incommodum.
554 801 791 861 Pompeius
820 800 964 856 enim,
990 801 1121 861 primi
1157 799 1242 844 diei
1272 816 1396 844 mora
1428 798 1570 857 illata⁷

181 891 224 925 et
251 879 526 942 reliquorum
553 880 723 925 dierum
752 882 914 926 frustra
941 880 1089 926 labore
1115 891 1346 944 suscepto,
1370 897 1507 942 quum
1527 898 1571 926 se

179 963 348 1024 magnis
389 963 618 1007 itineribus
653 963 938 1020 extenderet,
981 973 1024 1006 et
1060 979 1321 1025 praegressos
1361 964 1570 1024 consequi

178 1054 383 1105 cuperet,
412 1054 569 1105 quarto
605 1043 675 1089 die
709 1043 840 1088 finem
875 1044 1086 1106 sequendi
1124 1044 1249 1100 fecit,
1283 1054 1414 1105 atque
1451 1043 1570 1089 aliud

178 1125 259 1170 sibi
279 1125 511 1171 consilium
532 1125 798 1188 capiendum
822 1127 1099 1171 existimavit.

242 1210 495 1253 LXXVIII.
527 1209 709 1264 Caesari‚
749 1208 804 1252 ad
842 1209 1012 1252 saucios
1054 1207 1363 1270 deponendos,
1405 1208 1570 1269 stipen-

177 1289 299 1334 dium
319 1291 527 1335 exercitui
547 1290 762 1344 dandum,
783 1291 922 1334 socios
941 1289 1292 1345 confirmandos,
1313 1289 1567 1351 praesidium

178 1371 362 1416 urbibus
391 1371 758 1432 relinquendum,
787 1388 962 1416 necesse
995 1381 1087 1416 erat
1124 1371 1245 1416 adire
1270 1370 1566 1433 Apolloniam.

177 1452 263 1497 Sed
295 1453 363 1497 his
397 1452 525 1497 rebus
558 1463 731 1497 tantum
767 1453 977 1514 temporis
1013 1453 1195 1507 tribuit,
1224 1462 1439 1512 quantum
1474 1462 1570 1496 erat

175 1535 432 1595 properanti
476 1551 652 1579 necesse
689 1552 697 1578 :
736 1536 982 1594 timensque
1021 1534 1243 1590 Domitio,
1280 1550 1333 1577 ne
1374 1532 1568 1579 adventu

174 1615 371 1676 Pompeii
398 1625 795 1677 praeoccuparetur,
822 1616 876 1660 ad
903 1632 1004 1660 eum
1026 1616 1147 1660 omni
1176 1613 1398 1659 celeritate
1418 1624 1460 1658 et
1480 1624 1569 1658 stu-

174 1695 245 1740 dio
274 1697 481 1742 incitatus
512 1697 744 1742 serebatur.
783 1699 938 1743 Totius
965 1708 1111 1742 autem
1139 1699 1200 1742 rei
1234 1695 1466 1741 consilium
1500 1697 1569 1740 his

173 1778 419 1822 rationibus
449 1778 722 1840 explicabat,
756 1789 826 1834 ut,
855 1779 888 1823 si
921 1780 1157 1839 Pompeius
1189 1778 1347 1822 eodem
1380 1787 1565 1823 conten-

174 1858 325 1915 deret,
350 1859 588 1904 abductum
615 1859 740 1904 illum
766 1877 790 1904 a
816 1861 925 1904 mari
953 1869 1087 1921 atque
1111 1859 1164 1903 ab
1186 1859 1237 1903 iis
1263 1860 1428 1920 copiis,
1459 1876 1568 1919 quas

174 1941 411 2001 Dyrrachii
448 1952 807 2003 comparaverat,
849 1941 1069 1986 frumento
1108 1957 1158 1986 ac
1197 1951 1446 1986 commeatu
1487 1941 1567 1985 ab·

174 2032 410 2079 stractum,
447 2023 539 2085 pari
573 2023 828 2068 conditione
862 2022 962 2068 belli
997 2040 1147 2068 secum
1182 2022 1404 2067 decertare
1440 2038 1568 2084 coge-

173 2114 242 2148 ret
273 2122 282 2148 ε
320 2105 354 2149 si
390 2106 435 2149 in
472 2105 640 2149 Italiam
680 2106 913 2162 transiret,
947 2107 1184 2167 conjuncto
1228 2105 1422 2149 exercitu
1464 2120 1566 2148 cum

172 2187 372 2231 Domitio
404 2204 482 2249 per
511 2186 736 2249 Illyricum
773 2186 910 2232 Italiae
942 2187 1137 2232 subsidio
1171 2186 1524 2248 proficisceretur
1555 2201 1564 2228 ε

172 2268 239 2311 sin
269 2267 547 2329 Apolloniam
573 2270 846 2330 Oricumque
875 2285 1159 2331 oppugnare,
1187 2277 1230 2312 et
1252 2285 1296 2312 se
1321 2267 1443 2312 omni
1474 2283 1566 2310 ma-

173 2349 317 2393 ritima
337 2366 414 2394 ora
435 2349 666 2396 excludere
691 2361 939 2409 conaretur,
966 2351 1143 2396 obsesso
1166 2360 1310 2394 tamen
1337 2349 1566 2410 Scipione,

175 2433 417 2476 necessario
437 2431 560 2476 illum
584 2433 672 2477 suis
699 2432 909 2478 auxilium
933 2433 1044 2478 ferre
1062 2441 1249 2495 cogeret.
1273 2433 1446 2492 Itaque,
1464 2446 1569 2493 prae·

173 2513 317 2558 missis
350 2515 519 2559 nuntiis
554 2514 608 2559 ad
642 2517 724 2560 Cn.
759 2516 1034 2573 Domitium,
1070 2517 1216 2561 Caesar
1254 2514 1452 2575 scripsit,
1494 2522 1565 2568 et,

173 2595 278 2656 quid
314 2595 405 2640 fieri
444 2595 599 2654 vellet,
635 2597 825 2642 ostendit
852 2616 860 2642 :
889 2597 1182 2660 praesidioque
1212 2594 1458 2657 Apolloniae
1491 2611 1564 2639 co-

174 2675 374 2723 hortibus
405 2694 468 2736 IV,
495 2679 606 2722 Lissi
639 2695 674 2737 1,
707 2696 758 2724 111
790 2681 910 2725 Orici
945 2678 1127 2736 relictis,
1160 2679 1325 2739 quique
1357 2686 1482 2722 erant
1516 2693 1566 2720 ex
