1972 3356
376 241 448 277 106
587 241 626 275 C.
656 239 784 274 JUL11
814 239 1035 274 CAESARIS
1064 239 1553 279 COMMENTARIORUM

372 335 556 383 uterque
582 338 736 366 eorum
765 338 816 366 ex
842 319 996 367 castris
1015 323 1186 367 stativis
1206 340 1229 368 a
1251 314 1432 368 flumine
1453 328 1570 388 Apso
1593 333 1757 376 exerci-

371 415 463 448 tum
499 402 716 460 educunt3
748 404 984 466 Pompeius
1016 403 1129 449 clam
1164 414 1208 450 et
1244 414 1406 463 noctu,
1438 408 1584 452 Caesar
1616 409 1759 470 palam

369 496 501 546 atque
524 484 731 531 interdiu.
759 485 842 531 Sed
867 487 1027 531 Caesari
1048 487 1235 532 circuitu
1262 488 1427 548 majore
1451 489 1534 534 iter
1557 501 1651 535 erat
1672 490 1759 537 lon-

370 569 492 630 gius,
527 566 711 614 adverso
744 567 951 625 flumine,
980 578 1029 613 ut
1055 568 1169 614 vado
1198 571 1384 615 transire
1415 581 1560 632 posset
1590 589 1599 616 ε
1630 575 1759 618 Pom-

368 650 519 711 peius,
545 651 649 711 quia
671 649 878 713 expedito
898 650 1054 696 itinere
1075 650 1238 695 flumen
1263 652 1302 700 ei
1326 651 1645 698 transeundum
1670 671 1758 699 non

368 740 485 787 erat,
510 732 680 793 magnis
708 732 938 777 itineribus
966 731 1021 777 ad
1048 733 1291 777 Antonium
1319 733 1573 791 contendit,
1600 743 1759 796 atque,

367 828 468 856 eum
503 813 577 856 ubi
613 814 973 875 appropinquare
1003 814 1239 875 cognovit,
1275 813 1482 858 idoneum
1510 813 1654 859 locum
1682 832 1760 860 na-

368 903 489 950 ctus,
515 893 574 938 ibi
592 893 741 956 copias
770 892 1022 951 collocavit,
1053 911 1244 956 suosque
1273 911 1425 939 omnes
1447 896 1602 940 castris
1624 898 1761 941 conti-

368 975 492 1033 nuit,
522 975 733 1037 ignesque
761 974 855 1018 fieri
885 975 1136 1036 prohibuit,
1160 992 1249 1036 quo
1277 975 1495 1021 occultior
1521 987 1634 1022 esset
1665 979 1759 1039 ejus

366 1055 596 1100 adventus.
618 1058 723 1100 Haec
743 1055 799 1099 ad
817 1055 1062 1101 Antonium
1085 1057 1232 1100 statim
1257 1073 1333 1117 per
1352 1059 1532 1102 Graecos
1555 1057 1761 1104 deferun-

369 1147 452 1181 tur.
477 1136 583 1194 Ille,
613 1137 754 1181 missis
784 1136 839 1181 ad
869 1139 1085 1182 Caesarem
1120 1138 1314 1193 nuntiis,
1348 1155 1486 1182 unum
1513 1138 1629 1183 diem
1665 1156 1758 1184 sese

365 1219 517 1263 castris
550 1219 691 1262 tenuit
714 1236 723 1263 ε
756 1216 896 1263 altero
921 1218 990 1263 die
1018 1217 1072 1262 ad
1094 1235 1192 1263 eum
1216 1219 1418 1280 pervenit
1444 1220 1601 1264 Caesar.
1621 1220 1761 1281 CuJus

365 1298 556 1344 adventu
587 1301 791 1361 cognito,
819 1301 1083 1362 Pompeius,
1114 1317 1167 1344 ne
1191 1299 1365 1344 duobus
1394 1300 1760 1347 circumcludere-

367 1390 440 1426 tur
463 1382 754 1437 exercitibus,
780 1398 834 1427 ex
860 1399 911 1427 eo
938 1381 1035 1427 loco
1061 1381 1269 1437 discedit,
1297 1382 1595 1444 omnibusque
1621 1384 1760 1446 copiis

366 1461 422 1506 ad
447 1464 739 1525 Asparagium
761 1463 1142 1525 Dyrrachinorum
1172 1464 1397 1525 pervenit,
1424 1473 1556 1525 atque
1583 1464 1643 1508 ibi
1668 1464 1761 1509 ido-

366 1560 447 1588 neo
472 1542 570 1589 loco
595 1554 736 1589 castra
764 1546 902 1606 ponit.

428 1626 594 1669 XXXI.
634 1626 713 1669 His
750 1626 1021 1687 temporibus
1057 1626 1233 1688 Scipio,
1270 1626 1543 1671 detrimentis
1575 1627 1758 1688 quibus-

365 1705 466 1750 dam
493 1706 606 1750 circa
632 1717 827 1751 montem
849 1710 1068 1751 Amanum
1089 1709 1300 1769 acceptis,
1325 1723 1418 1752 sese
1444 1708 1754 1768 imperatorem

365 1786 677 1848 appellaverat.
700 1787 806 1844 Quo
832 1787 968 1843 facto,
990 1788 1244 1832 civitatibus
1268 1788 1557 1849 tyrannisque
1577 1805 1758 1849 magnas

367 1868 659 1927 imperaverat
684 1869 896 1930 pecunias
918 1886 927 1912 ε
956 1869 1057 1912 item
1085 1885 1108 1912 a
1135 1867 1381 1929 publicanis
1406 1885 1494 1913 suae
1520 1869 1758 1929 provinciae

364 1947 559 1993 debitam
590 1949 757 1994 biennii
785 1950 1017 2011 pecuniam
1041 1959 1270 2013 exegerat,
1299 1960 1344 1995 et
1369 1950 1425 1994 ab
1455 1949 1620 1994 eisdem
1647 1949 1759 1995 inse-

364 2031 540 2089 quentis
573 2031 675 2074 anni
705 2040 902 2075 mutuam
934 2031 1518 2093 prceceperat,equitesque
1550 2030 1630 2075 toti
1660 2047 1760 2092 pro·

366 2111 519 2155 vincia»,
555 2112 859 2173 imperaverat.
890 2114 1066 2170 Quibus
1093 2115 1286 2170 coactis,
1317 2112 1519 2157 finitimis
1556 2112 1756 2158 hostibus

365 2194 540 2238 Parthis
578 2204 676 2256 post
711 2211 756 2239 se
796 2193 986 2251 relictis,
1025 2197 1099 2256 qui
1142 2195 1275 2257 paulo
1309 2206 1410 2240 ante
1446 2196 1510 2239 M.
1547 2196 1756 2240 Crassum

366 2275 676 2336 imperatorem
701 2276 1036 2331 interfecerant,
1061 2287 1104 2322 et
1127 2279 1190 2323 M.
1218 2276 1425 2322 Bibulum
1459 2277 1502 2321 in
1527 2274 1757 2321 obsidione

365 2355 642 2414 habuerant,
682 2355 876 2420 legiones
914 2360 1173 2420 equitesque
1210 2375 1263 2403 ex
1300 2359 1426 2420 Syria
1466 2356 1707 2402 deduxerat
1747 2373 1754 2398 :

363 2453 624 2499 summaque
652 2440 697 2483 in
725 2437 1023 2484 sollicitudine
1051 2456 1101 2485 ac
1131 2441 1287 2485 timore
1312 2439 1502 2501 parthici
1536 2435 1679 2483 bellici
1713 2437 1754 2479 in

362 2519 638 2579 provinciam
665 2536 802 2581 quum
834 2521 1023 2565 venisset
1041 2555 1052 2577 ,
1077 2538 1132 2565 acv
1156 2519 1380 2565 nonnullae
1409 2517 1601 2564 militum
1628 2533 1755 2562 voces

362 2610 457 2644 tum
492 2599 778 2657 audirentur,
809 2621 830 2642 α
856 2617 974 2657 sese,
1007 2611 1163 2646 contra
1193 2601 1365 2646 hostem
1393 2598 1428 2644 si
1466 2597 1757 2651 ducerentur,

363 2680 528 2737 ituros3
561 2691 718 2726 contra
747 2683 886 2726 civem
917 2692 956 2725 ct
988 2681 1215 2727 consulem
1243 2697 1363 2726 arma
1400 2696 1487 2723 non
1519 2677 1755 2732 latui-0⁵3»
