1972 3356
614 201 681 236 DE
711 201 874 237 BELLO
906 201 1060 237 CIVILI
1092 202 1184 237 LIB.
1215 202 1263 238 Π.
1591 214 1636 246 77

227 283 348 344 quod
382 284 606 329 deditione
639 285 765 332 ducis
797 296 839 330 et
873 287 1030 348 capitis
1068 286 1376 331 deminutione
1412 284 1636 330 sublatum

225 375 303 409 est.
340 369 423 424 At,
453 367 606 424 credo,
641 368 677 412 si
703 369 925 412 Caesarem
955 369 1178 429 probatis,
1209 369 1254 413 in
1287 385 1357 413 me
1382 367 1637 423 offenditis,

225 448 300 508 qui
334 447 388 492 de
415 450 521 493 meis
553 450 597 492 in
623 466 700 493 vos
726 450 892 493 meritis
918 448 1240 509 praedicaturus
1264 466 1353 494 non
1389 466 1510 507 sum,
1540 467 1638 511 quae

225 539 329 574 sunt
354 529 499 574 adhuc
525 540 568 574 et
598 546 694 573 mea
725 529 955 574 voluntate
978 540 1022 573 et
1046 539 1188 573 vestra
1224 535 1549 591 exspectatione
1574 530 1635 575 le-

226 611 349 655 viora
377 629 385 655 :
411 610 487 655 sed
510 620 657 655 tamen
685 612 750 655 sui
778 610 940 654 laboris
965 609 1126 654 milites
1153 627 1325 671 semper
1347 622 1507 656 eventu
1532 612 1637 656 belli

225 693 406 754 praemia
435 693 689 754 petiverunt
721 710 730 736 ε
758 693 835 753 qui
861 690 1004 753 qualis
1034 692 1090 736 sit
1122 691 1324 749 futurus,
1354 709 1409 736 ne
1436 710 1514 736 vos
1541 695 1639 754 qui-

224 775 321 819 dem
349 773 575 818 dubitatis.
605 773 895 835 Diligentiam
936 773 1116 835 quidem
1147 784 1369 831 nostram,
1398 784 1474 818 aut
1504 791 1636 836 quem

222 855 278 900 ad
300 855 432 900 finem
457 855 604 900 adhuc
629 873 696 901 res
723 857 957 918 processit,
992 856 1309 917 fortunamque
1339 873 1420 901 cur
1456 867 1638 919 praeter-

221 936 356 981 eam?
383 941 452 982 An
496 938 682 999 poenitet
709 955 809 993 vos,
834 937 954 1000 quod
997 937 1168 983 salvum
1203 949 1335 999 atque
1365 938 1637 983 incolumem

221 1021 488 1075 exercitum,
515 1019 637 1065 nulla
663 1022 848 1065 omnino
884 1037 995 1065 nave
1037 1019 1307 1077 desiderata,
1336 1020 1638 1065 traduxerim?

221 1101 342 1163 quod
363 1101 546 1147 classem
571 1103 768 1147 hostium
796 1104 941 1165 primo
971 1104 1139 1165 impetu
1163 1102 1402 1148 adveniens
1422 1103 1635 1166 profliga-

222 1184 388 1229 verim?
414 1185 532 1246 quod
560 1185 628 1229 bis
656 1202 735 1247 per
760 1185 946 1229 biduum
984 1186 1176 1247 equestri
1207 1185 1364 1247 proelio
1395 1201 1635 1247 superave-

222 1266 335 1311 rim?
364 1267 483 1329 quod
521 1285 571 1312 ex
612 1279 745 1330 portu
788 1269 976 1329 sinuque
1018 1268 1374 1313 adversariorum
1419 1283 1471 1312 cc
1504 1285 1637 1312 naves

221 1359 424 1393 oneratas
450 1349 736 1407 abduxerim,
767 1367 908 1411 eoque
947 1349 1044 1394 illos
1076 1348 1390 1411 compulerim,
1419 1359 1467 1393 ut
1494 1366 1638 1410 neque

221 1430 415 1492 pedestri
444 1432 624 1488 itinere,
647 1448 791 1492 neque
808 1431 993 1475 navibus
1010 1441 1259 1475 commeatu
1276 1431 1424 1492 juvari
1442 1431 1637 1492 possint?

221 1516 314 1558 Hac
352 1529 428 1557 vos
469 1513 647 1557 fortuna
672 1523 803 1574 atque
837 1514 904 1557 his
950 1513 1138 1557 ducibus
1185 1512 1455 1573 repudiatis,
1502 1512 1635 1556 corli-

220 1595 417 1639 niensem
445 1594 758 1657 ignominiam,
781 1612 836 1638 an
861 1593 1000 1640 ltaliae
1032 1594 1210 1656 fugam,
1241 1610 1294 1638 an
1321 1595 1638 1656 Hispaniarum

220 1676 516 1730 deditionem,
542 1694 596 1725 au
627 1677 749 1722 africi
779 1676 880 1722 belli
917 1677 1174 1740 praejudicia
1201 1677 1470 1739 sequimini?
1497 1678 1637 1738 Equi-

221 1759 322 1803 dem
348 1776 416 1804 me
440 1760 626 1805 Caesaris
647 1759 834 1804 militem
859 1759 946 1804 dici
977 1758 1096 1803 volui
1126 1777 1134 1803 ε
1159 1776 1235 1803 vos
1258 1777 1327 1803 ine
1354 1761 1636 1822 imperatoris

222 1842 403 1886 nomine
430 1840 742 1903 appellavistis.
774 1843 915 1904 Cujus
932 1842 966 1885 si
993 1858 1069 1885 vos
1092 1842 1301 1903 poenitet,
1331 1851 1528 1886 vestrum
1558 1858 1636 1885 vo-

219 1923 289 1967 bis
313 1923 576 1968 beneficium
599 1925 775 1968 remitto
801 1942 809 1968 :
838 1923 944 1967 mihi
961 1940 1107 1967 meum
1130 1923 1348 1967 restituite
1371 1940 1533 1967 nomen
1551 1959 1561 1978 ,
1584 1940 1639 1967 ue

222 2004 278 2049 ad
301 2004 616 2050 contumeliam
639 2005 856 2050 honorem
883 2004 1054 2049 dedisse
1079 2004 1334 2049 videamini.
1363 2026 1384 2048 ›>

286 2090 503 2134 XXXIII.
530 2090 633 2148 Qua
653 2090 856 2133 oratione
885 2089 1076 2150 permoti
1106 2087 1287 2143 milites,
1317 2089 1474 2134 crebro
1505 2090 1636 2134 etiam

223 2170 441 2216 dicentem
471 2170 836 2233 interpellabant,
864 2181 913 2214 ut
945 2187 1108 2233 magno
1138 2187 1240 2215 cum
1268 2169 1422 2215 dolore
1454 2170 1637 2215 infideli-

223 2255 324 2298 tatis
344 2255 642 2316 suspicionem
659 2255 876 2298 sustinere
900 2252 1180 2298 viderentur:
1204 2253 1507 2298 discedentem
1531 2271 1636 2298 vero

222 2353 275 2381 ex
292 2338 507 2381 concione
523 2337 715 2381 universi
736 2336 1053 2393 cohortantur,
1080 2352 1242 2397 magno
1267 2336 1320 2379 sit
1348 2336 1522 2391 animo,
1550 2353 1634 2381 neu

222 2419 396 2464 dubitet
425 2418 632 2481 proelium
661 2419 963 2476 committere,
995 2428 1035 2462 et
1072 2434 1197 2462 suam
1224 2417 1356 2461 fidem
1401 2418 1636 2462 virtutem-

222 2518 308 2562 que
336 2501 541 2563 experiri.
578 2502 683 2559 Quo
722 2499 839 2545 sacto
867 2510 1139 2544 commutata
1167 2501 1367 2544 omnium
1406 2498 1634 2544 voluntate

222 2593 267 2628 et
291 2584 526 2646 opinione,
555 2600 773 2627 consensu
812 2599 891 2627 suo
916 2583 1149 2627 constituit
1191 2582 1329 2627 Curio
1347 2616 1358 2638 ,
1384 2598 1521 2642 quum
1553 2583 1638 2643 pri-

223 2682 346 2711 mum
383 2667 439 2711 sit
486 2666 587 2711 data
630 2675 845 2728 potestas,
887 2664 1044 2728 proelio
1082 2682 1175 2710 rem
1219 2665 1508 2709 committere.
1548 2665 1634 2709 Po-
