1972 3356
540 219 608 255 DE
643 219 806 255 BELLO
839 219 1234 256 ALEXANDRINO.
1517 218 1588 266 193

188 320 234 348 se
270 303 452 349 Vatinio
487 301 771 360 dediderunt,
809 303 1139 363 comperitque,
1180 302 1326 364 ipsum
1352 304 1585 347 Octavium

185 386 331 446 parvis
351 385 591 446 paucisque
616 384 803 444 navigiis
829 392 963 427 vento
989 382 1186 427 secundo
1215 384 1437 445 regionem
1465 386 1588 429 Grae-

186 467 262 510 ciae
286 468 443 528 petisse
462 501 474 523 ,
512 465 616 509 inde
643 474 692 509 ut
723 463 941 520 Siciliam,
985 463 1144 507 deinde
1174 463 1365 508 Africam
1393 476 1584 527 caperet.

185 549 250 592 Ita
265 548 388 592 brevi
401 548 561 608 spatio,
581 562 627 590 re
645 544 978 607 praeclarissime
993 554 1135 606 gesta,
1149 546 1376 605 provincia
1389 557 1584 609 recepta,

185 638 229 673 et
257 628 496 673 Cornificio
525 626 717 682 reddita,
747 625 884 669 classe
910 624 1268 669 adversariorum
1307 643 1359 670 ex
1387 625 1464 670 illo
1493 638 1585 673 toto

186 710 283 754 sinu
312 708 512 770 expulsa,
555 708 697 752 victor
729 723 773 750 se
801 705 1112 763 Brundisium,
1147 705 1359 750 incolumi
1391 709 1586 753 exercitu

185 800 227 834 et
252 789 387 834 classe
402 825 413 846 ,
437 791 615 851 recepit.

248 873 450 915 XLVIII.
481 872 538 914 Iis
559 880 706 915 autem
724 869 1017 932 temporibus,
1038 869 1199 930 quibus
1222 872 1368 915 Cacsar
1394 871 1449 915 ad
1471 874 1586 933 Dyr-

182 952 383 996 rachium
413 953 674 1013 Pompeium
704 950 955 1008 obsidebat,
984 959 1025 994 et
1060 949 1375 1012 Palaepharsali
1403 969 1495 996 rem
1522 953 1583 996 fe-

181 1032 324 1078 liciter
350 1034 527 1095 gerebat
551 1032 914 1093 Alexandriaeque
932 1049 1034 1077 cum
1060 1031 1257 1094 periculo
1278 1050 1463 1095 magno,
1491 1044 1583 1078 tum

180 1115 310 1159 etiam
336 1115 502 1176 majore
530 1113 715 1176 periculi
739 1113 854 1158 fama
880 1113 1144 1170 dimicabat,
1173 1115 1228 1172 Q.
1259 1116 1436 1159 Cassius
1464 1117 1584 1160 Lon-

182 1196 311 1257 ginus
326 1233 336 1252 ‚
361 1197 406 1240 in
428 1196 638 1258 Hispania
660 1213 742 1258 pro
765 1205 954 1257 praetore
976 1197 1213 1257 provinciae
1233 1194 1457 1241 ulterioris
1477 1198 1585 1242 obti-

182 1277 337 1322 nendae
354 1294 485 1322 causa
504 1276 698 1334 relictus,
719 1278 809 1321 sive
829 1277 1149 1322 consuetudine
1169 1287 1338 1322 naturae
1360 1295 1447 1323 suae
1464 1314 1474 1336 ,
1493 1280 1585 1324 sive

181 1358 308 1414 odio,
335 1357 456 1418 quod
487 1359 531 1402 in
557 1357 679 1402 illam
706 1358 983 1419 provinciam
1008 1368 1261 1420 susceperat
1288 1370 1505 1420 quaestor,
1531 1376 1580 1404 ex

180 1438 349 1482 insidiis
371 1440 431 1482 ibi
458 1438 712 1483 vulneratus
733 1473 744 1495 ,
770 1456 953 1501 magnas
980 1439 1069 1483 odii
1094 1441 1161 1484 sui
1185 1440 1347 1485 fecerat
1373 1443 1584 1486 accessio-

180 1536 278 1576 nes,
297 1519 418 1580 quod
434 1519 503 1564 vel
525 1537 576 1564 ex
599 1521 869 1564 conscientia
892 1537 971 1564 sua
986 1555 997 1577 ,
1020 1537 1158 1581 quum
1181 1521 1234 1565 de
1254 1538 1298 1566 se
1314 1532 1471 1567 mutuo
1492 1541 1585 1568 sen-

178 1601 261 1644 tire
300 1601 573 1662 provinciam
600 1601 820 1658 crederet,
849 1600 920 1645 vel
952 1601 1102 1646 multis
1131 1603 1267 1663 signis
1297 1613 1340 1648 et
1386 1605 1584 1648 testimo-

178 1683 262 1726 niis
289 1699 470 1738 eorum,
499 1683 575 1743 qui
604 1682 842 1727 difficulter
867 1683 968 1728 odia
997 1682 1360 1742 dissimulabant,
1389 1685 1585 1729 animad-

178 1774 348 1808 vertere
379 1773 577 1825 poterat;
616 1773 659 1807 et
692 1781 979 1825 compensare
1013 1765 1304 1810 offensionem
1343 1767 1584 1826 provinciae

178 1847 394 1890 exercitus
413 1862 563 1889 amore
579 1846 800 1907 cupiebat.
817 1849 973 1907 Itaque
991 1882 1001 1903 ,
1019 1864 1157 1907 quum
1173 1848 1367 1908 primum
1383 1848 1426 1891 in
1442 1866 1580 1892 unum

180 1926 329 1971 locum
355 1928 599 1971 exercitum
635 1926 877 1984 conduxit,
916 1929 987 1972 HS
1021 1938 1227 1972 centenos
1264 1928 1480 1973 militibus
1520 1939 1585 1974 est

180 2006 403 2069 pollicitus
431 2025 440 2052 :
467 2025 547 2052 nec
572 2007 712 2052 multo
741 2018 867 2069 post,
898 2025 1035 2069 quum
1072 2009 1115 2052 in
1154 2010 1384 2054 Lusitania
1422 2010 1583 2054 Medo-

180 2089 359 2150 bregam
382 2088 596 2151 oppidum
612 2124 623 2145 ,
650 2100 935 2150 montemque
958 2091 1238 2134 Herminium
1262 2102 1582 2153 expugnasset,

181 2189 269 2232 quo
297 2171 667 2232 Medobregenses
692 2171 1013 2233 confugerant,
1038 2172 1188 2232 ibique
1209 2176 1454 2235 z'mperafor
1471 2184 1586 2218 esset

182 2251 533 2314 appellatus,HS
550 2252 743 2296 centenis
760 2251 919 2296 milites
937 2252 1132 2296 donavit.
1150 2252 1293 2298 Multa
1316 2264 1523 2315 praeterea
1543 2265 1586 2299 et

182 2351 345 2396 magna
368 2334 548 2395 praemia
577 2331 762 2394 singulis
787 2332 1053 2378 concedebat
1072 2369 1083 2391 ,
1105 2350 1201 2394 quae
1223 2336 1471 2395 speciosum
1490 2335 1586 2379 red-

183 2415 348 2460 debant
376 2425 636 2477 praesentem
661 2415 875 2459 exercitus
893 2432 1115 2471 amorem3
1138 2414 1354 2476 paulatim
1373 2426 1521 2460 tamen
1543 2426 1586 2461 et

184 2495 354 2541 occulte
372 2495 607 2540 militarem
624 2494 899 2557 disciplinam
917 2497 1286 2557 severitatemque
1311 2497 1583 2541 minuebant.

246 2579 410 2623 XLIX.
448 2579 647 2636 Cassius,
677 2576 923 2640 legionibus
952 2579 998 2622 in
1026 2579 1210 2622 hiberna
1241 2578 1463 2640 dispositis
1488 2615 1498 2637 ,
1529 2579 1584 2623 ad

184 2657 255 2718 jus
273 2658 507 2704 dicendum
533 2658 790 2704 Cordubam
808 2676 852 2704 se
872 2660 1060 2721 recepit,
1079 2669 1444 2720 contractumque
1466 2661 1510 2704 in
1536 2677 1585 2706 ea

385 2757 432 2784 11.
1337 2741 1390 2786 13
