1972 3356
308 213 315 216 μ
346 241 392 276 18
551 242 590 276 C.
623 242 751 276 JULII
783 240 997 274 ‹JAEsARffi
1029 240 1513 276 COMMENTARIORUM

340 345 382 371 se
411 327 562 371 eodem
593 325 709 378 loco,
738 340 825 384 quo
853 322 1096 378 Helvetios,
1128 323 1396 367 habiturum.
1430 327 1550 383 Ipse,
1580 321 1725 365 triduo

339 407 610 459 intermisso,
628 421 728 447 cum
753 404 957 447 omnibus
983 404 1120 464 copiis
1146 420 1218 447 eos
1241 404 1364 463 sequi
1388 404 1532 463 coepit.

400 487 586 529 XXVII.
616 483 827 540 Helvetii,
858 485 1056 527 omnium
1083 499 1231 527 rerum
1262 484 1413 544 inopia
1442 482 1642 535 adducti,
1668 480 1726 524 le-

338 574 460 626 gatos
489 564 541 608 de
567 564 790 607 deditione
814 563 869 607 ad
900 580 1001 607 eum
1022 564 1248 607 miserunt.
1272 563 1362 620 Qui
1387 579 1523 623 quum
1554 578 1654 605 eum
1682 561 1724 604 in

337 645 492 688 itinere
520 646 852 700 convenissent,
883 661 1012 704 seque
1041 643 1094 687 ad
1125 643 1256 704 pedes
1285 643 1592 703 projecissent,
1622 658 1725 702 sup-

337 723 594 785 pliciterque
623 723 758 768 locuti
790 724 941 767 flentes
973 739 1124 783 pacem
1154 723 1385 783 petissent,
1416 732 1547 782 atque
1576 737 1648 765 eos
1681 722 1725 764 in

335 821 386 848 eo
423 803 543 860 loco,
576 820 663 864 quo
700 813 794 847 tum
830 812 995 856 essent,
1034 819 1162 845 suum
1201 802 1441 845 adventum
1473 811 1725 861 exspectare

330 885 550 944 jussisset,
577 892 831 944 paruerunt.
864 885 927 926 Eo
957 891 1188 942 postquam
1219 884 1362 925 Caesar
1391 882 1611 941 pervenit,
1648 881 1725 924 ob-

333 963 465 1020 sides,
496 980 636 1020 arma,
673 979 840 1019 servos,
870 963 944 1022 qui
975 961 1029 1005 ad
1057 978 1129 1005 eos
1161 961 1477 1022 perfugissent,
1508 960 1722 1021 poposcit.

331 1045 454 1087 Dum
475 1060 525 1088 ea
547 1044 875 1104 conquiruntur
899 1051 941 1085 et
964 1042 1272 1097 conferuntur,
1297 1051 1426 1085 nocte
1451 1041 1696 1085 intermissa
1713 1075 1724 1093 ,

332 1124 507 1167 circiter
539 1124 773 1167 hominum
814 1121 953 1166 millia
984 1138 1052 1177 vt,
1084 1123 1176 1181 ejus
1212 1122 1313 1182 pagi
1345 1121 1419 1180 qui
1450 1121 1724 1181 Verbigenus

331 1202 600 1264 appellatur,
638 1205 728 1247 sive
760 1204 919 1246 timore
955 1202 1200 1263 perterriti,
1237 1218 1315 1257 ne,
1359 1201 1489 1244 armis
1525 1200 1723 1253 traditis,

331 1282 550 1343 supplicio
591 1283 892 1338 afficerentur,
931 1283 1020 1325 sive
1050 1298 1125 1342 spe
1160 1281 1311 1325 salutis
1351 1280 1540 1334 inducti,
1579 1280 1723 1340 quod,

332 1363 376 1406 in
402 1373 524 1406 tanta
552 1362 838 1406 multitudine
870 1361 1200 1416 dedititiorum,
1231 1377 1355 1405 suam
1381 1361 1527 1421 fugam
1552 1370 1628 1403 aut
1650 1376 1723 1403 oc-

330 1441 510 1498 cultari,
541 1451 618 1484 aut
642 1442 826 1484 omnino
862 1441 1055 1501 ignorari
1082 1457 1206 1500 posse
1234 1441 1553 1495 existimarent,
1581 1441 1722 1499 prima

331 1531 461 1566 nocte
485 1538 537 1565 ex
557 1522 710 1565 castris
735 1519 1039 1565 Helvetiorum
1064 1521 1244 1581 egressi,
1279 1521 1333 1564 ad
1360 1521 1566 1564 Rhenum
1593 1520 1722 1565 fines-

329 1619 415 1662 que
439 1604 766 1647 Germanorum
793 1600 1133 1644 contenderunt.

393 1683 605 1726 XXVIII.
633 1681 769 1738 Quod
800 1681 875 1724 ubi
908 1683 1055 1726 Caesar
1085 1682 1252 1736 resciit,
1288 1697 1477 1741 quorum
1508 1698 1585 1742 per
1616 1681 1722 1726 fines

330 1762 491 1817 ierant,
518 1762 605 1817 his,
635 1763 699 1805 uti
725 1760 1040 1821 conquirerent
1067 1770 1111 1804 et
1133 1760 1416 1817 reducerent,
1446 1762 1480 1804 si
1507 1762 1586 1805 sibi
1616 1779 1722 1822 pur-

330 1842 420 1902 gati
455 1858 546 1885 esse
580 1839 771 1897 vellent,
800 1841 1036 1901 imperavit
1066 1857 1074 1884 :
1111 1840 1315 1884 reductos
1345 1842 1387 1884 in
1418 1842 1609 1885 hostium
1643 1857 1723 1886 nu-

329 1938 450 1965 mero
474 1921 631 1965 habuit
657 1939 666 1964 :
698 1919 890 1981 reliquos
919 1937 1094 1977 onmes,
1124 1920 1370 1977 obsidibus,
1401 1922 1552 1977 armis,
1578 1922 1722 1982 perfu-

329 2001 392 2062 gis
421 2001 614 2057 traditis,
647 2002 691 2044 in
720 1999 986 2044 deditionem
1011 2001 1194 2061 accepit.
1220 1999 1470 2058 Helvetios,
1489 2000 1720 2063 Tulingos,

327 2082 590 2142 Latobrigos
626 2083 669 2124 in
708 2081 815 2124 fines
846 2098 970 2137 suos,
1008 2081 1124 2125 unde
1161 2091 1286 2124 erant
1317 2081 1520 2142 profecti,
1563 2084 1721 2126 reverti

324 2160 477 2220 jussit3
515 2171 557 2204 et
582 2161 721 2221 quod,
757 2161 962 2204 omnibus
996 2161 1197 2222 frugibus
1234 2162 1429 2218 amissis,
1463 2162 1579 2206 domi
1611 2162 1719 2205 nihil

327 2251 443 2296 erat,
471 2258 559 2301 quo
583 2240 742 2285 famem
767 2239 1028 2297 tolerarant,
1051 2240 1363 2301 Allobrogibus
1389 2243 1644 2302 imperavit,
1672 2252 1720 2285 ut

327 2321 377 2364 iis
417 2321 629 2365 frumenti
662 2323 833 2382 copiam
865 2321 1060 2365 facerent
1095 2339 1104 2363 :
1143 2323 1258 2382 ipsos
1294 2322 1456 2382 oppida
1491 2323 1717 2382 vicosque,

327 2418 436 2461 quos
469 2402 783 2458 incenderant,
819 2403 1049 2446 restituere
1085 2402 1226 2462 jussit.
1262 2402 1313 2445 Id
1349 2419 1399 2445 ea
1435 2403 1622 2446 maxime
1653 2420 1719 2446 ra-

328 2482 446 2524 tione
468 2481 589 2539 fecit,
613 2482 730 2543 quod
760 2481 928 2537 noluit,
954 2499 1055 2525 eum
1083 2481 1249 2538 locum,
1282 2482 1395 2526 unde
1417 2480 1605 2525 Helvetii
1631 2482 1718 2526 dis-

328 2571 568 2618 cesserant,
595 2578 774 2616 vacare3
803 2580 858 2606 ne
883 2571 1063 2622 propter
1090 2562 1332 2605 bonitatem
1366 2577 1572 2621 agrorum
1606 2564 1718 2606 Ger-

329 2641 472 2694 mani,
509 2643 584 2701 qui
622 2652 743 2685 trans
776 2643 982 2686 Rhenum
1023 2641 1245 2697 incolunt,
1282 2658 1304 2683 c
1345 2641 1433 2683 suis
1477 2641 1638 2685 finibus
1673 2643 1715 2684 in
