1972 3356
306 287 379 326 2⁰4
515 286 554 320 C.
585 286 714 322 JULII
747 285 965 321 CAESARIS
995 286 1485 322 COMMENTARIORUM

307 368 557 428 territisque
587 369 811 425 hostibus,
847 369 968 429 quod
994 370 1214 430 equitatU,
1242 385 1329 429 qua
1356 369 1546 413 maxime
1575 380 1700 431 parte

305 447 521 493 exercitus
556 450 858 508 confidebant,
888 460 1015 494 erant
1044 449 1180 511 pulsi,
1211 450 1469 494 adhortatus
1501 450 1553 494 ab
1579 450 1701 496 labo-

305 545 400 572 rem
428 528 610 587 milites,
634 529 827 576 Alesiam
852 531 1186 576 circumvallare
1212 532 1413 576 instituit.

371 612 532 655 LXIX.
563 613 716 673 Ipsum
749 623 844 658 erat
873 613 1089 674 oppidum
1116 614 1161 656 in
1190 611 1303 657 colle
1328 629 1519 667 summo,
1549 611 1703 656 admo-

307 689 414 734 dum
445 690 564 735 edito
594 691 691 736 loco
722 703 771 737 ut
806 694 888 737 nisi
920 693 1149 737 obsidione
1190 694 1434 755 expugnari
1462 709 1551 736 non
1580 708 1705 753 posse

306 770 556 827 videretur3
587 774 712 834 cujus
746 773 870 818 collis
900 774 1067 818 radices
1101 774 1190 818 duo
1227 774 1396 818 duabus
1423 790 1473 817 ex
1507 772 1706 834 partibus

306 851 490 896 flumina
522 852 800 898 subluebant.
838 857 952 899 Ante
980 855 1025 898 id
1055 854 1267 916 oppidum
1295 853 1498 915 planities
1532 853 1707 897 circiter

306 931 445 977 millia
469 951 678 995 passuum
707 951 759 979 111
785 936 829 978 in
857 934 1183 997 longitudinem
1207 936 1397 996 patebat.
1428 933 1628 994 Reliquis
1654 950 1707 976 ex

307 1015 513 1059 omnibus
536 1016 737 1076 partibus
756 1014 908 1072 colles,
934 1016 1149 1060 mediocri
1174 1017 1404 1077 interjecto
1423 1016 1591 1076 spatio,
1613 1015 1707 1075 pari

306 1094 552 1139 altitudinis
577 1096 772 1157 fastigio,
797 1096 1014 1158 oppidum
1039 1097 1287 1158 cingebant.
1319 1097 1409 1140 Sub
1434 1113 1585 1153 muro,
1612 1112 1708 1155 quae

307 1192 407 1236 pars
434 1175 557 1220 collis
589 1176 644 1221 ad
681 1177 896 1221 orientem
931 1176 1067 1222 solem
1095 1177 1343 1238 spectabat,
1377 1177 1497 1221 hunc
1532 1193 1710 1220 omnem

308 1255 455 1300 locum
482 1258 620 1318 copiae
641 1257 879 1302 Gallorum
904 1258 1257 1320 compleverant,
1277 1258 1526 1318 fossamque
1552 1267 1594 1301 et
1617 1273 1709 1300 ma-

308 1339 468 1382 ceriam
489 1355 563 1383 sex
586 1339 630 1382 in
652 1339 935 1383 altitudinem
955 1340 1118 1401 pedum
1141 1340 1464 1401 praeduxerant.
1489 1339 1594 1400 EJ‘us
1613 1355 1710 1383 mu-

310 1419 490 1463 nitionis
518 1437 614 1481 quae
638 1421 691 1465 ab
717 1422 931 1465 Romanis
955 1421 1271 1465 instituebatur
1299 1421 1509 1465 circuitus
1538 1436 1585 1464 xl
1614 1419 1711 1463 mil-

311 1498 419 1544 lium
460 1518 668 1562 passuum
708 1503 900 1547 tenebat.
943 1504 1102 1546 Castra
1139 1502 1404 1563 opportunis
1443 1500 1548 1545 locis
1585 1510 1711 1544 erant

311 1582 477 1642 posita,
501 1583 649 1644 ibique
672 1583 851 1628 castella
878 1600 993 1628 xx111
1014 1583 1153 1639 facta;
1178 1583 1339 1643 quibus
1360 1584 1404 1626 in
1428 1580 1616 1626 castellis
1643 1582 1710 1624 in-

315 1663 456 1708 terdiu
490 1665 702 1709 stationes
737 1665 1110 1726 disponebantur,
1147 1681 1201 1708 ne
1235 1681 1320 1724 qua
1358 1664 1503 1707 subito
1536 1664 1711 1723 eruptio

313 1744 464 1801 fieret3
489 1746 581 1789 haec
615 1745 768 1790 eadem
796 1756 931 1790 noctu
957 1745 1289 1790 excubitoribus
1316 1762 1366 1789 ac
1397 1745 1533 1789 firmis
1559 1745 1712 1805 praesi-

312 1825 394 1869 diis
423 1827 702 1870 tenebantur.

377 1909 515 1951 LXX.
545 1910 693 1969 Opere
715 1909 945 1965 instituto,
966 1908 1015 1952 fit
1039 1917 1242 1968 equestre
1263 1906 1468 1968 proelium
1490 1908 1535 1951 in
1559 1924 1605 1950 ea
1630 1905 1716 1967 pla-

313 1990 421 2033 nitie
448 2006 603 2050 quam,
628 1991 924 2035 intermissam
953 1989 1161 2044 collibus,
1191 2006 1241 2035 111
1271 1989 1409 2034 millia
1438 2005 1646 2050 passuum
1670 1990 1714 2031 in

314 2069 638 2132 longitudinem
666 2082 837 2133 patere,
864 2089 996 2133 supra
1022 2071 1439 2115 demonstravimus.
1467 2073 1647 2115 Summa
1672 2071 1715 2112 vi

313 2152 367 2196 ab
407 2153 607 2213 utrisque
653 2152 953 2197 contenditur,
996 2153 1326 2196 Laborantibus
1372 2152 1534 2195 nostris
1575 2154 1718 2196 Caesar

315 2236 563 2278 Germanos
589 2235 835 2291 submittit,
861 2233 1143 2296 legionesque
1172 2251 1252 2295 pro
1282 2234 1435 2277 castris
1463 2233 1716 2282 constituit,

315 2331 369 2358 ne
393 2331 480 2375 qua
500 2316 647 2360 subito
672 2316 861 2377 irruptio
884 2316 938 2359 ab
960 2316 1153 2360 hostium
1177 2315 1378 2377 peditatu
1404 2314 1492 2358 fiat.
1509 2312 1716 2358 Praesidio

317 2394 542 2457 legionum
582 2396 764 2449 addito,
802 2397 963 2441 nostris
996 2398 1169 2441 animus
1209 2406 1396 2458 augetur
1430 2413 1438 2439 :
1472 2396 1643 2449 hostes,
1674 2394 1717 2436 in

317 2477 466 2539 fugam
503 2479 718 2539 conjecti,
754 2496 798 2523 se
832 2479 912 2539 ipsi
950 2478 1237 2522 multitudine
1275 2477 1548 2538 impediunt,
1585 2484 1717 2534 atque

317 2560 648 2619 angustioribus
674 2561 813 2621 portis
842 2558 1006 2603 relictis
1036 2568 1334 2604 coarctantur.
1362 2560 1475 2601 Tum
1504 2556 1716 2599 Germani

319 2641 458 2683 acrius
486 2657 623 2701 usque
641 2641 697 2684 ad
717 2641 985 2685 munitiones
1007 2650 1268 2701 sequuntur.
1291 2640 1360 2682 Fit
1380 2653 1538 2698 magna
1565 2635 1715 2679 caedes.

321 2720 562 2777 Ncmnulli,
604 2720 764 2766 relictis
804 2723 954 2783 equis,
992 2721 1152 2765 fossam
1195 2720 1377 2763 transire
1412 2727 1451 2760 ct
1486 2718 1718 2760 maceriam
