1972 3356
422 261 435 285 ι
447 262 464 295 7
473 254 492 293 l,
633 250 671 283 C.
702 249 722 283 J
727 249 830 284 ULII
858 249 1076 285 CAESARIS
1108 250 1603 288 COMMENTARIORUM

421 333 617 378 tautibus
640 350 647 375 ι
677 332 798 393 quod
822 334 1006 395 propius
1026 336 1253 380 Romanos
1275 336 1548 390 accessisset,
1568 351 1825 396 persuasum

418 415 506 459 loci
536 415 894 475 opportunitate,
923 415 998 476 qui
1028 416 1235 476 seipsum
1261 417 1514 468 munitione
1537 416 1791 462 defenderet
1819 433 1827 458 :

418 497 622 557 equitum
651 512 758 541 vero
785 512 969 558 operam
1000 514 1144 558 neque
1171 498 1216 541 in
1248 497 1346 543 loco
1376 497 1562 560 palustri
1589 497 1828 543 desiderari

419 577 643 635 debuisse,
670 587 715 622 et
741 576 831 622 illic
860 577 993 622 fuisse
1027 578 1180 623 utilem
1210 596 1302 641 quo
1333 581 1423 624 sint
1457 578 1644 641 profecti
1668 595 1677 622 ε
1707 595 1827 624 sum-

418 676 538 704 mam
569 659 744 721 imperii
780 675 825 702 se
861 658 1064 705 consulto
1096 658 1208 704 nulli
1236 660 1537 706 discedentem
1575 659 1828 715 tradidisse,

419 758 473 785 ne
498 741 533 785 is
564 740 867 786 multitudinis
903 741 1049 786 studio
1079 742 1133 786 ad
1165 742 1470 787 dimicandum
1503 740 1829 803 impelleretur,

418 823 486 866 cui
512 824 576 867 rei
606 833 787 885 propter
818 824 955 868 animi
984 822 1218 868 mollitiem
1250 824 1429 869 studere
1455 840 1608 869 omnes
1636 822 1829 880 videret,

419 904 541 965 quod
563 904 729 949 diutius
757 904 954 949 laborem
977 905 1091 949 ferre
1116 923 1204 950 non
1229 915 1424 967 possent.
1451 906 1641 951 Romani
1666 906 1702 949 si
1727 922 1828 951 casu

420 986 762 1042 intervenerint,
798 986 1007 1041 fortunae;
1043 987 1076 1030 si
1105 985 1294 1047 alicujus
1329 986 1492 1030 indicio
1525 987 1696 1043 vocati,
1726 987 1830 1032 huic

419 1066 670 1111 habendam
702 1068 912 1128 gratiam,
945 1066 1066 1128 quod
1095 1076 1137 1110 et
1167 1067 1437 1128 paucitatem
1468 1084 1624 1114 eorum
1652 1084 1704 1111 ex
1733 1066 1830 1112 loco

421 1149 647 1209 superiore
678 1165 972 1211 cognoscere,
1007 1158 1049 1192 et
1075 1149 1287 1192 virtutem
1317 1148 1541 1210 despicere
1576 1149 1829 1210 potuerintg

420 1231 516 1290 qui,
546 1229 758 1274 dimicare
784 1247 874 1274 non
902 1230 1019 1285 ausi,
1044 1231 1236 1291 turpiter
1258 1247 1303 1274 se
1325 1231 1370 1274 in
1394 1240 1537 1274 castra
1566 1231 1828 1291 receperint.

419 1315 665 1375 Imperium
698 1330 742 1357 se
770 1331 793 1357 a
824 1315 994 1358 Caesare
1022 1330 1101 1374 per
1130 1312 1429 1374 proditionem
1463 1311 1635 1357 nullum
1664 1311 1832 1358 deside-

421 1413 538 1451 rare,
566 1395 685 1456 quod
711 1395 871 1440 habere
896 1395 1080 1439 victoria
1104 1405 1270 1457 posset,
1297 1412 1394 1456 quae
1413 1396 1505 1456 jam
1530 1405 1641 1440 esset
1662 1395 1746 1441 sihi
1773 1405 1833 1439 at-

420 1494 506 1537 que
537 1477 743 1521 omnibus
777 1475 918 1523 Gallis
951 1476 1179 1539 explorata
1209 1495 1217 1520 :
1249 1477 1358 1538 quin
1387 1477 1518 1521 etiam
1550 1477 1656 1538 ipsis
1685 1477 1833 1522 remit—

420 1567 512 1601 tere
530 1593 540 1613 ,
566 1559 601 1602 si
625 1559 707 1602 sibi
740 1560 878 1620 magis
903 1558 1122 1603 honorem
1154 1559 1371 1615 tribuere,
1396 1574 1530 1619 quam
1560 1558 1615 1601 ab
1643 1573 1689 1601 se
1716 1555 1831 1601 salu-

422 1648 507 1682 tem
525 1640 722 1701 accipere
735 1639 981 1684 videantur.
998 1643 1101 1684 Haec
1117 1650 1165 1684 ut
1181 1638 1456 1701 intelligatis,
1472 1639 1619 1700 inquit
1635 1675 1645 1696 ,
1663 1640 1832 1685 sincere

420 1738 538 1765 ame
576 1722 882 1782 pronuntiari,
918 1721 1068 1766 audite
1104 1737 1313 1765 romanos
1357 1719 1578 1765 milites.»
1619 1720 1832 1765 Producit

419 1820 589 1856 servos,
619 1820 730 1864 quos
761 1804 804 1847 in
832 1803 1119 1864 pabulatione
1151 1803 1301 1864 paucis
1331 1812 1432 1846 ante
1461 1801 1613 1846 diebus
1647 1819 1830 1863 excepe-

419 1893 507 1940 rat,
544 1894 588 1928 et
624 1884 739 1929 fame
774 1884 1051 1946 vinculisque
1097 1885 1441 1929 excruciaverat.
1481 1884 1559 1940 Hi,
1598 1884 1690 1944 jam
1731 1893 1830 1927 auu·

420 1966 563 2010 edocti
605 1983 702 2027 quae
743 1966 1006 2027 interrogati
1047 1966 1420 2028 pronuntiarent,
1456 1965 1616 2010 milites
1653 1983 1698 2011 se
1740 1982 1833 2011 esse

424 2048 685 2110 legionarios
705 2047 861 2091 dicunt
877 2065 885 2091 :
904 2047 1016 2092 fame
1032 2058 1073 2091 et
1099 2048 1248 2108 inopia
1272 2045 1505 2103 adductos,
1531 2046 1645 2092 clam
1669 2064 1720 2092 ex
1743 2064 1834 2093 cas-

420 2131 497 2174 tris
524 2130 683 2186 exisse,
715 2130 748 2173 si
773 2128 881 2190 quid
906 2129 1117 2173 frumenti
1140 2139 1216 2173 aut
1241 2129 1411 2190 pecoris
1435 2130 1479 2172 in
1500 2129 1617 2191 agris
1638 2129 1834 2191 reperir-=

420 2221 597 2272 possent
620 2228 628 2254 :
655 2209 789 2255 simili
813 2227 991 2255 omnem
1018 2211 1262 2255 exercitum
1285 2210 1431 2272 inopia
1460 2211 1623 2272 premi,
1641 2228 1723 2255 nec
1741 2210 1832 2272 jam

421 2293 533 2337 vires
559 2292 760 2337 sufficere
785 2293 1013 2353 cuiquam,
1040 2310 1119 2337 nec
1144 2291 1257 2336 ferre
1278 2292 1424 2354 operis
1453 2291 1649 2337 laborem
1671 2309 1797 2354 posse
1823 2310 1830 2335 :

421 2374 568 2435 itaque
601 2375 805 2419 statuisse
837 2374 1175 2435 imperatorem,
1210 2375 1244 2418 si
1275 2373 1386 2419 nihil
1419 2375 1462 2418 in
1498 2374 1833 2436 oppugnatione

420 2456 571 2518 oppidi
598 2455 855 2518 profecisset
871 2491 881 2512 ,
897 2456 1048 2501 triduo
1062 2458 1305 2501 exercitum
1330 2456 1561 2502 deducere.
1583 2458 1741 2513 «Ηεεο,
1768 2457 1833 2500 in-

420 2540 536 2599 quit,
564 2556 588 2582 a
616 2555 706 2593 me,
732 2538 1091 2600 Vercingetorix,
1121 2538 1335 2582 beneficia
1358 2538 1548 2592 habetis,
1573 2554 1705 2597 quem
1731 2554 1833 2599 pro-

422 2620 603 2666 ditionis
641 2619 907 2664 insimulatis
938 2638 945 2663 :
985 2621 1107 2681 cujus
1143 2637 1279 2681 opera
1311 2621 1404 2663 sine
1432 2628 1576 2662 vestro
1612 2620 1829 2680 sanguine

423 2712 592 2745 tantum
637 2702 880 2745 exercitum
930 2702 1137 2745 victorem
1187 2700 1299 2744 tame
1348 2716 1469 2760 paene
1513 2711 1828 2762 consumptum
