1972 3356
503 212 570 248 DE
600 210 762 246 BELLO
789 210 1178 246 ALEXANDRINO.
1469 211 1508 245 31
1521 212 1540 245 ’ὁ

210 296 294 329 ΕΜ».
332 293 401 329 111.
433 292 656 340 Pompeium
678 303 718 326 se
740 303 790 325 ex
801 290 907 340 fuga
933 291 1064 325 eodem
1085 289 1279 336 recepisse.
1305 289 1356 324 Ut
1382 288 1544 325 vidimus

155 358 253 392 Bell.
282 355 358 392 Cio.
374 382 385 398 ,
412 354 478 390 lib.
503 367 577 399 111,
597 366 676 401 cap.
703 351 787 388 103.

205 420 291 455 CAP.
326 420 390 455 IV.
432 419 480 453 Ut
502 430 619 465 supra
651 417 946 451 demonstratum
971 423 1037 450 est.
1062 415 1210 451 Scilicet
1237 415 1276 450 in
1312 417 1410 452 Bell.
1445 416 1517 452 Cio.
1532 443 1544 460 ‚

151 481 218 517 lib.
252 494 326 526 111,
353 493 432 528 cap.
467 491 550 515 112.

207 543 293 578 cip.
317 543 362 579 V.
389 542 602 590 Specusque
621 541 735 576 habet
757 540 812 573 ad
835 539 963 574 Nilum
985 540 1229 586 pertinentes.
1255 540 1412 576 Canales
1430 541 1541 578 intel-

151 606 227 653 lige
249 605 526 640 subterraneos.
552 605 727 639 Ceterum
752 600 859 645 vide,
874 613 915 636 ea
940 600 987 635 de
1012 613 1052 635 re
1067 627 1076 644 ‚
1100 601 1217 636 Me'm.
1243 603 1292 637 de
1311 604 1458 639 l’Acad.
1483 605 1549 640 des

157 667 361 714 Inscrzpt„
382 673 406 703 t.
434 679 495 707 IX,
514 679 550 714 p.
579 665 652 708 416
674 672 710 700 et
739 664 826 706 432.

207 729 294 765 cip.
322 741 378 765 ix.
407 730 472 764 Ex
501 728 677 763 dedititiis
700 725 957 773 Pompeianis.
974 724 1028 760 Cf.
1042 753 1051 770 ‚
1072 725 1119 762 de
1137 725 1207 761 hac
1231 727 1550 774 Pompeianorum

152 791 370 835 deditione,
398 792 498 826 Bell.
528 790 620 832 Cim,
642 790 707 825 lib.
735 801 809 833 111,
828 801 857 824 c.
880 801 942 836 99.

206 853 372 888 Domitio
390 853 557 888 Calvino.
581 853 638 886 De
663 863 740 899 quo
763 851 908 886 mentio
928 850 1015 895 fuit,
1038 852 1133 886 Bell.
1155 850 1227 887 Cio.
1241 879 1251 895 ‚
1278 852 1344 888 lib.
1370 865 1421 897 11,
1441 865 1470 888 c.
1488 857 1549 895 [22.

204 916 290 950 Cn.
318 915 421 951 XIV.
451 915 607 950 Partem
629 926 710 949 esse
733 914 987 949 Alexandrioe
1011 914 1211 949 dimidiam
1236 914 1393 961 Africoe.
1422 916 1550 960 Quum

153 977 254 1013 enim
280 977 319 1012 in
344 977 573 1013 Alexandria
593 983 782 1025 ponerent
795 976 915 1012 veluti
932 975 1096 1012 confinia
1117 976 1249 1012 Africae
1277 985 1313 1013 et
1325 978 1444 1023 Asiae,
1459 991 1550 1026 par-

152 1048 228 1076 tem
256 1040 491 1076 Alcxandriae
519 1040 717 1076 dimidiam
744 1051 822 1075 esse
847 1038 1000 1083 Africae,
1023 1039 1179 1075 alteram
1200 1047 1321 1076 autem
1352 1040 1450 1076 Asiae
1474 1053 1552 1076 esse

153 1102 423 1150 praedicabant.

207 1166 293 1201 CAP.
320 1166 469 1201 XXIII.
505 1164 724 1212 Consectam
755 1164 868 1199 toedio
888 1165 1046 1212 puelloe.
1072 1164 1263 1200 Arsinoen
1289 1165 1476 1214 intellige,
1507 1167 1554 1202 de

152 1239 224 1275 qua
252 1240 333 1275 cap.
367 1232 401 1271 4.

205 1291 291 1326 Cn».
311 1291 428 1326 XXV.
449 1290 621 1338 Prceficit
642 1290 728 1326 huic
758 1291 835 1326 Tib.
858 1291 1059 1326 Neronem.
1093 1291 1178 1327 Tib.
1212 1291 1392 1327 Claudius
1429 1293 1555 1336 Nem,

152 1353 201 1389 de
230 1366 306 1401 quo
331 1353 392 1389 hic
428 1354 571 1402 agitur,
598 1360 708 1402 pater
731 1353 802 1389 fuit
826 1353 972 1389 Tiberii
1003 1353 1255 1402 imperatoris.
1276 1354 1332 1391 Cf.
1361 1355 1529 1390 Samon.
1546 1382 1555 1398 ‚

160 1416 263 1460 Tib„
294 1429 375 1464 cap.
401 1420 434 1460 4.

208 1479 291 1515 (ἶΑΡ.
318 1480 494 1515 XXXIV.
523 1480 603 1514 Rex
631 1479 844 1524 Dejotarus.
874 1480 931 1515 De
955 1492 1031 1527 quo
1054 1480 1141 1515 vide
1163 1480 1280 1524 infra,
1300 1494 1329 1516 e.
1366 1479 1426 1526 67.
1449 1479 1556 1515 Idem

153 1541 217 1578 ille
243 1549 299 1578 est
325 1554 438 1590 quem
462 1542 607 1577 Tullius
628 1541 770 1590 insigni
797 1541 970 1578 oratione
999 1543 1293 1579 commendavit.

207 1606 292 1642 CAP.
316 1605 398 1640 XL.
422 1604 469 1639 Se
491 1604 528 1639 in
548 1605 684 1639 Asiam
704 1605 851 1653 recepit.
876 1605 1001 1640 Asiam
1025 1605 1193 1654 intellige
1213 1605 1369 1654 proprie
1395 1604 1531 1641 dictam
1549 1632 1557 1649 ,

156 1666 216 1703 cui
241 1666 395 1715 quidem
425 1666 667 1714 Cappadocia
686 1667 939 1715 Bithyniaque
965 1665 1060 1703 fines
1086 1675 1203 1703 erant.

208 1731 293 1767 CAP.
315 1729 412 1765 XLI.
440 1729 563 1774 Quum
588 1729 660 1764 sibi
664 1728 863 1774 fortunam
887 1737 1094 1777 paternam
1101 1729 1280 1775 feliciore
1296 1738 1422 1766 eventu
1440 1730 1557 1765 desti„

153 1799 273 1827 naret.
304 1790 544 1826 Mithridates
564 1791 686 1835 enim,
711 1791 915 1827 Pharnacis
941 1798 1072 1838 pater,
1093 1804 1206 1827 caesus
1229 1792 1365 1837 fuerat,
1389 1799 1429 1827 ut
1457 1799 1559 1839 patet

154 1868 174 1891 e
197 1856 331 1899 Floro,
352 1854 419 1889 lib.
447 1867 498 1889 111
513 1881 522 1898 ,
544 1867 622 1902 cap.
649 1852 681 1889 5.

210 1917 409 1966 Supplicia
428 1917 620 1952 constituit
638 1917 675 1951 in
692 1929 796 1951 eos...
819 1924 938 1952 morte
959 1917 1163 1953 miseriora.
1194 1916 1354 1952 Videbis
1374 1917 1474 1952 enim
1497 1916 1558 1951 in-

153 1980 225 2025 fra,
252 1993 331 2028 cap.
361 1992 410 2025 70
431 1993 439 2014 :
461 1992 579 2014 «nam
600 1991 723 2027 neque
748 1978 956 2015 interfectis
982 1979 1156 2015 amissam
1182 1979 1318 2024 vitam,
1342 1992 1465 2028 neque
1492 1992 1558 2015 ex-

153 2043 263 2080 sectis
286 2042 506 2078 virilitatem
526 2042 723 2078 restituere
745 2054 857 2089 posse
866 2056 876 2088 ;
899 2043 1003 2090 quod
1032 2042 1185 2091 quidem
1214 2042 1437 2090 supplicium
1470 2055 1557 2091 gra-

154 2106 237 2141 vius
256 2112 380 2141 morte
405 2105 506 2141 cives
524 2105 674 2141 romani
699 2105 894 2141 subissent.
916 2122 930 2137 »

208 2170 291 2205 Cn.
320 2169 441 2205 XLII.
462 2170 504 2216 Q.
532 2169 763 2217 Cornificius.
787 2169 850 2205 Ad
873 2182 986 2217 quem
1009 2169 1142 2206 Cicero
1169 2182 1249 2205 non
1277 2170 1392 2206 semel
1406 2169 1558 2213 scribit,

159 2233 216 2267 ad
235 2233 369 2267 Famil.
385 2259 396 2275 ,
412 2231 476 2267 lib.
508 2244 580 2267 xn.

208 2295 293 2330 CAP.
320 2295 456 2330 XLIV.
477 2295 727 2342 Epidaurum.
760 2294 995 2331 Maritimum
1028 2296 1232 2344 oppidum,
1260 2296 1308 2332 ad
1333 2308 1440 2332 oram
1464 2297 1558 2346 Illy-

155 2357 226 2393 rici
252 2357 388 2403 maris,
409 2357 449 2393 in
468 2358 675 2402 Dalmatia,
693 2358 878 2406 positum3
906 2358 1011 2406 quod
1035 2359 1186 2407 quidem
1213 2372 1304 2396 cave
1326 2373 1374 2396 ne
1397 2360 1560 2395 confun-

156 2420 223 2455 das
251 2432 334 2455 cum
370 2420 537 2467 ejusdem
576 2421 742 2457 nominis
771 2421 936 2470 oppido,
961 2422 1000 2457 in
1030 2422 1231 2471 Argolide,
1258 2422 1323 2458 ubi
1352 2423 1560 2472 AEsculapii

157 2482 286 2518 fanum
312 2482 602 2518 nobilissimum.

211 2545 295 2580 Cn.
327 2546 467 2581 XLVI.
497 2546 561 2580 Ad
584 2558 690 2581 suum
718 2559 1002 2595 myoparonem.
1035 2549 1244 2597 Myoparo‚
1277 2555 1371 2584 teste
1404 2547 1559 2591 Nonio,

159 2621 256 2653 xm,
279 2608 321 2651 6,
348 2608 517 2643 navicula
546 2607 752 2655 piratarum
778 2616 866 2645 erat.
901 2611 1017 2655 Quod
1047 2622 1189 2647 nomen
1214 2611 1380 2659 Scaliger
1416 2611 1561 2647 derivat

160 2684 179 2705 a
210 2671 323 2707 simili
358 2671 523 2706 muribus
546 2669 646 2722 (μῦς)
681 2671 803 2707 forma
841 2674 1023 2709 naviculae
1054 2680 1228 2722 angusta,
1255 2673 1440 2722 oblonga,
1477 2681 1512 2710 et
1540 2688 1558 2709 a
