1972 3356
416 277 489 315 258
649 277 687 311 C.
718 275 846 309 JULII
876 273 1097 309 CAESARIS
1129 273 1393 309 COMMENT.
1424 275 1569 311 LIBER

414 362 605 406 hostium
636 358 827 420 legiones
848 367 1140 420 cognoverat,
1164 367 1204 402 et
1225 374 1415 418 quonam
1438 358 1568 403 modo
1591 361 1804 404 sustinere

414 458 458 486 se
476 449 625 501 posset
671 439 726 483 ab
771 455 924 484 eorum
956 439 1155 500 equitatu
1207 437 1376 499 levique
1414 449 1662 493 armatura,
1708 457 1805 501 quae

412 531 507 566 erat
528 519 735 577 mirifica,
761 521 794 564 si
819 519 1010 582 legiones
1037 536 1213 581 quoque
1238 520 1532 564 accessissent.
1559 520 1806 567 Accedebat

412 603 544 648 etiam
565 603 656 647 haec
679 618 833 658 causa,
862 601 981 663 quod
1010 600 1344 663 elephantorum
1370 601 1630 663 magnitudo
1654 601 1805 647 multi-

414 683 610 744 tudoque
633 681 818 727 militum
845 683 1015 727 animos
1044 682 1270 726 detinebat
1305 683 1349 725 in
1382 692 1548 727 terrore
1579 699 1588 726 :
1628 683 1699 727 cui
1731 683 1808 727 uni

413 766 474 809 rei
505 774 652 808 tamen
680 765 907 809 invenerat
942 762 1197 807 remedium.
1229 764 1434 824 Namque
1463 760 1719 825 elephantos
1757 780 1809 807 ex

413 844 540 890 Italia
560 846 851 907 transportari
873 845 1091 906 jusserat,
1112 861 1200 905 quo
1223 854 1265 888 et
1289 842 1411 888 miles
1436 854 1584 888 noster
1603 844 1808 905 speciem-

415 943 499 988 que
527 936 568 971 et
596 927 803 970 virtutem
831 926 981 970 bestiae
1006 935 1314 987 cognosceret,
1342 935 1383 969 et
1410 925 1480 969 cui
1511 925 1623 985 parti
1652 941 1809 986 corpo-

415 1009 473 1051 ris
495 1007 588 1068 ejus
614 1006 746 1050 telum
776 1005 903 1050 facile
928 1005 1045 1066 adigi
1073 1015 1239 1065 posset3
1264 1015 1536 1065 ornatusque
1564 1022 1613 1049 ac
1652 1003 1810 1049 lorica-

415 1098 485 1131 tus
509 1104 644 1147 quum
671 1096 782 1130 esset
803 1085 1083 1146 elephantus,
1108 1102 1204 1146 quae
1227 1102 1326 1146 pars
1349 1086 1441 1146 ejus
1468 1086 1666 1146 corporis
1692 1085 1810 1130 nuda

415 1168 509 1211 sine
549 1168 740 1229 tegmine
778 1166 1123 1227 relinqueretur,
1163 1175 1209 1210 ut
1242 1183 1293 1210 eo
1332 1165 1419 1210 tela
1457 1166 1810 1227 conjicerentur3

414 1257 647 1309 praeterea,
692 1257 740 1291 ut
780 1247 979 1308 jumenta
1026 1246 1263 1290 bestiarum
1310 1246 1512 1302 odorem,
1551 1246 1782 1290 stridorem
1800 1282 1811 1302 ,

415 1330 603 1390 speciem
622 1363 632 1382 ‚
652 1327 974 1372 consuetudine
996 1337 1122 1389 capta
1142 1344 1230 1371 non
1257 1327 1608 1371 reformidarent.
1637 1327 1810 1385 Quibus

412 1426 465 1453 ex
492 1409 623 1453 rebus
652 1407 833 1471 largiter
858 1418 950 1452 erat
976 1418 1235 1452 consecutus
1255 1425 1262 1451 :
1282 1425 1383 1452 nam
1403 1418 1444 1452 et
1466 1406 1623 1452 milites
1646 1408 1806 1453 bestias

414 1490 617 1535 manibus
643 1489 997 1552 pertractabant,
1026 1506 1267 1550 earumque
1295 1489 1548 1534 tarditatem
1577 1506 1813 1552 cognosce-

414 1571 539 1626 bant,
563 1571 817 1632 equitesque
848 1571 891 1613 in
921 1587 994 1614 eos
1022 1568 1110 1630 pila
1138 1569 1364 1631 praepilata
1394 1571 1709 1631 conjiciebant3
1741 1581 1811 1615 at-

414 1653 569 1711 quein
609 1650 973 1695 consuetudinem
1013 1666 1149 1710 equos
1186 1651 1399 1710 patientia
1447 1651 1689 1695 bestiarum
1734 1651 1811 1696 ad-

414 1731 613 1776 duxerat.

478 1815 684 1856 LXXIII.
716 1813 788 1856 Ob
819 1813 897 1855 has
924 1828 1099 1867 causas,
1128 1827 1236 1872 quas
1265 1828 1397 1872 supra
1442 1815 1811 1868 commemoravi,

415 1892 733 1937 sollicitabatur
774 1895 944 1949 Caesar,
991 1892 1249 1953 tardiorque
1288 1903 1328 1936 et
1361 1893 1681 1938 consideratior
1718 1905 1812 1938 erat

416 1974 578 2031 sactus,
600 1984 640 2018 et
659 1991 711 2018 ex
727 1974 912 2035 pristina
937 1972 1130 2017 bellandi
1160 1973 1479 2018 consuetudine
1501 1973 1813 2036 celeritateque

414 2065 667 2100 excesserat.
698 2056 792 2100 Nec
822 2055 1005 2111 mirum,
1038 2055 1186 2116 copias
1215 2055 1333 2098 enim
1368 2054 1558 2099 habebat
1593 2056 1634 2099 in
1667 2055 1812 2101 Gallia

415 2135 579 2181 bellare
604 2146 835 2180 consuetas
861 2134 967 2180 locis
995 2136 1336 2197 campestribus,
1365 2145 1408 2180 et
1444 2146 1598 2180 contra
1631 2135 1810 2192 Gallos,

414 2218 613 2262 homines
630 2228 805 2279 apertos
821 2218 1088 2277 minimeque
1115 2217 1366 2272 insidiosos,
1381 2218 1455 2278 qui
1483 2233 1558 2277 per
1574 2217 1781 2263 virtutem
1801 2251 1812 2270 ,

416 2315 504 2342 non
533 2315 612 2360 per
639 2297 817 2356 dolum,
847 2298 1055 2342 dimicare
1083 2307 1355 2342 consuerunt
1385 2314 1394 2341 ε
1422 2307 1515 2341 tum
1545 2307 1692 2341 autem
1719 2307 1813 2341 erat

413 2381 451 2423 ei
475 2378 788 2436 laborandum,
817 2389 864 2424 ut
886 2378 1214 2424 consuefaceret
1234 2378 1395 2422 milites
1411 2413 1422 2435 ,
1449 2379 1642 2423 hostium
1665 2377 1811 2431 dolos,

415 2460 617 2517 insidias,
640 2460 828 2505 artificia
851 2477 1139 2522 cognoscere,
1167 2470 1208 2504 et
1235 2459 1341 2521 quid
1366 2459 1514 2520 sequi,
1540 2458 1647 2520 quid
1672 2459 1811 2502 vitare

415 2542 682 2585 conveniret.
712 2544 894 2603 Itaque,
921 2558 1009 2602 quo
1031 2541 1121 2585 haec
1144 2540 1330 2585 celerius
1353 2541 1654 2602 conciperent,
1681 2538 1811 2583 dabat

415 2638 619 2682 operam,
644 2632 690 2666 ut
711 2621 905 2684 legiones
929 2638 1017 2666 non
1047 2622 1089 2665 in
1120 2639 1207 2666 uno
1234 2621 1329 2665 loco
1355 2621 1620 2675 contineret,
1639 2618 1713 2663 sed
1733 2637 1811 2682 per

416 2718 589 2747 causam
618 2703 915 2749 frumentandi
937 2703 1023 2747 huc
1047 2713 1179 2763 atque
1207 2702 1310 2747 illuc
1335 2711 1551 2763 raptaret3
1569 2700 1667 2745 ideo
1692 2701 1810 2762 quod
