1972 3356
539 246 604 281 DE
635 246 795 281 BELLO
824 247 1066 284 ALEXAND
1073 248 1102 283 R
1109 248 1210 284 ΙΝΟ.
1486 260 1501 283 1
1511 261 1558 297 79

178 328 513 384 commiserunt,
541 329 791 373 festinantes
820 328 1052 391 praeripere
1077 330 1440 391 subsequentibus
1465 332 1556 376 vic-

178 410 300 453 toriae
329 410 578 454 societatem
599 428 607 453 :
630 427 819 470 quorum
860 410 1069 471 impetum
1098 410 1377 457 Mithridates
1399 428 1556 474 magna

175 506 274 533 cum
314 488 570 552 prudentia,
619 489 933 534 consuetudine
977 499 1126 534 nostra
1167 492 1320 535 castris
1366 491 1555 549 vallatis,

174 571 394 615 sustinuit,
420 571 570 627 Quum
594 585 697 613 vero
724 569 897 613 incaute
916 578 1046 630 atque
1073 568 1309 614 insolenter
1325 571 1556 617 succedere

173 667 245 695 eos
270 650 586 694 munitionibus
613 648 799 705 videret,
825 649 1058 710 eruptione
1088 647 1282 710 undique
1308 649 1441 706 facta,
1464 668 1556 697 ma-

173 747 309 792 gnum
342 746 573 774 numerum
617 745 769 773 eorum
802 728 1033 772 interfecit.
1066 728 1200 786 Quod
1233 730 1316 773 nisi
1355 729 1550 775 locorum

170 811 325 855 notitia
348 809 503 870 reliqui
542 826 585 854 se
610 810 840 863 texissent,
864 809 1114 870 partimque
1142 809 1186 853 in
1213 825 1368 866 naves,
1392 810 1551 871 quibus

170 890 330 934 flumen
368 891 651 946 transierant,
685 890 972 951 recepissent,
1001 889 1197 934 funditus
1232 888 1362 934 deleti
1394 901 1549 936 essent.

166 971 255 1027 Qui
279 980 326 1015 ut
350 969 579 1032 paululum
617 971 671 1014 ab
707 968 781 1014 illo
827 971 986 1014 timore
1023 986 1067 1014 se
1094 980 1372 1028 recrearunt,
1395 970 1550 1032 adjun-

165 1051 245 1095 ctis
274 1051 351 1108 iis,
381 1052 456 1112 qui
484 1051 878 1113 subsequebantur,
906 1066 1057 1095 rursus
1092 1066 1348 1112 oppugnare
1373 1051 1549 1096 Mithri-

166 1130 295 1176 daten
318 1141 556 1193 coeperunt.

227 1214 436 1257 XXVIII.
479 1213 673 1257 Mittitur
705 1229 728 1256 a
761 1212 1017 1257 Mithridate
1046 1212 1224 1256 nuntius
1255 1213 1438 1267 Caesari,
1472 1214 1549 1273 qui

164 1308 257 1337 rem
279 1303 444 1355 gestam
463 1291 676 1354 perferret
701 1311 710 1337 z
740 1293 963 1355 cognoscit
981 1309 1032 1337 ex
1057 1293 1169 1349 suis,
1194 1292 1344 1337 eadem
1365 1291 1457 1337 haec
1480 1308 1548 1338 ac-

162 1372 341 1427 cidisse,
380 1389 469 1417 rex.
508 1375 575 1418 Ita
615 1390 738 1435 paene
765 1373 846 1417 sub
868 1372 983 1417 idem
1014 1382 1185 1433 tempus
1214 1381 1257 1415 et
1291 1388 1369 1416 rex
1392 1371 1447 1416 ad
1467 1389 1545 1435 op-

162 1453 440 1514 primendum
466 1453 754 1498 Mithridaten
780 1453 1095 1515 proficiscitur,
1126 1462 1169 1497 et
1194 1455 1339 1497 Caesar
1360 1452 1415 1496 ad
1437 1453 1544 1497 reci-

161 1533 384 1595 piendum.
428 1533 647 1578 Celeriore
687 1534 880 1578 fluminis
920 1531 1012 1578 Nili
1053 1533 1332 1594 navigatione
1361 1549 1436 1576 rex
1480 1542 1545 1578 est

162 1631 284 1668 usus,
311 1616 355 1659 in
379 1631 466 1676 quo
491 1631 695 1676 magnam
725 1624 767 1657 et
795 1622 990 1675 paratam
1020 1611 1199 1657 classem
1224 1612 1426 1658 habebat.
1454 1616 1547 1659 Cae-

160 1712 231 1739 sar
255 1686 408 1740 eodem
442 1696 595 1740 itinere
629 1695 693 1739 uti
725 1692 890 1750 noluit,
909 1710 964 1738 ne
989 1694 1173 1738 navibus
1205 1694 1249 1738 in
1277 1693 1458 1738 flumine
1486 1694 1546 1737 di-

160 1776 340 1820 micaret
371 1793 381 1820 :
405 1776 479 1820 sed
507 1776 823 1820 circumvectus
849 1790 900 1818 eo
923 1775 1056 1831 mari,
1089 1773 1208 1834 quod
1234 1774 1388 1818 Africae
1409 1775 1544 1835 partis

161 1871 252 1900 esse
278 1854 460 1910 dicitur,
488 1856 614 1900 sicuti
641 1871 774 1916 supra
799 1853 1215 1910 demonstravimus,
1245 1853 1365 1913 prius
1394 1862 1542 1898 tamen

162 1935 275 1997 regis
299 1936 435 1997 copiis
463 1935 674 1991 occurrit,
695 1951 824 1996 quam
855 1935 890 1979 is
918 1933 1208 1979 Mithridaten
1245 1933 1423 1996 aggredi
1446 1950 1545 1996 pos-

162 2026 246 2074 set,
281 2032 469 2078 eumque
497 2016 553 2061 ad
584 2033 628 2061 se
658 2017 869 2061 victorem
896 2013 1107 2059 incolumi
1130 2014 1324 2059 exercitu
1362 2016 1540 2076 recepit.

162 2097 436 2142 Consederat
465 2113 564 2142 cum
600 2097 737 2158 copiis
762 2112 838 2140 rex
864 2094 961 2140 loco
995 2105 1152 2140 natura
1187 2096 1382 2153 munito,
1423 2094 1543 2156 quod

161 2187 255 2222 erat
283 2178 376 2239 ipse
412 2177 646 2235 excelsior,
681 2176 863 2239 planitie
888 2192 941 2221 ex
977 2176 1182 2221 omnibus
1224 2175 1421 2237 partibus
1446 2176 1540 2220 sub·

156 2258 294 2319 jecta,
325 2257 464 2303 tribus
492 2267 636 2302 autem
667 2273 720 2301 ex
749 2255 954 2302 lateribus
987 2257 1118 2301 variis
1153 2272 1310 2317 genere
1341 2256 1543 2301 munitio-

161 2338 289 2383 nibus
303 2338 546 2400 tegebatur.
571 2339 723 2383 Unum
743 2337 855 2382 latus
877 2347 971 2382 erat
993 2337 1210 2398 adjectum
1227 2337 1399 2380 flumini
1419 2337 1460 2382 N
1463 2335 1541 2392 ilo;

160 2417 344 2464 alterum
386 2418 624 2463 editissimo
657 2417 752 2463 loco
787 2418 990 2476 ductum,
1018 2427 1066 2462 ut
1094 2426 1262 2479 partem
1297 2427 1540 2462 castrorum

160 2498 397 2556 obtineret3
429 2499 606 2543 tertium
633 2497 793 2560 palude
818 2499 1090 2561 cingebatur.

225 2581 388 2624 XXIX.
415 2582 535 2624 Inter
561 2589 704 2623 castra
731 2581 845 2642 regis
874 2590 917 2624 et
953 2580 1135 2624 Caesaris
1163 2579 1246 2623 iter
1291 2577 1453 2622 flumen
1478 2579 1539 2621 in-

163 2660 408 2705 tercedebat
441 2669 699 2722 angustum,
736 2659 954 2705 altissimis
996 2660 1126 2722 ripis,
1163 2658 1282 2720 quod
1319 2659 1362 2702 in
1388 2657 1537 2702 Nilum

1268 2755 1335 2783 12.
