1972 3356
545 243 611 279 DE
643 243 804 279 BELLO
833 243 1225 279 ALEXANDRINO.
1504 252 1578 289 209

182 328 236 370 At
266 324 531 383 Pharnaces,
561 326 775 388 impulsus
810 327 900 370 sive
943 326 1027 370 loci
1054 324 1282 380 felicitate,
1313 324 1403 369 sive
1433 325 1580 387 auspi·

181 407 258 450 ciis
289 416 332 451 et
363 405 650 468 religionibus
675 406 903 461 inductus,
933 406 1093 466 quibus
1123 405 1452 466 obtemperasse
1476 422 1577 450 eum

181 497 330 549 postea
357 487 663 540 audiebamus3
689 487 780 530 sive
800 487 1019 547 paucitate
1045 495 1322 538 nostrorum,
1345 487 1420 546 qui
1448 487 1492 529 in
1508 503 1579 530 ar-

181 569 263 613 mis
279 578 424 625 erant,
448 577 697 627 comperta,
727 583 866 627 quum
894 583 1016 610 more
1041 566 1188 626 operis
1209 566 1460 626 quotidiani
1486 584 1579 611 ma-

181 667 312 711 gnam
337 648 455 692 illam
481 663 707 692 servorum
735 645 1065 690 multitudinem
1081 681 1092 702 ,
1117 662 1215 706 quae
1245 662 1451 707 aggerem
1479 664 1580 707 por-

183 731 324 786 tabat,
345 727 531 773 militum
560 744 652 772 esse
678 726 954 782 credidisset3
982 727 1073 770 sive
1112 727 1243 770 etiam
1272 726 1435 770 fiducia
1461 737 1579 770 vete-

180 811 273 854 rani
300 810 513 853 exercitus
538 809 625 865 sui,
650 825 779 868 quem
810 808 940 851 vicies
967 817 1009 851 et
1032 807 1098 851 bis
1124 808 1167 850 in
1190 808 1282 851 acie
1306 807 1552 851 conflixisse
1568 842 1578 862 ,

179 901 222 934 et
243 890 398 933 vicisse
414 888 547 951 legati
563 890 656 950 ejus
680 888 1010 951 gloriabantur3
1028 887 1157 932 simul
1179 898 1438 949 contemptu
1457 905 1581 932 exer-

177 971 290 1014 citus
313 971 474 1025 nostri,
499 987 630 1031 quem
659 969 834 1031 pulsum
860 987 884 1013 a
905 986 970 1023 se,
995 969 1195 1013 Domitio
1223 969 1334 1013 duce
1350 1004 1362 1026 ,
1388 969 1579 1024 sciebat3

177 1051 287 1095 inito
315 1050 499 1095 consilio
526 1050 787 1107 dimicandi,
811 1049 1076 1094 descendere
1104 1060 1328 1111 praerupta
1356 1049 1470 1094 valle
1497 1068 1581 1094 coe-

176 1132 255 1193 pit.
282 1133 422 1194 Cujus
457 1132 716 1193 aliquandiu
748 1134 894 1176 Caesar
932 1131 1142 1175 irridebat
1185 1133 1363 1175 inanem
1389 1141 1581 1175 ostenta-

178 1214 360 1270 tionem,
376 1223 418 1257 et
432 1230 484 1257 eo
503 1213 599 1257 loco
621 1213 812 1257 militum
833 1214 1198 1268 coarctationem,
1217 1229 1348 1273 quem
1365 1213 1406 1255 in
1431 1211 1578 1256 locum

176 1311 305 1339 nemo
329 1312 459 1339 sanus
482 1295 619 1339 hostis
645 1295 873 1339 subiturus
901 1304 1012 1338 esset
1039 1312 1048 1337 z
1079 1311 1216 1355 quum
1244 1295 1419 1338 interim
1442 1294 1579 1337 Phar-

175 1392 302 1420 naces
336 1376 492 1420 eodem
534 1375 698 1437 gradu,
732 1393 820 1436 quo
846 1385 1067 1436 praerupta
1096 1376 1140 1418 in
1172 1374 1376 1435 proelium
1406 1374 1580 1419 descen-

175 1456 298 1500 derat
333 1456 469 1513 valle,
499 1457 733 1501 ascendere
771 1455 981 1500 adversus
1011 1456 1202 1499 arduum
1224 1454 1381 1499 collem
1419 1457 1579 1499 instru-

173 1539 251 1581 ctis
276 1539 415 1599 copiis
441 1540 587 1600 coepit.

238 1621 420 1664 LXXV.
465 1622 637 1677 Caesar,
676 1619 927 1664 incredibili
967 1620 1061 1680 ejus
1097 1617 1163 1662 vel
1197 1619 1472 1675 temeritate,
1510 1617 1580 1661 vel

171 1699 332 1745 fiducia
356 1712 625 1758 commotus,
655 1718 798 1762 neque
823 1701 1011 1763 opinans
1038 1702 1371 1761 imparatusque
1400 1716 1582 1761 oppres-

171 1798 268 1839 sus,
298 1782 453 1826 eodem
487 1793 689 1843 tempore
725 1781 885 1826 milites
923 1782 978 1825 ab
1013 1781 1223 1841 operibus
1258 1791 1418 1837 vocat,
1453 1798 1578 1825 arma

172 1879 328 1924 capere
351 1863 498 1925 jubet,
521 1863 716 1926 legiones
736 1863 946 1924 opponit,
971 1862 1198 1922 aciemque
1222 1862 1402 1905 instruit
1426 1863 1580 1923 :cujus

172 1944 234 1988 rei
264 1944 408 1989 subita
446 1945 685 2006 trepidatio
720 1961 930 2006 magnum
968 1954 1184 1988 terrorem
1221 1942 1368 1987 attulit
1398 1944 1578 1987 nostris.

171 2025 385 2070 Nondum
421 2025 654 2070 ordinibus
692 2026 942 2080 instructis,
980 2024 1150 2069 falcatae
1188 2024 1318 2086 regiae
1353 2024 1580 2086 quadrigae

171 2108 412 2168 permixtos
436 2107 596 2152 milites
622 2108 910 2169 perturbant3
942 2124 1039 2168 quae
1068 2116 1215 2150 tamen
1245 2104 1445 2150 celeriter
1471 2104 1582 2149 mul-

171 2188 361 2233 titudine
388 2188 579 2234 telorum
603 2190 932 2251 opprimuntur.
962 2189 1219 2249 Insequitur
1252 2188 1330 2231 has
1359 2188 1473 2231 acies
1499 2186 1580 2230 ho-

170 2271 327 2325 stium,
350 2281 393 2314 et
412 2270 604 2315 clamore
626 2269 798 2315 sublato
827 2269 1098 2332 confligitur,
1121 2268 1311 2313 multum
1340 2268 1581 2328 adjuvante

170 2361 327 2395 natura
367 2350 479 2409 loci,
520 2351 762 2413 plurimum
798 2351 984 2395 deorum
1019 2349 1335 2394 immortalium
1376 2349 1581 2410 benigni-

146 2420 280 2489 vtate,
306 2433 382 2493 qui
421 2450 561 2493 quum
601 2433 807 2476 omnibus
840 2433 1013 2476 casibus
1049 2430 1154 2475 belli
1189 2432 1441 2486 intersunt,
1485 2439 1580 2474 tum

169 2514 391 2575 praecipue
419 2515 501 2567 eis,
526 2514 687 2575 quibus
715 2512 823 2558 nihil
853 2514 1026 2557 ratione
1055 2513 1200 2574 potuit
1228 2511 1544 2555 administrari.

234 2598 441 2640 LXXVI.
480 2598 647 2657 Magno
687 2605 818 2656 atque
865 2595 955 2639 acri
999 2593 1157 2655 proelio
1202 2593 1404 2636 cominus
1442 2591 1580 2646 facto,

175 2674 326 2721 dextro
356 2694 521 2730 cornu,
550 2693 639 2738 quo
669 2687 875 2721 veterana
902 2675 1018 2737 legio
1049 2685 1169 2719 sexta
1203 2685 1296 2718 erat
1333 2672 1579 2730 collocata,

373 2775 418 2801 11.
1330 2756 1386 2809 Ili
