1972 3356
305 275 350 322 78
513 279 551 313 C.
585 279 712 313 JULII
742 279 957 313 CAESARIS
990 279 1475 317 COMMENTARIORUM

301 362 455 423 Neque
484 361 671 405 multum
710 361 961 416 frumento,
996 362 1069 406 sed
1106 364 1344 408 maximam
1378 373 1546 423 partem
1581 362 1686 406 lact<-

300 453 432 503 atque
454 458 613 502 pecore
638 442 820 498 vivunt,
845 441 1127 503 multumque
1155 453 1255 488 sunt
1285 445 1329 487 in
1353 442 1686 487 venationibus:

302 539 395 584 quae
421 539 490 565 res
525 531 567 565 et
596 522 682 566 cibi
712 538 890 584 genere,
920 534 963 567 ct
991 524 1249 585 quotidiana
1279 523 1617 577 exercitatione,
1646 533 1685 566 et

300 603 499 647 libertate
520 604 620 647 vitae
640 603 802 664 (quod,
828 622 851 648 a
875 606 1023 665 pueris
1045 604 1166 649 nullo
1187 605 1334 649 officio
1356 615 1435 649 aut
1457 602 1685 664 disciplina

297 683 551 738 assuefacti,
576 683 685 728 nihil
714 685 897 728 omnino
932 695 1089 729 contra
1117 685 1387 730 voluntatem
1411 682 1617 742 faciant),
1643 694 1683 727 et

299 766 410 809 vires
445 764 548 820 alit,
582 776 626 809 et
660 765 839 810 immani
874 783 1113 827 corporum
1149 765 1454 828 magnitudine
1486 765 1685 811 homines

295 846 441 891 efficit.
467 850 612 907 Atque
643 847 687 890 in
715 863 809 890 eam
835 863 879 890 se
906 846 1272 891 consuetudinem
1301 846 1607 901 adduxerunt,
1639 857 1686 892 ut

297 925 403 971 locis
420 927 732 989 frigidissimis,
755 943 899 987 neque
919 925 1121 983 vestitus,
1142 935 1302 987 praeter
1318 924 1472 987 pelles,
1494 926 1686 971 habeant

294 1007 535 1068 quidquam
562 1007 772 1068 (quarum
799 1015 980 1066 propter
1008 1005 1293 1067 exiguitatem
1315 1023 1473 1067 magna
1499 1016 1563 1051 est
1588 1024 1685 1051 cor-

295 1089 412 1149 poris
437 1106 537 1150 pars
563 1087 761 1149 aperta),
788 1097 832 1130 et
860 1085 1062 1130 laventur
1085 1087 1130 1129 in
1156 1086 1427 1130 fluminibus,

358 1172 414 1214 ΙΙ.
441 1169 764 1213 Mercatoribus
787 1177 853 1211 est
873 1167 929 1210 ad
952 1184 1025 1211 eos
1049 1166 1212 1220 aditus,
1236 1167 1373 1228 magis
1399 1184 1472 1222 eo,
1497 1177 1565 1223 ut,
1591 1185 1686 1227 quse

296 1249 409 1294 bello
437 1250 662 1310 ceperint,
691 1249 850 1309 quibus
874 1247 1094 1299 vendant,
1119 1247 1331 1303 habeant,
1354 1264 1485 1307 quam
1511 1265 1599 1307 quo
1624 1248 1687 1291 ul-

297 1331 379 1374 lam
405 1347 495 1373 rem
525 1330 577 1374 ad
602 1347 646 1373 sc
671 1330 904 1390 importari
925 1328 1190 1373 desiderent.
1213 1329 1336 1385 Quin
1361 1329 1492 1372 etiam
1513 1329 1686 1388 jumen-

294 1412 374 1466 tis,
398 1411 556 1471 quibus
585 1412 774 1454 maxime
798 1408 945 1453 Gallia
980 1408 1242 1464 delectatur,
1270 1425 1453 1469 quaeque
1489 1409 1686 1470 impenso

294 1500 451 1553 parant
492 1492 661 1552 pretiO,
697 1491 909 1536 Germani
947 1490 1194 1550 importatis
1228 1507 1316 1533 non
1354 1499 1541 1534 utuntur
1573 1508 1582 1533 z
1614 1490 1688 1535 scd

293 1590 390 1634 quae
425 1582 529 1616 sunt
564 1571 682 1632 apud
722 1588 795 1615 eos
828 1581 956 1625 nata,
994 1586 1127 1631 prava
1161 1579 1292 1631 atque
1327 1569 1566 1626 deformia,
1596 1571 1688 1615 haec

294 1653 553 1715 quotidiana
570 1652 905 1707 exercitatione,
925 1651 1086 1695 summi
1103 1661 1152 1695 ut
1172 1652 1259 1695 sint
1277 1649 1458 1706 laboris,
1472 1651 1684 1696 efficiunt.

294 1735 583 1795 Equestribus
608 1732 773 1794 proeliis
797 1749 908 1794 saepe
938 1750 989 1776 ex
1020 1733 1143 1793 equis
1166 1731 1401 1789 desiliunt,
1431 1750 1480 1777 ac
1505 1734 1690 1794 pedibus

295 1814 581 1876 proeliantur,
607 1831 832 1875 equosque
855 1813 1008 1858 eodem
1037 1829 1266 1858 remancre
1291 1814 1476 1875 vestigio
1500 1815 1690 1860 assuefa-

294 1896 446 1952 ciunt,
474 1896 529 1940 ad
559 1912 668 1956 quos
698 1913 742 1940 se
770 1895 991 1951 celeriter,
1014 1911 1150 1955 quum
1183 1910 1287 1939 usus
1322 1903 1412 1952 est,
1436 1896 1687 1956 recipiunt:

295 1994 438 2038 neque
458 1994 611 2021 eorum
632 1978 828 2021 moribus
850 1977 1023 2038 turpius
1044 1976 1289 2038 quidquam
1313 1986 1387 2021 aut
1407 1977 1593 2021 inertius
1615 1977 1690 2022 ha-

292 2058 443 2115 betur,
468 2076 601 2119 quam
626 2058 846 2119 ephippiis
870 2060 947 2103 uti.
976 2061 1130 2119 Itaque
1154 2058 1209 2103 ad
1233 2058 1430 2120 quemvis
1453 2075 1688 2102 numerum

293 2140 653 2200 ephippiatorum
688 2140 886 2199 equitum
905 2175 915 2194 ,
946 2142 1146 2200 quamvis
1177 2141 1330 2201 pauci,
1362 2139 1483 2183 adire
1513 2139 1687 2184 audent.

294 2221 460 2264 Vinum
486 2220 540 2264 ad
569 2237 613 2264 se
640 2221 822 2263 omnino
848 2221 1076 2281 importari
1107 2238 1196 2264 non
1226 2221 1398 2275 sinunt,
1423 2220 1541 2281 quod
1564 2237 1614 2265 ea
1643 2239 1690 2265 rc

294 2299 347 2344 ad
375 2300 568 2345 laborem
600 2300 829 2345 ferendum
860 2300 1164 2345 remollescere
1190 2302 1392 2346 homines
1420 2311 1554 2361 atque
1584 2301 1683 2345 effe„

294 2382 453 2425 minari
476 2382 760 2426 arbitrantur.

360 2465 437 2507 III.
460 2461 641 2507 Publice
666 2464 901 2508 maximam
935 2472 1095 2524 putant
1119 2480 1212 2508 esse
1241 2463 1434 2519 laudem,
1465 2480 1596 2524 quam
1627 2462 1689 2507 la-

296 2543 459 2586 tissime
494 2560 517 2587 a
545 2544 632 2587 suis
661 2543 824 2587 sinibus
854 2560 1009 2587 vacare
1038 2560 1166 2605 agros
1198 2563 1206 2588 :
1241 2545 1324 2588 hac
1353 2561 1399 2588 re
1431 2544 1689 2605 significari,

296 2640 505 2685 magnum
543 2641 776 2668 numerum
813 2625 1040 2668 civitatum
1075 2642 1196 2669 suam
1227 2626 1315 2668 vim
1351 2624 1564 2668 sustinere
1600 2641 1688 2667 non

298 2711 431 2764 posse.
464 2708 616 2765 Itaque
642 2722 729 2749 una
758 2723 807 2749 ex
838 2715 960 2765 parte
988 2723 1011 2749 a
1040 2708 1191 2750 Sucvis
1220 2706 1394 2749 circiter
1424 2704 1558 2749 millia
1593 2722 1690 2766 pas-
