1972 3356
577 202 643 237 DE
675 202 833 238 BELLO
864 202 1190 238 HISPANIENSI.
1491 202 1563 249 295

187 287 293 331 lium
310 287 524 332 conficere
541 297 730 349 possent.
759 290 860 331 Haec
886 303 1009 330 mora
1037 286 1307 331 adversarios
1331 285 1565 330 alacriores

187 367 428 425 efficiebat,
443 370 624 413 Caesaris
643 368 789 429 copias
808 368 965 412 timore
991 367 1189 428 impediri
1217 366 1271 410 ad
1290 366 1565 411 committen-

184 448 289 492 dum
312 448 528 509 proelium.
561 451 625 493 Ita
650 465 693 492 se
717 448 967 505 efferentes,
993 447 1146 507 iniquo
1167 446 1263 491 loco
1289 448 1354 491 sui
1375 457 1565 509 potesta-

185 539 272 573 tem
300 529 539 585 faciebant,
562 539 608 573 ut
631 545 788 589 magno
810 538 955 572 tamen
974 526 1169 588 periculo
1192 544 1386 571 accessus
1410 544 1561 572 eorum

185 609 434 653 haberetur.
461 611 543 653 Hie
569 609 799 653 decumani
830 625 957 652 suum
975 606 1146 664 locum,
1176 624 1314 652 cornu
1336 608 1563 666 dextrum,

186 691 416 748 tenebant,
444 692 669 735 sinistrum
695 706 746 735 111
775 700 817 734 et
843 705 869 732 v
898 689 1033 750 legi0,
1061 690 1251 750 itemque
1278 700 1420 734 cetera
1441 693 1564 735 auxi-

184 771 266 829 lia,
292 782 333 816 et
359 773 591 833 equitatus.
619 770 847 826 Proelium,
872 768 1064 814 clamore
1088 770 1201 815 facto
1217 805 1228 825 ,
1257 771 1560 816 committitur.

247 854 410 897 XXXI.
425 854 506 896 Hic
525 853 604 896 etsi
626 853 785 896 virtute
803 852 938 896 nostri
961 851 1303 905 antecedebant,
1326 852 1562 897 adversarii

182 949 226 976 se
246 949 268 976 e
303 931 398 977 loco
428 933 650 994 superiore
677 932 967 977 defendebant
995 934 1228 986 acerrime,
1254 943 1297 977 et
1330 933 1563 978 vehemens

182 1013 312 1058 fiebat
340 1014 393 1057 ab
415 1015 609 1075 utrisque
634 1013 818 1070 elamor,
846 1012 1119 1074 telorumque
1145 1014 1278 1059 missu
1304 1030 1564 1070 concursus,

182 1095 266 1150 sic,
307 1104 354 1139 ut
384 1110 521 1156 prope
561 1095 695 1138 nostri
738 1093 986 1139 diffiderent
1029 1095 1218 1138 victoriae
1257 1112 1265 1138 :
1307 1111 1565 1156 congressus

181 1176 296 1219 enim
318 1185 361 1220 et
380 1174 570 1231 clamor,
594 1177 752 1236 quibus
777 1175 904 1219 rebus
930 1176 1116 1219 maxime
1142 1175 1286 1219 hostes
1309 1185 1565 1220 conterren-

184 1267 280 1311 tur,
304 1257 346 1300 in
367 1255 529 1301 collatu
553 1258 647 1318 pari
677 1268 802 1301 erant
829 1256 1095 1301 conditione.
1123 1259 1275 1316 Itaque
1298 1273 1347 1300 cx
1378 1267 1565 1318 utroque

181 1354 338 1399 genere
357 1355 532 1400 pugnae,
551 1355 686 1399 quum
705 1355 854 1399 parem
882 1339 1086 1381 virtutem
1108 1337 1162 1381 ad
1183 1336 1437 1382 bellandum
1461 1355 1566 1382 con·

182 1419 410 1474 tulissent,
439 1418 627 1481 pilorum
657 1420 789 1464 missu
818 1419 900 1463 fixa
928 1418 1177 1463 cumulatur
1204 1428 1246 1462 et
1273 1418 1467 1463 concidit
1490 1419 1566 1463 ad-

182 1502 471 1545 versariorum
491 1499 742 1544 multitudo.
769 1503 983 1544 Dextrum
1014 1498 1414 1544 demonstravimus
1435 1499 1565 1544 decu-

181 1599 333 1626 manos
359 1599 495 1626 cornu
524 1582 740 1625 tenuisse:
773 1582 845 1641 qui
874 1582 951 1624 etsi
976 1590 1101 1624 erant
1129 1582 1437 1640 pauci,tamen
1464 1597 1563 1642 pro-

180 1673 278 1724 pter
313 1663 521 1706 virtutem
550 1679 710 1724 magno
740 1661 1013 1705 adversarios
1053 1662 1210 1705 timore
1243 1677 1395 1705 eorum
1433 1678 1567 1723 opera

180 1743 448 1798 afficiebant,
476 1743 594 1803 quod
615 1758 639 1786 a
665 1759 744 1786 suo
770 1741 865 1785 loco
901 1743 1048 1785 hostes
1072 1742 1354 1786 vehementer
1371 1760 1567 1802 premere

181 1832 432 1885 coeperunt,
450 1833 498 1867 ut
523 1822 577 1867 ad
607 1822 876 1878 subsidium,
905 1839 957 1865 ne
981 1822 1036 1866 ab
1059 1821 1194 1866 latere
1217 1824 1352 1867 nostri
1382 1839 1568 1884 occupa-

180 1914 301 1961 rent,
335 1903 449 1965 legio
477 1903 827 1948 adversariorum
856 1903 1079 1947 transduci
1120 1913 1257 1964 coepta
1296 1905 1352 1948 sit
1381 1903 1431 1948 ad
1462 1903 1566 1948 dex-

182 1996 312 2030 trum.
343 1984 456 2047 Quae
485 1984 611 2029 simul
639 1994 703 2028 est
728 1993 864 2039 mota,
893 1985 1112 2045 equitatus
1134 1985 1315 2029 Caesaris
1340 1986 1565 2030 sinistrum

181 2084 318 2111 cornu
348 2083 543 2128 premere
567 2066 709 2127 coepit.
744 2068 798 2109 At
824 2066 850 2108 ii
888 2066 1046 2110 eximia
1078 2066 1239 2109 virtute
1264 2064 1465 2127 proelium
1499 2066 1563 2110 fa-

181 2165 278 2192 cere
308 2148 553 2208 incipiunt,
584 2157 630 2190 ut
656 2146 778 2190 locus
808 2147 851 2190 in
882 2147 972 2190 acie
1002 2146 1057 2190 ad
1093 2145 1334 2190 subsidium
1363 2147 1565 2191 veniendi

183 2245 269 2272 non
301 2228 494 2273 daretur.
526 2233 589 2273 lta
613 2244 747 2288 quum
773 2227 953 2272 clamori
982 2238 1094 2272 esset
1124 2228 1400 2272 intermixtus
1428 2229 1565 2288 gemi-

182 2319 275 2363 tus,
315 2308 651 2370 gladiorumque
682 2309 875 2369 crepitus
904 2309 1081 2353 auribus
1107 2308 1305 2365 oblatus,
1341 2309 1566 2369 imperito-

182 2407 281 2434 rum
322 2400 492 2434 mentes
531 2390 686 2434 timore
724 2389 1029 2451 praepediebat.
1069 2389 1173 2445 Hic,
1201 2399 1248 2433 ut
1284 2390 1344 2432 ait
1371 2390 1568 2445 Ennius,

183 2487 292 2532 «pes
317 2470 428 2532 pede
464 2471 702 2532 premitur,
743 2471 875 2514 armis
910 2480 1113 2515 teruntur
1147 2486 1292 2524 arma,
1314 2491 1334 2512 »
1367 2469 1569 2514 adversa·

182 2553 358 2613 riosque
398 2552 776 2596 vehementissime
814 2561 1059 2613 pugnantes
1094 2551 1231 2596 nostri
1269 2568 1396 2613 agere
1431 2567 1570 2613 coepe-

183 2634 481 2693 runt3quibus
501 2632 713 2694 oppidum
738 2632 815 2677 suit
841 2632 1045 2677 subsidio.
1074 2635 1139 2676 Ita
1166 2633 1268 2693 ipsis
1291 2631 1569 2677 Liberalibus
