1972 3356
367 210 441 253 264
605 211 643 246 C.
669 209 799 244 JULII
828 206 1047 242 CAESARIS
1079 204 1345 240 COMMENT.
1376 205 1525 240 LIBER

371 293 635 356 sagittariis,
660 290 960 336 funditoribus
986 289 1031 333 in
1060 289 1259 348 utrisque
1284 287 1494 332 cornibus
1518 287 1763 348 dispositis,

368 375 544 435 levique
578 381 804 416 armatura
832 371 948 415 inter
975 370 1143 431 equites
1174 369 1424 430 interjecta,
1461 369 1553 430 ipse
1578 367 1764 430 pedibus

365 456 532 500 circum
574 452 736 498 milites
783 468 1080 509 concursans,
1132 451 1406 512 virtutesque
1451 459 1762 494 veteranorum

365 535 609 598 proeliaque
651 535 881 597 superiora
918 548 1293 589 commemorans,
1334 529 1583 592 blandeque
1616 528 1769 592 appel-

364 616 486 675 lans,
515 617 686 663 animos
711 633 865 661 eorum
894 615 1126 661 excitabat.
1156 614 1343 658 Tirones
1365 622 1532 670 autem,
1552 613 1629 674 qui
1652 628 1768 656 nun-

364 715 498 760 quam
522 699 567 743 in
592 698 684 744 acie
703 697 1009 754 dimicassent,
1033 695 1312 750 hortabatur,
1337 715 1358 736 «
1375 704 1423 738 ut
1449 703 1766 738 veteranorum

363 780 572 826 virtutem
609 778 949 836 aemularentur,
987 794 1230 839 eorumque
1264 776 1447 833 famam,
1482 791 1670 832 nomen,
1706 773 1770 819 lo-

365 878 575 924 cumque,
600 862 788 907 victoria
814 871 962 923 parta,
988 869 1201 922 cuperent
1222 857 1495 921 possidere.»

429 946 662 989 LXXXII.
696 946 852 1004 Itaque
885 944 928 986 in
965 940 1283 986 circumeundo
1307 941 1548 985 exercitum
1571 937 1771 983 animad-

365 1026 523 1082 vertit,
546 1026 695 1070 hostes
723 1025 840 1069 circa
866 1022 1029 1068 vallum
1058 1023 1306 1084 trepidare,
1332 1032 1469 1082 atque
1494 1019 1614 1065 ultro
1639 1021 1772 1065 citro-

365 1124 452 1169 que
481 1106 663 1169 pavidos
690 1122 978 1162 concursare,
1011 1114 1052 1149 et
1087 1103 1220 1149 modo
1250 1120 1294 1148 se
1332 1104 1448 1147 intra
1482 1111 1633 1163 portas
1658 1102 1771 1146 reci-

363 1205 467 1251 pere
479 1223 490 1243 ,
506 1187 640 1233 modo
662 1189 968 1253 inconstanter
985 1185 1363 1246 immoderateque
1379 1183 1557 1246 prodire
1577 1200 1586 1228 ε
1606 1199 1773 1244 quum·

363 1287 448 1332 que
484 1270 601 1314 idem
627 1286 650 1314 a
673 1268 876 1331 pluribus
915 1268 1207 1312 animadverti
1234 1277 1428 1329 coeptum
1457 1274 1596 1323 esset,
1627 1265 1774 1310 subito

364 1351 496 1414 legati
523 1353 783 1413 evocatique
809 1352 1040 1396 obsecrare
1068 1352 1283 1396 Caesarem
1299 1384 1309 1403 ,
1342 1368 1363 1389 «
1385 1365 1439 1393 ne
1463 1347 1688 1392 dubitaret
1714 1347 1773 1392 si-

365 1451 502 1496 gnum
527 1433 631 1478 dare
660 1452 669 1479 :
712 1434 944 1478 victoriam
974 1433 1054 1477 sibi
1084 1433 1312 1494 propriam
1343 1447 1367 1474 a
1395 1429 1477 1474 diis
1505 1428 1772 1474 immortali-

364 1516 446 1560 bus
475 1514 697 1577 portendi.
728 1536 748 1556 υ
777 1515 1021 1560 Dubitante
1049 1515 1250 1568 Caesare,
1281 1522 1413 1573 atque
1441 1527 1595 1556 eorum
1624 1509 1774 1555 studio

365 1597 689 1659 cupiditatique
730 1598 988 1647 resistente,
1042 1596 1239 1656 sibique,
1279 1594 1514 1655 eruptione
1558 1592 1773 1654 pugnari,

367 1696 457 1724 non
487 1678 661 1741 placere
683 1677 961 1731 clamitante,
985 1687 1027 1721 et
1048 1678 1178 1721 etiam
1201 1686 1333 1737 atque
1360 1675 1494 1719 etiam
1518 1675 1655 1719 aciem
1675 1690 1772 1718 sus·

367 1771 565 1805 tentante
582 1796 592 1816 ,
623 1762 770 1805 subito
793 1759 951 1803 dextro
977 1775 1140 1810 cornu,
1165 1759 1332 1818 injussu
1359 1757 1564 1812 Caesaris,
1594 1755 1774 1799 tubicen

366 1860 390 1886 a
412 1841 626 1886 militibus
651 1850 829 1885 coactus
853 1856 1012 1884 cancre
1030 1839 1174 1900 coepit.
1195 1839 1298 1896 Quo
1324 1837 1461 1894 facto,
1477 1837 1532 1881 ab
1556 1837 1776 1881 universis

369 1924 629 1968 cohortibus
659 1923 782 1984 signa
814 1923 858 1965 in
891 1922 1062 1965 hostem
1093 1936 1263 1980 coepere
1299 1918 1477 1971 inferri,
1506 1935 1645 1979 quum
1674 1934 1775 1962 cen-

370 2008 568 2050 turiones
598 2015 778 2066 pectore
807 2003 993 2048 adverso
1025 2003 1304 2057 resisterent,
1335 2002 1468 2061 vique
1497 2001 1778 2045 continerent

369 2087 552 2143 milites,
584 2105 637 2131 ne
667 2088 833 2148 injussu
864 2085 1141 2146 imperatoris
1170 2093 1514 2138 concurrerent,
1544 2099 1623 2127 nec
1653 2082 1779 2143 quid-

369 2187 501 2232 quam
534 2168 813 2231 proficerent.

437 2252 690 2296 LXXXIII.
716 2249 853 2309 Quod
882 2259 1116 2311 postquam
1143 2251 1290 2294 Caesar
1319 2246 1559 2303 intellexit,
1587 2247 1781 2292 incitatis

373 2333 563 2378 militum
586 2334 744 2377 animis
773 2333 915 2377 resisti
941 2331 1062 2375 nullo
1093 2330 1225 2376 modo
1250 2347 1401 2392 posse,
1425 2331 1552 2392 signo
1567 2328 1779 2375 Felicita-

372 2417 428 2460 tis
457 2415 561 2460 dato
580 2451 590 2471 ,
619 2432 734 2476 equo
766 2414 979 2465 admisso,
1010 2416 1051 2456 in
1081 2413 1252 2457 hostem
1281 2421 1436 2456 contra
1465 2411 1688 2473 principes
1718 2410 1781 2453 ire

373 2497 614 2541 contendit.
650 2500 680 2541 A
717 2496 873 2540 dextro
899 2495 1072 2540 interim
1103 2511 1243 2539 cornu
1269 2492 1517 2538 funditores
1540 2492 1780 2555 sagittarii-

374 2595 459 2638 que
483 2579 658 2623 concita
685 2577 767 2622 tela
794 2579 836 2622 in
862 2576 1119 2638 elephantos
1144 2576 1395 2637 frequentes
1422 2575 1641 2636 injiciunt.
1673 2574 1779 2631 Quo

377 2659 488 2703 facto
503 2696 512 2713 ,
535 2660 702 2712 bestiae,
718 2659 907 2705 stridore
930 2657 1168 2704 fundarum
1194 2657 1483 2719 lapidumque
1502 2655 1751 2716 perterritae
1767 2689 1779 2711 ,
