1972 3356
234 250 296 265 m
301 249 677 264 mmmm
681 246 1376 265 tmxmmkn‘bwwmflwwxffl
1381 247 1441 261 §m
1445 246 1632 262 mmm

531 461 606 530 C.
645 462 890 530 JULII
942 461 1346 530 CAESARIS

330 661 1546 756 COMMENTARIORUM

541 897 652 954 DE
699 896 991 953 BELLO
1039 896 1323 952 CIVILI

703 1083 883 1127 LIBER
923 1084 1166 1127 PRIMUS.

832 1294 1044 1303 ———-——-

232 1482 268 1526 Ι.
288 1439 534 1527 Lamus
555 1498 579 1525 a
599 1481 737 1525 Fabio
763 1483 814 1526 C.
831 1482 1016 1527 Caesaris
1033 1480 1290 1526 consulibus
1312 1480 1514 1538 redditis,
1531 1497 1644 1543 aegre

233 1563 288 1608 ab
318 1564 370 1608 iis
400 1564 688 1626 impetratum
722 1573 808 1620 est,
845 1580 1019 1608 summa
1047 1563 1334 1607 tribunorum
1365 1561 1506 1624 plebis
1543 1579 1646 1607 con-

233 1647 454 1705 tentione,
474 1656 523 1691 ut
549 1647 592 1690 in
618 1656 774 1691 senatu
793 1647 1113 1702 recitarentur;
1140 1655 1188 1689 ut
1210 1662 1316 1690 vero
1337 1662 1389 1689 ex
1408 1644 1565 1689 litteris
1589 1644 1646 1689 ad

234 1738 439 1775 senatum
462 1728 724 1786 referretur,
745 1729 975 1790 impetrari
1000 1745 1091 1773 non
1115 1729 1276 1790 potuit.
1299 1728 1517 1773 Referunt
1538 1745 1646 1772 con-

235 1808 349 1854 sules
384 1809 439 1853 de
476 1809 705 1871 republica
741 1811 787 1853 in
825 1810 1017 1854 civitate.
1055 1812 1105 1853 L.
1132 1808 1351 1853 Lentulus
1386 1809 1542 1854 consul
1577 1826 1645 1853 se-

236 1892 361 1935 natui
383 1891 538 1952 reique
563 1889 751 1953 publicae
769 1907 813 1935 se
840 1908 931 1935 non
956 1890 1215 1935 defuturum
1239 1890 1492 1952 pollicetur,
1519 1893 1554 1935 si
1577 1908 1648 1935 au-

237 1972 388 2017 dacter
412 1989 463 2017 ac
492 1972 666 2017 fortiter
693 1974 934 2017 sententias
971 1972 1115 2016 dicere
1145 1971 1304 2029 velint3
1334 1973 1401 2017 sin
1427 1974 1646 2017 Caesarem

237 2054 496 2116 respiciant,
531 2064 662 2116 atque
694 2056 787 2116 ejus
822 2055 1010 2117 gratiam
1040 2064 1302 2116 sequantur,
1336 2064 1385 2099 ut
1413 2055 1648 2116 superiori-

237 2135 321 2181 bus
356 2136 542 2182 fecerint
576 2137 876 2198 temporibus,
915 2154 960 2181 se
998 2137 1080 2181 sibi
1115 2136 1350 2181 consilium
1388 2146 1647 2198 capturum,

239 2234 383 2280 neque
421 2227 599 2263 senatus
636 2220 890 2264 auctoritati
929 2219 1362 2281 obtemperaturum3
1401 2219 1567 2263 habere
1603 2235 1648 2263 se

237 2316 417 2361 quoque
443 2299 499 2344 ad
533 2301 718 2346 Caesaris
750 2301 938 2363 gratiam
965 2311 1099 2362 atque
1128 2301 1369 2345 amicitiam
1399 2310 1645 2362 receptum.

237 2382 291 2425 In
317 2381 518 2426 eamdem
543 2382 809 2427 sententiam
828 2381 1029 2444 loquitur
1052 2384 1223 2444 Scipi0;
1247 2383 1462 2444 Pompeio
1486 2399 1577 2427 esse
1603 2383 1647 2426 in

238 2463 409 2521 animo⁷
437 2462 694 2526 reipublicae
725 2481 817 2509 non
849 2464 1018 2523 deesse,
1051 2465 1086 2510 si
1115 2474 1292 2509 senatus
1321 2474 1552 2524 sequaturg
1581 2464 1649 2507 sin

238 2554 489 2602 cunctetur,
513 2555 646 2606 atque
666 2556 769 2608 agat
791 2545 934 2592 lenius
948 2583 959 2605 7
978 2547 1282 2609 nequidquam
1297 2545 1391 2606 ejus
1410 2544 1627 2589 auxilium
1636 2580 1647 2602 ‚

240 2626 275 2669 si
303 2635 456 2688 postea
478 2626 608 2685 velit,
632 2639 837 2673 senatum
863 2629 1222 2692 imploraturum.

303 2709 363 2752 II.
398 2711 502 2755 Haec
536 2710 757 2772 Scipionis
788 2711 953 2769 oratio,
985 2711 1107 2773 quod
1140 2720 1317 2756 senatus
1345 2711 1391 2755 in
1415 2710 1540 2756 Urbe
1568 2708 1648 2753 ha-

434 2807 481 2835 11.
1440 2810 1456 2838 1
