1972 3356
528 224 596 260 DE
625 224 787 259 BELLO
820 224 955 259 ALEX
963 224 1159 260 ANDRIN
1167 223 1212 259 O.
1485 234 1529 257 20
1537 236 1555 268 7

166 319 602 365 commemorassent,
635 307 826 352 officium
859 306 1008 351 utilius
1036 307 1252 352 Pharnaci
1288 306 1444 363 fuisse,
1481 309 1555 369 qui

165 390 452 450 providisset,
483 406 537 433 ne
561 389 829 445 vinceretur,
857 405 988 449 quam
1012 389 1114 442 sibi,
1140 389 1211 433 cui
1239 388 1298 433 dii
1326 390 1554 434 immorta-

167 470 224 515 les
251 472 478 515 victoriam
500 470 768 514 tribuissent.
797 471 951 530 Itaque
971 485 1016 513 se
1040 485 1221 530 magnas
1245 480 1287 514 et
1311 487 1465 532 graves
1493 471 1556 515 in-

161 553 301 613 jurias
327 553 490 597 civium
511 567 816 607 romanorum,
833 550 908 610 qui
933 551 978 593 in
998 551 1140 593 Ponto
1164 552 1376 612 negotiati
1390 562 1555 608 essent,

167 635 374 695 quoniam
410 634 453 676 in
481 633 701 693 integrum
727 631 959 675 restituere
989 648 1078 675 non
1116 642 1282 692 posset,
1314 634 1556 678 concedere

165 715 377 760 Pharnaci
401 731 408 757 :
431 730 533 757 nam
559 729 701 773 neque
730 711 967 756 interfectis
991 713 1192 757 amissam
1223 713 1354 757 vitam
1371 748 1383 771 ,
1414 731 1555 776 neque

165 796 344 840 exsectis
375 793 625 838 virilitatem
652 794 884 837 restituere
914 810 1066 854 posse3
1099 794 1220 854 quod
1245 794 1422 855 quidem
1452 813 1554 858 sup-

163 877 339 938 plicium
355 877 530 937 gravius
545 885 687 920 morte
703 877 819 920 cives
839 877 1012 920 romani
1038 876 1268 921 subissent.
1288 879 1431 921 Ponto
1451 894 1555 922 vero

161 956 388 1001 decederet
415 956 668 1014 confestim,
696 956 970 1018 familiasque
997 957 1338 1019 publicanorum
1363 960 1557 1004 remitte-

159 1047 250 1094 ret,
266 1048 498 1099 ceteraque
511 1040 762 1083 restitueret
786 1039 914 1083 sociis
941 1039 1198 1100 civibusque
1223 1041 1437 1094 romanis,
1459 1058 1555 1102 quae

158 1136 291 1180 penes
319 1135 418 1164 eum
440 1129 595 1164 essent.
615 1120 658 1164 Si
678 1119 867 1173 fecisset,
891 1121 981 1182 jam
1007 1130 1112 1164 tunc
1132 1121 1212 1164 sibi
1238 1121 1434 1166 mitteret
1457 1139 1555 1166 mu-

158 1216 264 1244 nera
292 1217 342 1244 ac
372 1200 515 1258 dona,
541 1217 666 1262 quae,
700 1201 812 1244 bene
837 1201 969 1245 rebus
998 1202 1156 1263 gestis,
1184 1202 1472 1262 imperatores
1499 1204 1554 1248 ab

160 1282 309 1325 amicis
330 1283 529 1343 accipere
554 1292 836 1326 consuessent
866 1299 875 1326 :
907 1303 925 1324 n
955 1283 1133 1327 miserat
1163 1284 1279 1327 enim
1305 1284 1553 1330 Pharnaces

158 1378 369 1407 coronam
403 1380 598 1408 auream.
638 1364 716 1408 His
751 1364 969 1425 responsis
1008 1363 1141 1420 datis,
1169 1363 1335 1426 legatos
1368 1367 1551 1411 remisit.

220 1445 382 1488 LXXI.
424 1447 482 1489 At
518 1445 790 1502 Pharnaces,
835 1445 984 1489 omnia
1033 1443 1271 1489 liberaliter
1311 1445 1554 1507 pollicitUS,

154 1540 289 1585 quum
315 1525 593 1570 festinantem
621 1542 670 1569 ac
696 1536 1010 1588 properantem
1036 1527 1253 1570 Caesarem
1282 1538 1477 1588 speraret
1501 1528 1554 1572 li-

153 1603 330 1650 bentius
348 1607 479 1650 etiam
503 1606 777 1651 crediturum
794 1607 884 1650 suis
908 1607 1156 1668 promissis,
1179 1624 1313 1668 quam
1343 1625 1412 1653 res
1431 1619 1555 1670 pate-

154 1695 273 1730 retur
292 1721 303 1743 ,
331 1704 420 1748 quo
449 1686 634 1732 celerius
663 1688 980 1748 honestiusque
1008 1687 1062 1732 ad
1093 1705 1161 1732 res
1192 1689 1329 1750 magis
1357 1707 1554 1736 necessa-

152 1768 238 1812 rias
270 1767 624 1829 proficisceretur
653 1769 843 1830 (nemini
879 1769 995 1812 enim
1035 1779 1126 1813 erat
1153 1770 1386 1830 ignotum,
1411 1770 1553 1832 pluri-

154 1850 236 1893 mis
251 1848 304 1893 de
316 1850 457 1893 causis
473 1849 528 1893 ad
543 1849 712 1893 Urbem
735 1851 954 1894 Caesarem
964 1849 1183 1912 revocari)
1197 1885 1208 1906 ,
1224 1849 1386 1895 lentius
1404 1869 1552 1914 agere,

153 1928 392 1974 decedendi
417 1929 533 1974 diem
562 1929 784 1991 postulare
813 1929 1082 1992 longiorem,
1107 1931 1332 1992 pactiones
1359 1932 1553 1995 interpo-

153 2027 276 2063 nere,
302 2012 348 2055 in
376 2029 568 2066 summa,
595 2011 799 2056 frustrari
823 2012 965 2073 coepit.
992 2013 1161 2070 Caesar,
1189 2014 1366 2074 cognita
1386 2013 1555 2058 callidi-

155 2101 243 2136 tate
267 2092 481 2150 hominis,
513 2092 630 2154 quod
664 2092 760 2138 aliis
794 2094 1066 2154 temporibus
1094 2104 1251 2138 natura
1279 2094 1423 2139 facere
1449 2113 1554 2140 con-

151 2182 375 2230 sueverat,
402 2182 508 2218 tunc
547 2174 811 2218 necessitate
852 2174 953 2218 fecit
998 2174 1234 2229 adductus,
1281 2186 1330 2220 ut
1370 2175 1552 2222 celerius

154 2255 351 2299 omnium
375 2256 584 2316 opinione
605 2272 786 2299 manum
816 2266 1083 2301 consereret.

215 2337 400 2380 LXXII.
438 2335 540 2381 Zela
572 2347 636 2381 est
658 2336 870 2398 oppidum
908 2338 953 2381 in
979 2340 1148 2395 Ponto,
1183 2340 1328 2400 positu
1361 2341 1475 2401 ipso,
1507 2350 1555 2384 ut

150 2416 195 2459 in
226 2415 358 2477 plano
386 2415 507 2474 loco,
536 2419 638 2463 satis
662 2420 883 2463 munitum
911 2437 920 2463 :
948 2419 1145 2464 tumulus
1174 2421 1291 2464 enim
1318 2421 1554 2478 naturalis,

150 2494 271 2541 velut
307 2514 440 2542 manu
475 2498 640 2555 factus,
675 2499 910 2545 excelsiore
938 2501 1136 2562 undique
1162 2500 1337 2563 fastigio
1368 2502 1553 2546 sustinet

151 2593 341 2624 murum.
359 2580 676 2642 Circumpositi
695 2591 797 2626 sunt
817 2582 921 2627 huic
947 2581 1113 2644 oppido
1133 2584 1280 2644 magni
1311 2582 1526 2644 multique
1540 2618 1550 2636 ‚

152 2658 341 2703 intercisi
371 2659 577 2719 vallibus,
608 2660 738 2706 colles
765 2680 774 2707 :
804 2680 992 2724 quorum
1023 2662 1290 2708 editissimus
1317 2681 1454 2721 unus,
1473 2665 1550 2725 qui
