1972 3356
601 232 669 266 DE
699 230 859 265 BELLO
889 228 1166 265 AFRICANO.
1513 237 1559 259 ἠ
1567 224 1586 259 3

179 319 292 372 rati,
319 317 377 361 ita
402 317 466 361 uti
491 326 618 360 erant
644 315 872 365 instructi,
897 313 1055 357 leniter
1081 327 1125 356 se
1153 310 1207 355 ad
1234 327 1333 355 suas
1362 310 1585 371 recipiunt

182 399 450 443 munitiones
476 415 486 442 ε
517 398 709 457 itemque
734 394 1002 446 adversarii,
1030 392 1144 437 male
1172 392 1368 453 accepti,
1400 402 1496 437 tum
1521 391 1590 434 de-

182 498 302 525 mum
328 497 372 524 se
396 479 451 523 ad
477 495 554 523 sua
580 476 783 539 praesidia
809 475 1109 520 contulerunt.

246 564 369 608 XIX.
395 560 576 605 Interim
593 595 604 614 ,
627 575 677 602 ea
696 575 742 602 re
761 567 906 618 gesta,
927 567 970 600 et
990 555 1147 618 proelio
1166 555 1392 617 dirempto
1410 590 1420 612 ,
1442 573 1495 600 ex
1513 554 1589 599 ad-

182 644 385 689 versariis
415 641 610 702 perfugae
637 638 786 701 plures
826 655 877 681 ex
916 639 1036 682 omni
1064 637 1295 681 hominum
1326 654 1487 698 genere
1506 673 1517 694 ,
1547 648 1590 682 et

184 735 393 786 praeterea
423 722 656 783 intercepti
683 720 878 764 hostium
917 718 1168 780 complures
1196 719 1366 779 equites
1395 719 1586 780 pedites-

183 822 266 867 que
292 822 301 848 :
328 821 378 847 ex
419 803 580 864 quibus
617 802 842 864 cognitum
879 810 943 844 est
978 800 1176 844 hostium
1214 798 1478 855 consilium,
1514 816 1587 844 eos

182 886 263 929 hac
289 894 436 928 mente
472 893 514 928 et
540 892 705 928 conatu
732 883 933 939 venisse,
962 882 1026 926 uti
1059 898 1177 926 novo
1214 891 1347 943 atque
1378 882 1592 926 inusitato

181 981 340 1027 genere
381 965 522 1028 proelii
565 966 730 1009 tirones
775 963 1096 1026 legionariique
1136 964 1266 1025 pauci
1308 963 1556 1024 perturbati
1580 999 1591 1015 ,

179 1048 387 1091 Curionis
410 1045 640 1108 exemplo,
667 1047 720 1090 ab
744 1047 941 1107 equitatu
967 1046 1257 1090 circumventi
1283 1046 1590 1107 opprimeren-

180 1137 254 1172 tur
274 1146 282 1172 :
306 1138 349 1173 et
370 1129 430 1173 ita
452 1129 699 1173 Labienum
718 1128 878 1172 dixisse
900 1144 982 1189 pro
1001 1128 1245 1185 concione,
1267 1147 1287 1169 «
1307 1137 1475 1172 tantam
1500 1144 1593 1172 sese

182 1209 515 1255 multitudinem
539 1209 808 1255 auxiliorum
831 1208 1094 1254 adversariis
1119 1209 1589 1263 subministraturum,

180 1302 229 1336 ut
254 1293 386 1337 etiam
412 1292 620 1337 caedendo
644 1294 687 1337 in
711 1293 803 1355 ipsa
827 1293 1013 1337 victoria
1029 1291 1254 1353 defatigati
1275 1292 1562 1336 vincerentur
1579 1326 1591 1346 ,

181 1383 314 1435 atque
341 1391 364 1419 a
391 1376 480 1419 suis
508 1385 825 1437 superarentur
847 1391 857 1430 3
883 1394 903 1415 n
929 1374 1096 1436 quippe
1123 1374 1200 1434 qui
1227 1373 1271 1416 in
1298 1372 1476 1417 illorum
1505 1372 1588 1416 sibi

180 1455 423 1500 confideret
449 1456 737 1501 multitudine
761 1474 769 1500 :
796 1457 1016 1518 primum,
1041 1455 1162 1516 quod
1186 1455 1409 1512 audierat,
1434 1457 1592 1499 Romae

180 1535 377 1598 legiones
418 1548 646 1582 veteranas
681 1537 939 1595 dissentire,
979 1553 1122 1598 neque
1162 1537 1208 1580 in
1244 1535 1440 1581 Africam
1479 1535 1590 1581 velle

179 1620 392 1675 transire;
434 1618 621 1677 deinde,
647 1619 769 1681 quod
794 1619 986 1665 triennio
1024 1619 1070 1663 in
1107 1617 1256 1664 Africa
1293 1635 1396 1663 suos
1432 1618 1595 1663 milites

178 1700 503 1746 consuetudine
520 1711 742 1759 retentos,
761 1700 909 1746 fideles
923 1702 1014 1762 jam
1033 1700 1115 1745 sibi
1134 1700 1351 1745 effecisset
1368 1734 1378 1756 ,
1401 1701 1594 1745 maxima

179 1792 327 1827 autem
351 1782 515 1828 auxilia
539 1783 724 1827 haberet
738 1781 1036 1827 Numidarum
1063 1782 1265 1842 equitum
1297 1780 1493 1842 levisque
1525 1799 1596 1826 ar-

180 1874 378 1909 maturae.
406 1866 622 1909 Praeterea
647 1880 699 1908 ex
726 1863 828 1925 fuga
855 1861 1100 1925 proelioque
1124 1863 1397 1923 Pompeiano
1427 1863 1592 1907 Labie-

182 1962 293 2003 nus,
320 1963 431 2007 quos
470 1963 618 1991 secum
646 1963 670 1990 a
703 1944 941 1990 Brundisio
981 1954 1387 2006 transportaverat,
1419 1945 1592 2006 equites

182 2029 431 2073 Germanos
455 2026 722 2089 Gallosque,
747 2027 896 2088 ibique
922 2037 1071 2089 postea
1093 2043 1145 2070 ex
1164 2025 1352 2070 hibridis
1374 2024 1593 2072 libertinis

181 2109 406 2171 servisque
444 2110 788 2171 conscripserat,
831 2118 1106 2167 armaverat,
1151 2125 1356 2171 equoque
1396 2109 1460 2154 uti
1503 2109 1594 2153 fre-

183 2201 288 2236 nato
326 2190 642 2236 condocuerat.
681 2194 900 2237 Praeterea
941 2192 1062 2254 regia
1105 2190 1296 2246 auxilia,
1339 2189 1593 2253 elephantes

182 2288 297 2327 cxx,
324 2275 636 2335 equitatusque
660 2271 998 2318 innumerabilis
1027 2291 1036 2317 :
1064 2272 1223 2318 deinde
1248 2271 1469 2335 legiones,
1496 2290 1596 2318 con-

183 2356 359 2418 scriptae
382 2373 437 2401 ex
463 2355 799 2418 cujusquemodi
821 2373 1004 2419 genere,
1021 2354 1210 2418 amplius
1235 2355 1485 2401 duodecim.
1501 2359 1596 2401 Hac

183 2454 260 2500 spe
287 2448 420 2500 atque
456 2438 639 2483 audacia
674 2438 973 2484 inflammatus
1010 2438 1261 2494 Labienus,
1295 2456 1398 2483 cum
1433 2439 1595 2500 equiti-

184 2518 267 2564 bus
306 2518 447 2564 Gallis
487 2521 815 2581 Germanisque
857 2537 976 2576 MDc,
1018 2519 1318 2565 Numidarum
1362 2521 1455 2564 sine
1509 2519 1596 2564 fre-

186 2600 253 2645 nis
285 2617 370 2646 v111
405 2600 626 2658 millibus,
653 2612 887 2663 praeterea,
911 2602 1146 2647 Petreiano
1177 2601 1342 2646 auxilio
1368 2602 1595 2657 adhibito,

187 2683 408 2743 equitibus
433 2700 526 2732 MC,
555 2683 751 2744 peditum
782 2701 832 2729 ac
858 2684 966 2729 levis
993 2693 1231 2730 armaturae
1255 2693 1414 2746 quater
1441 2694 1594 2741 tanto,
