1972 3356
522 173 587 208 DE
618 173 779 209 BELLO
811 174 1026 209 GALLICO
1056 175 1147 209 LIB.
1174 175 1231 210 ΙΙ.
1523 180 1569 222 45

167 273 275 318 pora
295 256 488 318 reliquos
505 257 795 302 audacissime
819 258 1005 303 transire
1028 267 1261 313 conantes,
1285 256 1571 301 multitudine

169 337 358 382 telorum
390 338 678 399 repulerunt3
711 340 905 400 primos,
943 340 1018 400 qui
1052 339 1335 395 transierant,
1369 339 1569 400 equitatu

167 420 495 464 circumventos
512 419 843 464 interfecerunt.
860 423 1037 475 Hostes,
1057 420 1131 464 ubi
1147 430 1190 464 et
1206 419 1260 464 de
1275 419 1571 481 expugnando

168 499 354 561 oppido,
376 510 417 544 et
443 499 495 543 de
516 499 699 544 flumine
717 499 988 544 transeundo
1012 516 1133 561 spem
1157 517 1202 544 se
1226 499 1427 545 fefellisse
1447 500 1573 544 iutel-

168 579 390 635 lexerunt,
425 596 569 640 neque
597 590 774 624 nostros
813 581 858 624 in
884 578 1031 624 locum
1066 580 1332 641 iniquiorem
1364 581 1572 644 progredi

168 659 396 722 pugnandi
417 677 548 704 causa
563 660 794 717 viderunt,
814 671 945 722 atque
966 662 1084 722 ipsos
1103 678 1170 705 res
1191 661 1481 706 frumentaria
1498 662 1573 707 de-

168 742 296 788 ficere
315 743 470 803 coepit,
490 741 678 787 concilio
692 754 960 800 convocato,
981 744 1328 799 constituerunt,
1353 744 1572 804 optimum

167 841 257 870 esse
272 860 284 881 ,
299 824 482 869 domum
500 841 623 869 suam
644 842 866 887 quemque
889 826 1077 879 reverti;
1103 834 1171 881 ut,
1188 841 1380 886 quorum
1400 825 1445 869 in
1465 824 1574 870 fines

168 906 360 967 primum
380 906 574 950 Romani
596 907 840 951 exercitum
862 905 1235 962 introduxissent,
1261 905 1316 950 ad
1332 922 1407 950 eos
1429 905 1576 951 defen-

168 986 336 1032 dendos
358 986 557 1049 undique
579 988 897 1044 convenirent3
921 997 962 1032 et
986 989 1135 1049 potius
1161 988 1204 1031 in
1228 987 1318 1031 suis
1333 1022 1346 1043 ,
1371 1003 1505 1048 quam
1531 988 1572 1031 in

167 1068 319 1114 alienis
342 1068 524 1125 finibus,
549 1068 852 1125 decertarent,
874 1078 917 1114 et
947 1068 1200 1114 domesticis
1232 1068 1369 1129 copiis
1396 1068 1458 1114 rei
1484 1068 1577 1112 fru-

169 1151 395 1195 mentariae
428 1160 672 1195 uterentur.
716 1150 783 1195 Ad
821 1167 914 1195 eam
960 1151 1226 1195 sententiam
1264 1166 1367 1194 eum
1397 1148 1577 1211 reliquis

168 1232 309 1276 causis
336 1231 430 1276 haec
458 1248 636 1292 quoque
667 1232 780 1275 ratio
809 1247 884 1275 eos
911 1230 1118 1287 deduxit,
1153 1230 1274 1292 quod
1303 1231 1576 1275 Divitiacum

170 1322 302 1373 atque
321 1311 486 1357 AEduos
506 1311 667 1356 finibus
685 1310 1021 1356 Bellovacorum
1037 1312 1399 1372 appropinquare
1414 1328 1578 1374 cogno-

172 1403 337 1437 verant.
362 1393 440 1437 His
459 1391 737 1453 persuaderi,
759 1401 805 1435 ut
823 1391 990 1435 diutius
1007 1401 1305 1445 morarentur,
1326 1408 1470 1453 neque
1488 1394 1577 1436 suis

170 1473 383 1518 auxilium
409 1473 597 1528 ferrent,
622 1489 711 1518 non
737 1482 923 1534 poterat.

233 1556 313 1600 XI.
349 1557 413 1599 Ea
451 1571 497 1599 re
541 1556 804 1613 constituta,
845 1555 1038 1600 secunda
1075 1555 1226 1618 vigilia
1268 1573 1432 1618 magno
1475 1573 1578 1601 cum

172 1636 359 1698 strepitu
386 1653 436 1680 ac
466 1635 664 1680 tumultu
694 1637 850 1681 castris
879 1638 1070 1699 egressi,
1098 1635 1224 1681 nullo
1253 1647 1374 1682 certo
1398 1637 1578 1695 ordine,

172 1733 315 1778 neque
343 1717 553 1778 imperio,
584 1733 722 1777 quum
750 1716 832 1761 sibi
860 1718 1047 1779 quisque
1078 1718 1273 1779 primum
1304 1718 1476 1763 itineris
1513 1717 1579 1764 lo·

172 1815 275 1843 cum
305 1807 496 1860 peteret,
518 1807 560 1841 et
586 1796 766 1842 domum
793 1799 1024 1859 pervenire
1051 1809 1333 1860 properaret,
1356 1799 1579 1855 fecerunt,

171 1890 222 1925 ut
244 1877 484 1925 consimilis
508 1878 622 1940 fugae
640 1878 856 1939 profectio
877 1879 1114 1923 videretur.
1142 1885 1233 1925 Hac
1254 1897 1300 1923 re
1325 1881 1473 1925 statim
1489 1883 1582 1926 Cae-

172 1977 243 2005 sar
266 1977 345 2021 per
363 1958 662 2021 speculatores
688 1960 888 2021 cognita,
914 1959 1094 2004 insidias
1120 1960 1309 2017 veritus,
1329 1961 1471 2021 quod,
1494 1978 1581 2023 qua

173 2041 227 2086 de
268 2057 399 2086 causa
435 2038 714 2084 discederent
753 2039 952 2084 nondum
994 2049 1300 2102 perspexerat,
1340 2042 1581 2086 exercitum

174 2123 510 2183 equitatumque
541 2121 695 2166 castris
726 2122 962 2166 continuit.
993 2122 1140 2165 Prima
1173 2119 1296 2177 luce,
1321 2121 1583 2167 confirmata

173 2220 221 2247 re
238 2203 292 2247 ab
313 2201 692 2264 exploratoribus,
710 2219 888 2247 omnem
904 2203 1152 2263 equitatum
1169 2238 1180 2259 ,
1197 2203 1273 2264 qui
1290 2203 1582 2247 novissimum

175 2300 334 2346 agmen
354 2294 623 2341 moraretur,
638 2284 862 2346 praemisit.
886 2284 966 2328 His
983 2285 1039 2342 Q.
1061 2283 1249 2328 Pedium
1270 2294 1313 2328 et
1333 2286 1382 2328 L.
1406 2286 1584 2329 Aurun-

174 2364 368 2410 culeium
397 2366 577 2410 Cottam
604 2364 768 2427 legatos
795 2364 1005 2427 praefecit.
1033 2366 1084 2409 T.
1110 2364 1357 2409 Labienum
1387 2364 1581 2427 legatum

175 2463 278 2492 cum
315 2446 563 2508 legionibus
598 2447 738 2493 tribus
771 2447 979 2508 subsequi
1017 2447 1159 2508 jussit.
1196 2446 1281 2500 Hi,
1321 2446 1581 2491 novissimos

178 2528 340 2586 adorti,
365 2537 406 2573 et
425 2527 566 2572 multa
588 2526 726 2572 millia
749 2544 959 2589 passuum
981 2528 1223 2590 prosecuti,
1244 2544 1449 2589 magnam
1469 2526 1584 2572 mul-

181 2610 415 2655 titudinem
447 2626 601 2654 eorum
636 2608 900 2671 fugientium
931 2608 1250 2665 conciderunt,
1278 2624 1417 2669 quum
1437 2608 1492 2652 ab
1515 2625 1583 2653 ex-

1405 2683 1422 2698 t
