1972 3356
453 224 518 259 DE
550 224 705 259 BELLO
735 224 949 260 GALLICO
978 225 1067 260 LIB.
1096 226 1160 260 VI.
1438 222 1506 265 157

110 318 278 367 torum,
310 327 406 371 quae
446 311 490 353 in
528 310 680 354 castris
715 309 987 365 subsederat,
1025 309 1139 353 facta
1171 318 1410 370 potestate,
1446 325 1510 352 se-

108 390 272 449 quitur.

172 474 402 516 XXXVII.
434 475 530 516 Hoc
552 474 646 533 ipso
671 482 866 532 tempore
887 488 990 515 casu
1016 473 1227 515 Germani
1249 472 1418 531 equites
1441 471 1507 514 in-

108 553 380 609 terveniunt,
406 554 697 614 protinusque
721 551 875 595 eodem
902 549 977 594 illo
1004 568 1091 611 quo
1115 562 1350 607 venerant,
1375 568 1506 595 cursu

109 633 162 676 ab
186 635 444 677 Decumana
469 642 594 693 porta
626 633 670 675 in
699 641 840 675 castra
872 632 1119 691 irrumpere
1146 641 1364 675 conantur
1389 650 1397 674 :
1425 648 1507 675 nec

111 715 229 774 prius
252 723 355 756 sunt
378 714 478 769 visi,
505 713 687 774 objectis
719 713 772 755 ab
804 728 851 755 ea
878 722 1002 772 parte
1026 711 1169 767 silvis,
1196 729 1329 772 quam
1353 714 1508 756 castris

108 795 543 856 appropinquarent,
572 810 711 854 usque
738 810 811 846 eo,
835 802 904 849 ut,
930 793 1005 853 qui
1030 792 1109 836 sub
1138 791 1254 836 vallo
1275 792 1507 837 tenderent

109 885 395 931 mercatores,
421 874 666 936 recipiendi
685 875 750 917 sui
770 872 1025 918 facultatem
1048 890 1134 917 non
1161 874 1389 918 haberent.
1411 875 1524 924 Ino<

109 957 311 1018 pinantes
335 957 475 1000 nostri
496 972 541 999 re
558 972 671 999 nova
694 954 1015 1016 perturbantur
1028 989 1039 1011 ,
1058 971 1107 998 ac
1127 956 1197 998 vix
1216 956 1410 1016 primum
1431 956 1509 998 im-

108 1046 260 1098 petum
284 1037 442 1081 cohors
466 1037 510 1080 in
529 1037 718 1081 statione
740 1036 940 1080 sustinet.
959 1035 1393 1080 Circumfunduntur
1410 1036 1510 1080 hos-

109 1130 171 1163 tes
201 1136 253 1162 ex
288 1117 470 1179 reliquis
502 1119 724 1179 partibus,
757 1117 791 1161 si
823 1134 956 1178 quem
985 1117 1154 1162 aditum
1187 1119 1380 1179 reperire
1407 1135 1503 1180 pos-

107 1208 216 1242 sent.
244 1200 374 1259 AEgre
404 1199 542 1242 nostri
574 1207 722 1259 portas
753 1207 959 1252 tuentur,
989 1197 1182 1259 reliquos
1209 1198 1352 1243 aditus
1387 1198 1510 1243 locus

108 1280 200 1339 ipse
218 1296 296 1340 per
321 1296 364 1322 se
393 1280 671 1340 munitioque
690 1278 897 1322 defendit.
917 1279 1040 1322 Totis
1066 1279 1314 1340 trepidatur
1329 1281 1482 1324 castris
1496 1315 1507 1336 ,

108 1369 241 1420 atque
269 1359 379 1403 alius
404 1377 454 1404 ex
485 1359 569 1404 alio
593 1376 772 1403 causam
796 1358 1013 1403 tumultus
1038 1361 1194 1420 quaerit
1219 1378 1227 1404 :
1252 1377 1394 1421 neque
1420 1378 1509 1422 quo

107 1442 232 1503 signa
265 1441 486 1498 ferantur,
524 1458 666 1502 neque
696 1458 829 1502 quain
861 1442 904 1484 in
934 1451 1104 1502 partem
1137 1442 1322 1502 quisque
1350 1459 1509 1486 conve-

105 1524 196 1565 niat
212 1557 223 1577 ,
247 1522 496 1583 provident.
517 1522 643 1567 Alius
668 1523 898 1584 captajam
919 1532 1060 1566 castra
1076 1524 1357 1583 pronuntiat3
1379 1523 1508 1580 alius,

105 1602 249 1647 deleto
281 1605 476 1648 exercitu
507 1614 639 1665 atque
664 1605 953 1665 imperatore,
982 1605 1168 1648 victores
1197 1605 1408 1650 barbaros
1436 1622 1509 1650 ve—

105 1685 219 1728 nisse
252 1685 481 1729 contendit
514 1703 522 1729 :
553 1685 754 1747 plerique
789 1702 924 1730 novas
953 1686 1035 1730 sibi
1065 1703 1116 1729 ex
1146 1685 1242 1730 loco
1274 1686 1509 1748 religiones

103 1765 299 1827 fingunt,
325 1768 555 1828 Cottaeque
580 1777 623 1811 et
648 1768 809 1811 Titurii
837 1765 1154 1824 calamitatem,
1182 1768 1257 1828 qui
1284 1768 1327 1811 in
1354 1768 1508 1812 eodem

103 1846 348 1892 occiderint
374 1847 573 1904 castello,
597 1857 697 1892 ante
717 1847 871 1891 oculos
901 1858 1090 1908 ponunt.
1117 1847 1211 1891 Tali
1233 1849 1393 1892 timore
1411 1866 1506 1893 om-

104 1928 234 1971 nibus
276 1929 546 1989 perterritis,
583 1928 874 1972 confirmatur
915 1929 1066 1989 opinio
1108 1928 1303 1972 barbaris
1319 1965 1330 1985 ,
1372 1940 1420 1974 ut
1458 1946 1506 1973 ex

104 2008 280 2068 captivo
318 2008 576 2065 audierant,
611 2007 783 2052 nullum
817 2025 908 2053 esse
947 2010 1065 2052 intus
1100 2009 1367 2069 praesidium.
1402 2012 1509 2055 Per-

104 2105 311 2150 rumpere
326 2091 554 2147 nituntur,
571 2107 703 2151 seque
722 2091 802 2152 ipsi
821 2090 1136 2147 adhortantur,
1158 2108 1212 2134 ne
1230 2100 1396 2135 tantam
1420 2091 1507 2136 for-

104 2179 260 2214 tunam
286 2187 338 2214 ex
365 2172 567 2215 manibus
594 2171 835 2215 dimittant.

167 2253 423 2297 XXXVIII.
459 2256 564 2297 Erat
592 2270 704 2315 aeger
732 2254 777 2296 in
809 2253 1012 2315 praesidio
1042 2253 1224 2298 relictus
1251 2256 1300 2298 P.
1332 2255 1507 2299 Sextius

107 2332 312 2390 Baculus,
335 2335 410 2395 qui
437 2335 630 2395 primum
654 2333 796 2396 pilum
820 2335 876 2378 ad
900 2337 1120 2380 Caesarem
1146 2334 1353 2392 duxerat,
1382 2337 1509 2398 cujus

104 2416 377 2460 mentionem
414 2416 716 2477 superioribus
752 2416 919 2478 proeliis
952 2416 1153 2472 fecimus,
1187 2434 1237 2461 ac
1268 2417 1385 2461 diem
1415 2418 1504 2478 jam

106 2496 311 2555 quintum
337 2497 436 2541 cibo
464 2507 678 2542 caruerat.
706 2498 807 2555 Hic,
833 2498 1004 2543 diffisus
1029 2516 1116 2543 suae
1146 2509 1279 2560 atque
1307 2499 1507 2543 omnium

105 2576 255 2635 saluti,
288 2579 471 2623 inermis
503 2595 554 2623 ex
589 2579 876 2624 tabernaculo
907 2580 1056 2641 prodit
1086 2598 1094 2623 ε
1125 2579 1245 2624 videt
1278 2580 1510 2624 imminere

108 2657 272 2717 hostes,
294 2670 425 2722 atque
450 2661 493 2704 in
518 2678 692 2705 summo
715 2678 807 2705 esse
829 2678 922 2705 rem
944 2662 1194 2706 discrimine
1216 2679 1225 2704 ε
1248 2661 1364 2722 capit
1387 2677 1509 2705 arma
