1972 3356
473 258 540 292 DE
571 258 730 293 BELLO
758 258 972 293 GALLICO
1003 257 1094 292 LIB.
1121 256 1222 290 VIII.
1484 258 1557 302 249

155 341 349 400 primum
382 341 500 384 enim
537 341 743 384 veniebat
776 341 830 384 ab
873 339 947 384 illo
986 341 1200 384 universae
1236 336 1392 383 Galliae
1427 335 1556 380 bello.

154 420 276 464 Nihil
308 421 641 482 relinquebatur
667 421 787 481 quod
812 421 867 464 ad
893 430 1103 464 ornatum
1136 430 1392 482 portarum,
1430 419 1560 463 itine-

155 519 280 558 rum,
309 501 511 546 locorum
534 503 736 546 omnium
773 518 861 562 qua
896 502 1043 544 Caesar
1066 501 1208 545 iturus
1238 511 1356 556 erat,
1385 500 1560 562 excogi—

156 584 239 627 tari
265 592 425 645 posset.
454 584 569 627 Cum
599 581 748 626 liberis
772 582 916 626 omnis
942 580 1185 625 multitudo
1207 581 1385 625 obviam
1410 598 1562 643 proce-

156 665 304 719 debat3
322 664 475 708 hostiae
494 663 702 707 omnibus
722 661 829 706 locis
846 661 1214 717 immolabantur3
1230 661 1436 705 tricliniis
1452 672 1562 706 stra-

155 747 210 790 tis
239 745 331 789 fora
361 743 616 806 templaque
643 743 998 806 occupabantur,
1024 753 1074 787 ut
1100 741 1169 785 vel
1196 743 1561 804 exspectatissimi

157 826 371 888 triumphi
393 825 543 870 laetitia
565 826 745 887 praecipi
771 834 930 886 posset.
950 826 1093 868 Tanta
1114 833 1211 867 erat
1233 822 1562 885 magnificentia

155 907 270 969 apud
299 906 622 969 opulentiores,
648 906 866 969 cupiditas
890 906 1010 968 apud
1034 902 1319 950 humiliores!

218 991 315 1033 LII.
340 989 493 1046 Quum
514 1005 669 1032 omnes
690 989 893 1051 regiones
914 986 1074 1032 Galliae
1098 989 1277 1049 Togatae
1296 988 1444 1031 Caesar
1462 1003 1562 1048 per-

154 1071 440 1127 cucurrisset,
469 1087 642 1114 summa
666 1086 768 1114 cum
795 1068 1020 1114 celeritate
1047 1068 1102 1112 ad
1131 1069 1374 1112 exercitum
1399 1068 1562 1113 Neme-

156 1162 389 1196 tocennam
413 1151 564 1207 rediit,
596 1150 933 1212 legionibusque
963 1167 1016 1193 ex
1045 1149 1255 1193 omnibus
1281 1149 1478 1193 hibernis
1507 1148 1563 1192 ad

155 1233 262 1276 fines
285 1234 575 1277 Trevirorum
599 1232 811 1287 evocatis,
836 1248 888 1275 eo
915 1230 1140 1292 profectus
1163 1240 1254 1287 est,
1273 1230 1425 1291 ibique
1440 1246 1562 1284 exer-

155 1316 291 1359 citum
327 1313 543 1359 lustravit.
579 1316 628 1358 T.
659 1314 906 1358 Labienum
935 1311 1093 1357 Galliae
1130 1314 1310 1374 Togatae
1341 1311 1561 1374 praefecit,

155 1414 243 1458 quo
271 1398 438 1457 majore
461 1395 846 1440 commendatione
873 1392 1188 1438 conciliaretur
1220 1393 1275 1437 ad
1306 1392 1562 1437 consulatus

156 1478 427 1540 petitionem.
455 1479 554 1539 Ipse
581 1486 757 1520 tantum
782 1475 994 1519 itinerum
1023 1474 1229 1531 faciebat,
1258 1484 1475 1534 quantum
1498 1491 1562 1518 sa—

156 1559 210 1602 tis
237 1574 329 1602 esse
356 1558 411 1602 ad
438 1558 733 1601 mutationem
759 1556 989 1612 locorum,
1014 1564 1197 1618 propter
1227 1553 1533 1600 salubritatem
1550 1591 1560 1611 ,

155 1639 444 1684 existimabat.
485 1639 552 1683 Ibi
583 1655 842 1700 quanquam
871 1638 1028 1682 crebro
1063 1637 1273 1682 audiebat
1310 1638 1560 1681 Labienum

154 1721 206 1765 ab
234 1721 422 1765 inimicis
452 1721 542 1764 suis
569 1718 814 1775 sollicitari,
844 1720 1097 1780 certiorque
1126 1718 1258 1763 fiebat
1281 1718 1325 1763 id
1350 1720 1420 1781 agi
1451 1736 1560 1781 pau-

154 1819 306 1847 corum
335 1801 547 1857 consiliis,
577 1811 649 1857 ut,
678 1802 939 1863 interposita
965 1810 1143 1845 senatus
1172 1801 1459 1858 auctoritate,
1485 1800 1562 1845 ali-

155 1900 241 1944 qua
260 1893 385 1944 parte
401 1883 617 1926 exercitus
634 1879 920 1942 spoliaretur,
944 1891 1092 1925 tamen
1118 1897 1262 1941 neque
1283 1881 1335 1925 de
1360 1882 1560 1926 Labieno

157 1964 342 2008 credidit
369 1963 634 2024 quidquam,
664 1979 806 2023 neque
845 1972 1003 2006 contra
1033 1972 1211 2006 senatus
1247 1963 1560 2007 auctoritatem

157 2056 205 2090 ut
228 2044 397 2106 aliquid
416 2044 580 2088 faceret
615 2043 761 2105 potuit
796 2042 981 2087 adduci:
1005 2043 1235 2105 judicabat
1265 2044 1383 2087 enim
1412 2042 1561 2088 liberis

158 2126 386 2171 sententiis
410 2135 588 2186 patrum
609 2125 966 2186 conscriptorum
996 2141 1172 2168 causam
1203 2123 1329 2168 facile
1353 2125 1556 2169 obtineri.

158 2209 275 2253 Nam
303 2208 353 2251 C.
384 2206 541 2262 Curio,
571 2206 777 2250 tribunus
809 2204 970 2266 plebis,
1004 2223 1142 2266 quum
1173 2206 1357 2251 Caesaris
1386 2223 1560 2251 causan:

156 2288 509 2350 dignitatemque
529 2286 851 2331 defendendam
875 2288 1156 2349 suscepisset,
1181 2304 1293 2348 saepe
1318 2298 1412 2332 erat
1442 2305 1562 2333 sena·

161 2370 224 2413 tui
247 2368 497 2430 pollicitus,
529 2369 716 2429 siquem
744 2369 877 2413 timor
904 2385 1130 2413 armorum
1153 2370 1336 2413 Caesaris
1365 2369 1559 2427 laederet,

157 2460 200 2494 et
238 2450 451 2510 quoniam
481 2450 683 2510 Pompeii
718 2449 963 2495 dominatio
994 2461 1126 2511 atque
1159 2468 1282 2494 arma
1313 2467 1405 2494 non
1451 2452 1558 2494 mini

161 2549 280 2575 mum
319 2541 534 2574 terrorem
578 2530 674 2575 foro
721 2531 952 2589 inferrent,
995 2532 1241 2577 discederet
1284 2542 1472 2594 uterque
1506 2534 1559 2577 ab

160 2615 310 2669 armis,
339 2613 647 2673 exercitusque
675 2612 938 2667 dimitteretz,
964 2614 1057 2658 fore
1085 2632 1136 2658 eo
1162 2614 1279 2658 facto
1307 2613 1488 2658 liberam
1520 2625 1559 2659 et

163 2694 226 2736 sui
245 2694 356 2754 juris
376 2695 615 2737 civitatem.
644 2696 801 2754 Neque
822 2695 906 2738 hoc
929 2706 1101 2740 tantum
1124 2695 1346 2757 pollicitus
1371 2706 1455 2752 cst,
1486 2697 1560 2741 scd
