1972 3356
315 278 384 314 182
522 279 561 313 C.
592 278 718 313 JULII
749 276 967 313 CAESARIS
998 277 1492 314 COMMENTARIORUM

309 371 441 422 atque
477 360 531 404 ad
560 377 682 404 arma
709 360 1018 415 descenderet,
1048 370 1181 420 atque
1211 377 1261 404 ea
1289 377 1410 421 pars,
1439 377 1535 421 quae
1565 362 1711 406 minus

310 443 391 486 sibi
414 440 676 495 confideret,
700 440 862 485 auxilia
884 458 908 485 a
931 441 1296 503 Vercingetorige
1321 450 1584 497 arcesseret,
1608 441 1712 485 huic

308 523 371 566 rei
413 521 766 582 praevertendum
803 522 1090 577 existimavit3
1126 532 1170 566 et
1196 522 1315 582 quod
1350 521 1520 584 legibus
1552 521 1716 566 AEduo-

308 618 408 646 rum
430 602 503 658 iis,
525 603 601 663 qui
621 619 844 647 summum
867 604 1174 664 magistratum
1200 603 1477 659 obtinerent,
1505 602 1715 647 excedere

310 699 361 726 ex
386 682 546 727 finibus
569 700 660 728 non
685 683 858 739 liceret,
881 701 936 728 ne
954 684 1062 745 quid
1087 684 1141 728 de
1160 685 1259 745 jure
1280 693 1356 728 aut
1374 684 1427 728 de
1453 683 1623 745 legibus
1648 700 1717 728 eo-

312 780 412 808 rum
437 764 704 809 deminuisse
733 763 978 821 videretur,
1008 766 1099 826 ipse
1128 767 1172 809 in
1197 765 1362 810 AEduos
1386 765 1605 827 proficisci
1635 774 1718 809 sta-

311 847 415 902 tuit,
440 857 731 908 senatumque
751 863 951 902 omnem,
976 857 1019 891 et
1042 864 1152 908 quos
1178 848 1291 891 inter
1319 848 1623 892 controversia
1655 864 1718 891 es-

311 937 395 984 set,
417 927 473 972 ad
492 945 536 972 se
552 929 785 973 Decetiam
810 929 1023 972 evocavit.
1049 929 1204 985 Quum
1229 945 1367 989 prope
1392 929 1535 973 omnis
1564 929 1718 972 civitas

313 1026 365 1053 eo
400 1011 697 1067 convenisset,
730 1010 1073 1069 docereturque,
1108 1010 1259 1070 paucis
1295 1008 1406 1053 clam
1441 1011 1717 1065 convocatis,

313 1089 400 1135 alio
424 1090 542 1145 loco,
569 1090 655 1134 alio
684 1101 909 1151 tempore,
935 1099 1067 1150 atque
1091 1091 1362 1150 oportuerit,
1389 1090 1568 1134 fratrem
1594 1108 1616 1135 a
1640 1091 1722 1135 fra-

314 1181 381 1215 tre
408 1172 738 1227 renuntiatum,
770 1187 909 1231 quum
939 1169 1055 1232 leges
1086 1170 1175 1214 duo
1206 1187 1259 1214 ex
1288 1187 1377 1214 una
1402 1170 1588 1228 familia,
1618 1173 1720 1216 vivo

316 1261 531 1312 utroque,
569 1269 660 1296 non
699 1251 842 1296 solum
881 1253 1164 1314 magistratus
1209 1253 1347 1296 creari
1385 1262 1606 1308 vetarent,
1647 1252 1722 1297 sed

315 1333 449 1377 etiam
475 1333 518 1376 in
547 1343 703 1377 senatu
733 1350 825 1378 esse
853 1333 1160 1395 prohiberent,
1191 1335 1357 1377 Cotum
1386 1334 1624 1394 imperium
1648 1333 1723 1377 de-

317 1431 484 1475 ponere
497 1416 662 1477 coegit3
682 1414 1105 1469 Convictolitauem,
1122 1415 1197 1475 qui
1212 1431 1290 1476 per
1308 1414 1578 1471 sacerdotes,
1600 1431 1723 1458 more

318 1495 528 1552 civitatis,
548 1496 812 1541 intermissis
840 1496 1192 1558 magistratibus,
1218 1507 1329 1540 esset
1357 1506 1549 1553 creatus,
1576 1506 1723 1556 potes-

320 1585 456 1620 tatem
479 1576 686 1621 obtinere
705 1578 850 1639 jussit.

384 1659 592 1702 XXXIV.
619 1660 716 1702 Hoc
735 1658 911 1702 decreto
938 1659 1223 1720 interposito,
1247 1659 1504 1703 cohortatus
1533 1658 1697 1704 AEduos
1714 1693 1725 1715 ,

323 1747 374 1782 ut
397 1740 800 1784 controversiarum
825 1756 875 1783 ac
899 1739 1225 1784 dissensionum
1255 1739 1644 1795 obliviscerentur,
1664 1750 1728 1783 at-

322 1836 428 1880 que,
462 1820 668 1865 omnibus
704 1821 875 1865 omissis
910 1821 977 1865 his
1012 1822 1163 1876 rebus,
1200 1821 1304 1865 huic
1337 1820 1456 1865 bello
1489 1823 1726 1873 servirent,

322 1917 479 1962 eaque,
515 1918 612 1962 quae
640 1903 924 1959 meruissent,
957 1904 1135 1963 praemia
1171 1903 1224 1946 ab
1256 1920 1321 1958 se,
1353 1902 1527 1946 devicta
1560 1901 1726 1958 Gallia,

324 1991 651 2043 exspectarent,
673 1984 1012 2044 equitatumque
1035 2000 1212 2028 omnem
1227 2019 1238 2041 ,
1263 1993 1304 2027 et
1325 1983 1523 2045 peditum
1545 1982 1682 2027 millia
1702 2001 1729 2027 x

327 2063 406 2107 sibi
448 2062 650 2108 celeriter
689 2065 943 2121 mitterent,
985 2083 1081 2126 quae
1114 2067 1158 2109 in
1196 2065 1409 2126 praesidiis
1442 2066 1505 2110 rei
1537 2065 1730 2109 frumen-

327 2145 446 2187 tariae
469 2161 598 2189 causa
624 2145 896 2206 disponeret,
917 2147 1160 2190 exercitum
1188 2147 1231 2189 in
1256 2145 1364 2189 duas
1389 2156 1533 2206 partes
1559 2144 1727 2189 divisit:

327 2240 372 2268 iv
391 2223 585 2285 legiones
611 2227 656 2270 in
677 2228 872 2273 Senones
894 2229 1170 2288 Parisiosque
1194 2228 1392 2271 Labieno
1417 2226 1641 2271 ducendas
1661 2226 1732 2271 de-

328 2304 415 2361 dit,
442 2322 486 2350 v1
511 2307 603 2367 ipse
631 2307 675 2350 in
708 2310 931 2352 Arvernos
959 2308 1013 2352 ad
1038 2308 1253 2369 oppidum
1280 2309 1548 2369 Gergoviam
1575 2325 1730 2352 secun·

329 2386 436 2430 dum
464 2387 628 2432 flumen
656 2388 814 2435 Elaver
847 2389 975 2434 duxit
1007 2408 1015 2434 :
1044 2392 1264 2451 equitatus
1300 2400 1471 2450 partem
1507 2388 1570 2433 illi
1609 2390 1732 2433 attri-

330 2467 444 2525 buit,
475 2479 645 2530 partem
673 2472 755 2515 sibi
784 2470 974 2532 reliquit.
1005 2473 1109 2529 Qua
1139 2489 1184 2515 re
1209 2472 1409 2533 cognita,
1439 2471 1730 2531 Vercingeto-

331 2548 416 2603 rix,
434 2551 642 2595 omnibus
663 2552 921 2613 interruptis
941 2553 1033 2613 ejus
1049 2553 1243 2597 fluminis
1263 2552 1493 2613 pontibus,
1516 2551 1569 2594 ab
1594 2548 1731 2594 altera

333 2628 526 2675 Elaveris
547 2642 672 2693 parte
697 2634 778 2677 iter
801 2633 942 2677 facere
966 2635 1111 2694 coepit.

399 2713 584 2756 XXXV.
608 2715 759 2771 Quum
781 2725 966 2775 uterque
990 2716 1165 2775 utrique
1190 2725 1299 2758 osset
1325 2713 1541 2757 exercitus
1567 2715 1607 2755 in
1634 2729 1732 2756 con-
