1972 3356
363 280 412 327 98
563 282 600 314 C.
631 280 760 315 JULII
788 280 1010 315 CAESARIS
1041 281 1529 319 COMMENTARIORUM

364 381 452 409 rem
480 380 570 408 esse
598 363 897 424 impedimenti
927 362 1038 409 loco.
1056 385 1076 406 n
1107 364 1175 409 Illi
1203 383 1344 427 neque
1373 366 1535 429 legatos
1561 371 1740 414 Caesaris

362 445 573 505 recipere,
605 460 746 505 neque
783 444 1022 506 periculum
1058 457 1263 506 praestare
1296 464 1473 502 eorum,
1503 448 1575 492 sed
1604 459 1741 494 totam

361 541 452 568 rem
475 524 529 569 ad
557 526 816 586 Pompeium
840 526 1017 587 rejicere
1042 543 1051 570 :
1080 543 1216 571 unum
1242 528 1427 584 instare,
1452 527 1505 572 de
1529 529 1741 584 induciis,

362 606 826 667 vehementissimeque
853 607 1130 652 contendere.
1167 608 1292 666 Quos
1327 609 1401 653 ubi
1434 611 1578 654 Caesar
1613 609 1740 654 intel-

362 685 466 731 lexit
495 688 718 748 praesentis
743 687 925 748 periculi
949 697 1078 749 atque
1099 690 1255 750 inopiae
1285 689 1474 733 vitandae
1498 706 1629 734 causa
1652 707 1742 734 om-

361 786 460 813 nem
480 770 724 813 orationem
744 769 1003 825 instituisse,
1028 786 1168 831 neque
1192 769 1325 815 ullam
1348 787 1468 831 spem
1494 781 1570 815 aut
1593 771 1744 815 condi-

362 850 524 894 tionem
547 850 665 911 pacis
689 848 869 906 afferre,
887 849 940 893 ad
963 848 1177 911 reliquam
1195 852 1504 913 cogitationem
1527 850 1630 896 belli
1652 867 1743 897 sese

360 931 535 992 recepit.

425 1013 589 1057 XVIII.
619 1011 799 1056 Bibulus
814 1048 824 1068 ,
843 1012 1004 1057 multos
1033 1012 1125 1057 dies
1145 1024 1263 1057 terra
1287 1014 1532 1073 prohibitus
1549 1049 1560 1069 ,
1583 1023 1625 1058 et
1645 1030 1744 1076 gra-

361 1092 479 1136 viore
494 1092 648 1135 morbo
666 1108 717 1136 ex
737 1092 900 1153 frigore
919 1109 968 1137 ac
986 1091 1135 1137 labore
1156 1092 1418 1153 implicitus,
1444 1110 1582 1154 quum
1604 1111 1742 1155 neque

359 1173 502 1215 curari
524 1182 691 1233 posset,
710 1189 851 1233 neque
876 1183 1126 1235 susceptum
1152 1172 1348 1218 officium
1378 1173 1574 1218 deserere
1593 1173 1742 1231 vellet,

361 1253 446 1295 vim
473 1253 612 1297 morbi
639 1254 852 1298 sustinere
879 1270 967 1298 non
995 1255 1150 1315 potuit.
1184 1256 1250 1298 Eo
1280 1264 1456 1298 mortuo
1475 1289 1486 1310 ,
1514 1254 1568 1298 ad
1605 1256 1743 1299 nemi-

359 1349 458 1377 nem
492 1350 630 1377 unum
666 1350 835 1378 summa
870 1334 1040 1396 imperii
1074 1334 1212 1390 redit3
1254 1334 1326 1379 sed
1358 1335 1590 1396 separatim
1620 1347 1743 1380 suam

358 1414 542 1474 quisque
569 1413 750 1459 classem
776 1414 831 1458 ad
860 1415 1090 1459 arbitrium
1125 1432 1253 1460 suum
1286 1414 1635 1460 administrabat.
1660 1416 1740 1461 Vi-

357 1493 550 1551 bullius,
585 1495 735 1539 sedato
763 1494 984 1552 tumultu,
1012 1513 1142 1557 quem
1173 1497 1427 1557 repentinus
1453 1497 1634 1542 Caesaris
1667 1495 1744 1540 ad·

357 1584 514 1619 venius
529 1576 844 1632 concitaverat,
860 1576 934 1620 ubi
951 1577 1140 1636 primum
1151 1611 1162 1632 ,
1176 1594 1329 1621 rursus
1346 1576 1543 1621 adhibito
1554 1578 1741 1634 Libone,

357 1663 399 1698 et
426 1657 474 1699 L.
503 1657 691 1700 Lucceio
720 1665 763 1700 et
788 1657 1081 1718 Theophane,
1117 1658 1375 1718 quibuscum
1413 1659 1741 1703 communicare

357 1735 409 1779 de
444 1738 643 1780 maximis
671 1737 801 1781 rebus
831 1738 1065 1798 Pompeius
1100 1748 1415 1794 consueverat,
1445 1738 1498 1782 de
1524 1738 1741 1784 mandatis

357 1818 540 1862 Caesaris
578 1833 706 1878 agere
741 1818 954 1871 instituit3
990 1834 1090 1861 eum
1130 1819 1375 1879 ingressum
1416 1819 1459 1861 in
1496 1835 1740 1864 sermonem

356 1899 591 1959 Pompeius
616 1897 937 1960 interpellavit,
964 1909 1007 1942 et
1035 1897 1152 1960 loqui
1179 1897 1305 1959 plura
1329 1898 1566 1960 prohibuit.
1587 1900 1740 1957 «Quid

355 1979 463 2023 mihi
480 2014 490 2034 ,
515 1981 683 2040 inquit,
709 1989 784 2023 aut
799 1980 885 2023 vita
901 2014 911 2035 ‚
926 1989 1001 2023 aut
1016 1980 1194 2024 civitate
1215 1996 1325 2041 opus
1349 1990 1413 2024 est
1428 2014 1439 2035 ‚
1461 1996 1591 2041 quam
1613 1980 1742 2025 bene-

356 2059 456 2104 ficio
484 2061 667 2106 Caesaris
693 2060 856 2104 habere
876 2059 1087 2104 videbor?
1115 2061 1239 2121 cujus
1267 2061 1327 2105 rei
1353 2061 1503 2122 opinio
1531 2060 1623 2105 tolli
1651 2077 1740 2105 non

355 2142 540 2202 poterit,
562 2158 699 2202 quum
720 2142 762 2184 in
779 2139 971 2197 Italiam,
989 2158 1040 2185 ex
1055 2158 1137 2202 qua
1158 2140 1378 2202 profectus
1393 2158 1513 2199 sum,
1535 2141 1740 2186 reductus

353 2222 686 2266 existimabor.»
711 2220 829 2266 Bello
857 2221 1050 2283 perfecto
1065 2257 1076 2275 ‚
1094 2222 1148 2266 ab
1177 2223 1226 2267 iis
1252 2225 1397 2268 Caesar
1420 2222 1511 2267 haec
1535 2222 1649 2267 facta
1669 2239 1742 2267 co-

353 2304 532 2364 gnovit,
555 2304 631 2364 qui
654 2303 844 2348 sermoni
873 2302 1167 2348 interfuerunt
1184 2320 1193 2347 ε
1210 2313 1392 2348 conatus
1415 2313 1561 2348 tamen
1585 2302 1741 2348 nihilo·

353 2384 497 2428 minus
525 2394 612 2437 est,
646 2383 740 2428 aliis
767 2383 1008 2427 rationibus
1037 2400 1114 2446 per
1139 2383 1358 2445 colloquia
1383 2383 1435 2428 de
1462 2400 1568 2445 pace
1597 2399 1737 2445 agere.

415 2466 536 2508 XIX.
567 2467 690 2509 Inter
719 2464 822 2508 bina
851 2474 991 2508 castra
1015 2465 1209 2527 Pompeii
1240 2474 1372 2525 atque
1395 2465 1576 2509 Caesaris
1602 2480 1739 2508 unum

352 2543 516 2589 flumen
546 2555 716 2589 tantum
743 2545 948 2588 intererat
975 2548 1139 2606 Apsus,
1166 2545 1407 2606 crebraque
1434 2545 1547 2588 inter
1574 2560 1618 2588 se
1645 2543 1736 2588 col·

353 2623 500 2686 loquia
522 2624 678 2669 milites
700 2624 938 2679 habebant3
960 2642 1099 2686 neque
1123 2625 1262 2670 ullum
1286 2625 1460 2669 interim
1486 2623 1641 2681 telum,
1662 2641 1740 2686 per

354 2707 578 2764 pactiones
615 2704 981 2766 colloquentium,
1017 2705 1385 2767 transjiciebatur.
1417 2706 1556 2749 Mittit
1589 2707 1635 2749 P.
1658 2707 1737 2747 Va-
