<?xml version="1.0" encoding="UTF-8"?>
<!DOCTYPE html PUBLIC "-//W3C//DTD XHTML 1.0 Transitional//EN"
    "http://www.w3.org/TR/xhtml1/DTD/xhtml1-transitional.dtd">
<html xmlns="http://www.w3.org/1999/xhtml" xml:lang="en" lang="en">
 <head>
  <title>
</title>
<meta http-equiv="Content-Type" content="text/html;charset=utf-8" />
  <meta name='ocr-system' content='tesseract 3.04.00' />
  <meta name='ocr-capabilities' content='ocr_page ocr_carea ocr_par ocr_line ocrx_word'/>
</head>
<body>
  <div class='ocr_page' id='page_1' title='image "./operajoh0102caesuoft_0455.png"; bbox 0 0 1972 3356; ppageno 0'>
   <div class='ocr_carea' id='block_1_1' title="bbox 567 189 1583 240">
    <p class='ocr_par' dir='ltr' id='par_1_1' title="bbox 567 189 1583 240">
     <span class='ocr_line' id='line_1_1' title="bbox 567 189 1583 240; baseline 0.002 -16"><span class='ocrx_word' id='word_1_1' title='bbox 567 189 633 224; x_wconf 90' lang='lat' dir='ltr'>DE</span> <span class='ocrx_word' id='word_1_2' title='bbox 662 189 825 224; x_wconf 90' lang='lat' dir='ltr'>BELLO</span> <span class='ocrx_word' id='word_1_3' title='bbox 856 189 1007 225; x_wconf 86' lang='lat' dir='ltr'>CIVILI</span> <span class='ocrx_word' id='word_1_4' title='bbox 1038 190 1128 224; x_wconf 93' lang='lat' dir='ltr'>LIB.</span> <span class='ocrx_word' id='word_1_5' title='bbox 1159 192 1222 226; x_wconf 87' lang='grc' dir='ltr'>ΙΙΙ.</span> <span class='ocrx_word' id='word_1_6' title='bbox 1513 196 1583 240; x_wconf 76' lang='lat'>149</span> 
     </span>
    </p>
   </div>
   <div class='ocr_carea' id='block_1_2' title="bbox 176 273 1586 2679">
    <p class='ocr_par' dir='ltr' id='par_1_2' title="bbox 189 273 1583 416">
     <span class='ocr_line' id='line_1_2' title="bbox 190 273 1583 336; baseline 0.001 -18"><span class='ocrx_word' id='word_1_7' title='bbox 190 275 322 318; x_wconf 80' lang='lat' dir='ltr'>Pauci</span> <span class='ocrx_word' id='word_1_8' title='bbox 349 273 515 318; x_wconf 83' lang='lat' dir='ltr'>ordinis</span> <span class='ocrx_word' id='word_1_9' title='bbox 558 274 792 330; x_wconf 89' lang='lat' dir='ltr'>senatorii,</span> <span class='ocrx_word' id='word_1_10' title='bbox 833 275 907 334; x_wconf 88' lang='lat' dir='ltr'>qui</span> <span class='ocrx_word' id='word_1_11' title='bbox 936 290 980 318; x_wconf 89' lang='lat' dir='ltr'>se</span> <span class='ocrx_word' id='word_1_12' title='bbox 1010 290 1109 317; x_wconf 89' lang='lat' dir='ltr'>cum</span> <span class='ocrx_word' id='word_1_13' title='bbox 1154 276 1204 318; x_wconf 76' lang='lat' dir='ltr'>iis</span> <span class='ocrx_word' id='word_1_14' title='bbox 1240 275 1583 336; x_wconf 81' lang='lat' dir='ltr'>conjunxerant,</span> 
     </span>
     <span class='ocr_line' id='line_1_3' title="bbox 189 353 910 416; baseline 0 -18"><span class='ocrx_word' id='word_1_15' title='bbox 189 364 316 400; x_wconf 87' lang='lat' dir='ltr'>nocte</span> <span class='ocrx_word' id='word_1_16' title='bbox 342 354 444 416; x_wconf 85' lang='lat' dir='ltr'>fuga</span> <span class='ocrx_word' id='word_1_17' title='bbox 468 353 652 398; x_wconf 88' lang='lat' dir='ltr'>salutem</span> <span class='ocrx_word' id='word_1_18' title='bbox 676 355 910 416; x_wconf 89' lang='lat' dir='ltr'>petierunt.</span> 
     </span>
    </p>

    <p class='ocr_par' dir='ltr' id='par_1_3' title="bbox 181 433 1586 1384">
     <span class='ocr_line' id='line_1_4' title="bbox 252 433 1583 496; baseline 0.003 -16"><span class='ocrx_word' id='word_1_19' title='bbox 252 436 459 481; x_wconf 90' lang='lat' dir='ltr'>XCVIII.</span> <span class='ocrx_word' id='word_1_20' title='bbox 497 437 641 480; x_wconf 88' lang='lat' dir='ltr'>Caesar</span> <span class='ocrx_word' id='word_1_21' title='bbox 666 435 806 496; x_wconf 89' lang='lat' dir='ltr'>prima</span> <span class='ocrx_word' id='word_1_22' title='bbox 832 433 928 478; x_wconf 88' lang='lat' dir='ltr'>luce</span> <span class='ocrx_word' id='word_1_23' title='bbox 955 452 1107 479; x_wconf 87' lang='lat' dir='ltr'>omnes</span> <span class='ocrx_word' id='word_1_24' title='bbox 1133 452 1230 491; x_wconf 90' lang='lat' dir='ltr'>eos,</span> <span class='ocrx_word' id='word_1_25' title='bbox 1256 439 1330 496; x_wconf 88' lang='lat' dir='ltr'>qui</span> <span class='ocrx_word' id='word_1_26' title='bbox 1362 439 1404 481; x_wconf 89' lang='lat' dir='ltr'>in</span> <span class='ocrx_word' id='word_1_27' title='bbox 1435 449 1583 484; x_wconf 89' lang='lat' dir='ltr'>monte</span> 
     </span>
     <span class='ocr_line' id='line_1_5' title="bbox 188 514 1581 576; baseline 0.004 -18"><span class='ocrx_word' id='word_1_28' title='bbox 188 515 496 571; x_wconf 76' lang='lat' dir='ltr'>consederant,</span> <span class='ocrx_word' id='word_1_29' title='bbox 519 531 570 559; x_wconf 81' lang='lat' dir='ltr'>ex</span> <span class='ocrx_word' id='word_1_30' title='bbox 590 515 890 576; x_wconf 89' lang='lat' dir='ltr'>superioribus</span> <span class='ocrx_word' id='word_1_31' title='bbox 916 514 1022 559; x_wconf 89' lang='lat' dir='ltr'>locis</span> <span class='ocrx_word' id='word_1_32' title='bbox 1059 516 1104 558; x_wconf 89' lang='lat' dir='ltr'>in</span> <span class='ocrx_word' id='word_1_33' title='bbox 1141 515 1367 576; x_wconf 85' lang='lat' dir='ltr'>planitiem</span> <span class='ocrx_word' id='word_1_34' title='bbox 1404 518 1581 564; x_wconf 88' lang='lat' dir='ltr'>descen-</span> 
     </span>
     <span class='ocr_line' id='line_1_6' title="bbox 188 594 1586 656; baseline 0.003 -16"><span class='ocrx_word' id='word_1_35' title='bbox 188 595 310 652; x_wconf 86' lang='lat' dir='ltr'>dere,</span> <span class='ocrx_word' id='word_1_36' title='bbox 338 606 468 656; x_wconf 85' lang='lat' dir='ltr'>atque</span> <span class='ocrx_word' id='word_1_37' title='bbox 494 611 614 639; x_wconf 87' lang='lat' dir='ltr'>arma</span> <span class='ocrx_word' id='word_1_38' title='bbox 642 594 859 656; x_wconf 83' lang='lat' dir='ltr'>projicere</span> <span class='ocrx_word' id='word_1_39' title='bbox 883 594 1027 655; x_wconf 90' lang='lat' dir='ltr'>jussit.</span> <span class='ocrx_word' id='word_1_40' title='bbox 1073 595 1209 653; x_wconf 88' lang='lat' dir='ltr'>Quod</span> <span class='ocrx_word' id='word_1_41' title='bbox 1240 596 1314 640; x_wconf 85' lang='lat' dir='ltr'>uhi</span> <span class='ocrx_word' id='word_1_42' title='bbox 1344 599 1438 641; x_wconf 90' lang='lat' dir='ltr'>sine</span> <span class='ocrx_word' id='word_1_43' title='bbox 1465 615 1586 644; x_wconf 86' lang='lat' dir='ltr'>recu-</span> 
     </span>
     <span class='ocr_line' id='line_1_7' title="bbox 190 673 1584 737; baseline 0.001 -16"><span class='ocrx_word' id='word_1_44' title='bbox 190 679 354 721; x_wconf 82' lang='lat' dir='ltr'>satione</span> <span class='ocrx_word' id='word_1_45' title='bbox 378 676 602 731; x_wconf 87' lang='lat' dir='ltr'>fecerunt,</span> <span class='ocrx_word' id='word_1_46' title='bbox 629 675 854 736; x_wconf 86' lang='lat' dir='ltr'>passisque</span> <span class='ocrx_word' id='word_1_47' title='bbox 877 673 1053 736; x_wconf 89' lang='lat' dir='ltr'>palmis,</span> <span class='ocrx_word' id='word_1_48' title='bbox 1082 677 1270 737; x_wconf 89' lang='lat' dir='ltr'>projecti</span> <span class='ocrx_word' id='word_1_49' title='bbox 1306 677 1359 721; x_wconf 87' lang='lat' dir='ltr'>ad</span> <span class='ocrx_word' id='word_1_50' title='bbox 1400 688 1584 736; x_wconf 83' lang='lat' dir='ltr'>terram,</span> 
     </span>
     <span class='ocr_line' id='line_1_8' title="bbox 188 753 1583 822; baseline 0.001 -20"><span class='ocrx_word' id='word_1_51' title='bbox 188 758 338 802; x_wconf 90' lang='lat' dir='ltr'>flentes</span> <span class='ocrx_word' id='word_1_52' title='bbox 367 757 420 800; x_wconf 85' lang='lat' dir='ltr'>ab</span> <span class='ocrx_word' id='word_1_53' title='bbox 447 772 499 800; x_wconf 92' lang='lat' dir='ltr'>eo</span> <span class='ocrx_word' id='word_1_54' title='bbox 529 753 713 799; x_wconf 84' lang='lat' dir='ltr'>salutem</span> <span class='ocrx_word' id='word_1_55' title='bbox 742 756 988 816; x_wconf 88' lang='lat' dir='ltr'>petierunt,</span> <span class='ocrx_word' id='word_1_56' title='bbox 1018 755 1271 801; x_wconf 82' lang='lat' dir='ltr'>consolatus</span> <span class='ocrx_word' id='word_1_57' title='bbox 1315 775 1583 822; x_wconf 75' lang='lat' dir='ltr'>consurgere</span> 
     </span>
     <span class='ocr_line' id='line_1_9' title="bbox 184 836 1583 903; baseline 0.003 -21"><span class='ocrx_word' id='word_1_58' title='bbox 184 839 336 899; x_wconf 85' lang='lat' dir='ltr'>jussit,</span> <span class='ocrx_word' id='word_1_59' title='bbox 365 847 405 881; x_wconf 89' lang='lat' dir='ltr'>et</span> <span class='ocrx_word' id='word_1_60' title='bbox 432 853 572 898; x_wconf 83' lang='lat' dir='ltr'>pauca</span> <span class='ocrx_word' id='word_1_61' title='bbox 598 836 716 898; x_wconf 85' lang='lat' dir='ltr'>apud</span> <span class='ocrx_word' id='word_1_62' title='bbox 746 853 819 880; x_wconf 84' lang='lat' dir='ltr'>eos</span> <span class='ocrx_word' id='word_1_63' title='bbox 847 837 900 881; x_wconf 89' lang='lat' dir='ltr'>de</span> <span class='ocrx_word' id='word_1_64' title='bbox 927 836 1106 881; x_wconf 86' lang='lat' dir='ltr'>lenitate</span> <span class='ocrx_word' id='word_1_65' title='bbox 1147 855 1223 882; x_wconf 85' lang='lat' dir='ltr'>sua</span> <span class='ocrx_word' id='word_1_66' title='bbox 1255 838 1453 897; x_wconf 79' lang='lat' dir='ltr'>locutus,</span> <span class='ocrx_word' id='word_1_67' title='bbox 1495 860 1583 903; x_wconf 86' lang='lat' dir='ltr'>quo</span> 
     </span>
     <span class='ocr_line' id='line_1_10' title="bbox 186 919 1584 984; baseline 0.003 -21"><span class='ocrx_word' id='word_1_68' title='bbox 186 920 356 963; x_wconf 89' lang='lat' dir='ltr'>minore</span> <span class='ocrx_word' id='word_1_69' title='bbox 381 928 524 962; x_wconf 90' lang='lat' dir='ltr'>essent</span> <span class='ocrx_word' id='word_1_70' title='bbox 549 919 733 975; x_wconf 87' lang='lat' dir='ltr'>timore,</span> <span class='ocrx_word' id='word_1_71' title='bbox 760 935 912 962; x_wconf 82' lang='lat' dir='ltr'>omnes</span> <span class='ocrx_word' id='word_1_72' title='bbox 942 921 1240 977; x_wconf 77' lang='lat' dir='ltr'>conservavit,</span> <span class='ocrx_word' id='word_1_73' title='bbox 1282 919 1584 984; x_wconf 81' lang='lat' dir='ltr'>militibusque</span> 
     </span>
     <span class='ocr_line' id='line_1_11' title="bbox 184 999 1581 1064; baseline 0.002 -20"><span class='ocrx_word' id='word_1_74' title='bbox 184 1001 271 1044; x_wconf 85' lang='lat' dir='ltr'>suis</span> <span class='ocrx_word' id='word_1_75' title='bbox 294 999 645 1056; x_wconf 84' lang='lat' dir='ltr'>commendavit,</span> <span class='ocrx_word' id='word_1_76' title='bbox 671 1015 725 1042; x_wconf 93' lang='lat' dir='ltr'>ne</span> <span class='ocrx_word' id='word_1_77' title='bbox 753 1000 828 1060; x_wconf 85' lang='lat' dir='ltr'>qui</span> <span class='ocrx_word' id='word_1_78' title='bbox 856 1015 1009 1043; x_wconf 90' lang='lat' dir='ltr'>eorum</span> <span class='ocrx_word' id='word_1_79' title='bbox 1035 999 1334 1054; x_wconf 80' lang='lat' dir='ltr'>violarentur,</span> <span class='ocrx_word' id='word_1_80' title='bbox 1361 1018 1445 1046; x_wconf 87' lang='lat' dir='ltr'>neu</span> <span class='ocrx_word' id='word_1_81' title='bbox 1477 1003 1581 1064; x_wconf 89' lang='lat' dir='ltr'>quid</span> 
     </span>
     <span class='ocr_line' id='line_1_12' title="bbox 184 1079 1582 1143; baseline 0.002 -18"><span class='ocrx_word' id='word_1_82' title='bbox 184 1082 250 1125; x_wconf 90' lang='lat' dir='ltr'>sui</span> <span class='ocrx_word' id='word_1_83' title='bbox 278 1080 593 1125; x_wconf 84' lang='lat' dir='ltr'>desiderarent.</span> <span class='ocrx_word' id='word_1_84' title='bbox 620 1083 712 1125; x_wconf 84' lang='lat' dir='ltr'>Hac</span> <span class='ocrx_word' id='word_1_85' title='bbox 739 1079 936 1124; x_wconf 87' lang='lat' dir='ltr'>adhibita</span> <span class='ocrx_word' id='word_1_86' title='bbox 961 1079 1216 1143; x_wconf 85' lang='lat' dir='ltr'>diligentia,</span> <span class='ocrx_word' id='word_1_87' title='bbox 1245 1098 1296 1126; x_wconf 85' lang='lat' dir='ltr'>ex</span> <span class='ocrx_word' id='word_1_88' title='bbox 1320 1084 1473 1128; x_wconf 85' lang='lat' dir='ltr'>castris</span> <span class='ocrx_word' id='word_1_89' title='bbox 1499 1084 1582 1128; x_wconf 83' lang='lat' dir='ltr'>sibi</span> 
     </span>
     <span class='ocr_line' id='line_1_13' title="bbox 182 1160 1585 1223; baseline 0.002 -18"><span class='ocrx_word' id='word_1_90' title='bbox 182 1160 374 1223; x_wconf 84' lang='lat' dir='ltr'>legiones</span> <span class='ocrx_word' id='word_1_91' title='bbox 398 1161 503 1206; x_wconf 88' lang='lat' dir='ltr'>alias</span> <span class='ocrx_word' id='word_1_92' title='bbox 528 1178 783 1216; x_wconf 81' lang='lat' dir='ltr'>occurrere,</span> <span class='ocrx_word' id='word_1_93' title='bbox 810 1171 852 1206; x_wconf 90' lang='lat' dir='ltr'>et</span> <span class='ocrx_word' id='word_1_94' title='bbox 874 1178 965 1216; x_wconf 85' lang='lat' dir='ltr'>eas,</span> <span class='ocrx_word' id='word_1_95' title='bbox 985 1178 1093 1223; x_wconf 88' lang='lat' dir='ltr'>quas</span> <span class='ocrx_word' id='word_1_96' title='bbox 1117 1179 1264 1207; x_wconf 86' lang='lat' dir='ltr'>secum</span> <span class='ocrx_word' id='word_1_97' title='bbox 1289 1163 1494 1219; x_wconf 81' lang='lat' dir='ltr'>duxerat,</span> <span class='ocrx_word' id='word_1_98' title='bbox 1521 1166 1585 1208; x_wconf 88' lang='lat' dir='ltr'>in·</span> 
     </span>
     <span class='ocr_line' id='line_1_14' title="bbox 182 1243 1583 1305; baseline 0.002 -19"><span class='ocrx_word' id='word_1_99' title='bbox 182 1244 321 1286; x_wconf 90' lang='lat' dir='ltr'>vicem</span> <span class='ocrx_word' id='word_1_100' title='bbox 346 1243 617 1303; x_wconf 87' lang='lat' dir='ltr'>requiescere</span> <span class='ocrx_word' id='word_1_101' title='bbox 632 1277 643 1299; x_wconf 87' lang='lat'>,</span> <span class='ocrx_word' id='word_1_102' title='bbox 667 1252 799 1303; x_wconf 87' lang='lat' dir='ltr'>atque</span> <span class='ocrx_word' id='word_1_103' title='bbox 823 1244 867 1287; x_wconf 90' lang='lat' dir='ltr'>in</span> <span class='ocrx_word' id='word_1_104' title='bbox 893 1252 1034 1287; x_wconf 85' lang='lat' dir='ltr'>castra</span> <span class='ocrx_word' id='word_1_105' title='bbox 1058 1244 1215 1287; x_wconf 86' lang='lat' dir='ltr'>reverti</span> <span class='ocrx_word' id='word_1_106' title='bbox 1238 1243 1392 1305; x_wconf 70' lang='lat' dir='ltr'>jussit,</span> <span class='ocrx_word' id='word_1_107' title='bbox 1415 1244 1583 1289; x_wconf 85' lang='lat' dir='ltr'>eodem-</span> 
     </span>
     <span class='ocr_line' id='line_1_15' title="bbox 181 1322 849 1384; baseline 0.001 -18"><span class='ocrx_word' id='word_1_108' title='bbox 181 1340 266 1383; x_wconf 82' lang='lat' dir='ltr'>que</span> <span class='ocrx_word' id='word_1_109' title='bbox 294 1322 364 1367; x_wconf 90' lang='lat' dir='ltr'>die</span> <span class='ocrx_word' id='word_1_110' title='bbox 387 1324 608 1368; x_wconf 83' lang='lat' dir='ltr'>Larissam</span> <span class='ocrx_word' id='word_1_111' title='bbox 635 1325 849 1384; x_wconf 86' lang='lat' dir='ltr'>pervenit.</span> 
     </span>
    </p>

    <p class='ocr_par' dir='ltr' id='par_1_4' title="bbox 176 1403 1582 2679">
     <span class='ocr_line' id='line_1_16' title="bbox 245 1403 1582 1466; baseline 0.003 -18"><span class='ocrx_word' id='word_1_112' title='bbox 245 1405 407 1450; x_wconf 88' lang='lat' dir='ltr'>XCIX.</span> <span class='ocrx_word' id='word_1_113' title='bbox 445 1406 496 1448; x_wconf 88' lang='lat' dir='ltr'>In</span> <span class='ocrx_word' id='word_1_114' title='bbox 521 1421 573 1448; x_wconf 93' lang='lat' dir='ltr'>eo</span> <span class='ocrx_word' id='word_1_115' title='bbox 598 1403 752 1466; x_wconf 83' lang='lat' dir='ltr'>proelio</span> <span class='ocrx_word' id='word_1_116' title='bbox 779 1422 868 1449; x_wconf 90' lang='lat' dir='ltr'>non</span> <span class='ocrx_word' id='word_1_117' title='bbox 895 1404 1084 1466; x_wconf 85' lang='lat' dir='ltr'>amplius</span> <span class='ocrx_word' id='word_1_118' title='bbox 1104 1421 1156 1451; x_wconf 87' lang='lat' dir='ltr'>cc</span> <span class='ocrx_word' id='word_1_119' title='bbox 1180 1406 1340 1450; x_wconf 88' lang='lat' dir='ltr'>milites</span> <span class='ocrx_word' id='word_1_120' title='bbox 1364 1406 1582 1452; x_wconf 84' lang='lat' dir='ltr'>desidera·</span> 
     </span>
     <span class='ocr_line' id='line_1_17' title="bbox 181 1484 1581 1542; baseline 0.002 -14"><span class='ocrx_word' id='word_1_121' title='bbox 181 1487 269 1542; x_wconf 89' lang='lat' dir='ltr'>vit;</span> <span class='ocrx_word' id='word_1_122' title='bbox 306 1484 380 1529; x_wconf 92' lang='lat' dir='ltr'>sed</span> <span class='ocrx_word' id='word_1_123' title='bbox 418 1485 724 1541; x_wconf 77' lang='lat' dir='ltr'>centuriones,</span> <span class='ocrx_word' id='word_1_124' title='bbox 751 1484 886 1529; x_wconf 91' lang='lat' dir='ltr'>fortes</span> <span class='ocrx_word' id='word_1_125' title='bbox 921 1486 1066 1542; x_wconf 90' lang='lat' dir='ltr'>viros,</span> <span class='ocrx_word' id='word_1_126' title='bbox 1094 1487 1271 1530; x_wconf 88' lang='lat' dir='ltr'>circiter</span> <span class='ocrx_word' id='word_1_127' title='bbox 1296 1504 1387 1531; x_wconf 81' lang='lat' dir='ltr'>xxx</span> <span class='ocrx_word' id='word_1_128' title='bbox 1422 1488 1581 1531; x_wconf 82' lang='lat' dir='ltr'>amisit.</span> 
     </span>
     <span class='ocr_line' id='line_1_18' title="bbox 179 1565 1582 1629; baseline 0.002 -19"><span class='ocrx_word' id='word_1_129' title='bbox 179 1566 438 1610; x_wconf 86' lang='lat' dir='ltr'>Interfectus</span> <span class='ocrx_word' id='word_1_130' title='bbox 458 1576 521 1610; x_wconf 86' lang='lat' dir='ltr'>est</span> <span class='ocrx_word' id='word_1_131' title='bbox 546 1566 677 1610; x_wconf 88' lang='lat' dir='ltr'>etiam</span> <span class='ocrx_word' id='word_1_132' title='bbox 702 1565 937 1611; x_wconf 88' lang='lat' dir='ltr'>fortissime</span> <span class='ocrx_word' id='word_1_133' title='bbox 958 1583 1160 1629; x_wconf 83' lang='lat' dir='ltr'>pugnans</span> <span class='ocrx_word' id='word_1_134' title='bbox 1181 1568 1435 1626; x_wconf 81' lang='lat' dir='ltr'>Crastinus,</span> <span class='ocrx_word' id='word_1_135' title='bbox 1456 1570 1582 1629; x_wconf 90' lang='lat' dir='ltr'>cujus</span> 
     </span>
     <span class='ocr_line' id='line_1_19' title="bbox 180 1646 1582 1709; baseline 0.002 -18"><span class='ocrx_word' id='word_1_136' title='bbox 180 1649 449 1692; x_wconf 77' lang='lat' dir='ltr'>mentionem</span> <span class='ocrx_word' id='word_1_137' title='bbox 482 1664 614 1708; x_wconf 86' lang='lat' dir='ltr'>supra</span> <span class='ocrx_word' id='word_1_138' title='bbox 640 1647 852 1703; x_wconf 83' lang='lat' dir='ltr'>fecimus,</span> <span class='ocrx_word' id='word_1_139' title='bbox 888 1646 1034 1709; x_wconf 72' lang='lat' dir='ltr'>gladio</span> <span class='ocrx_word' id='word_1_140' title='bbox 1065 1649 1109 1692; x_wconf 90' lang='lat' dir='ltr'>in</span> <span class='ocrx_word' id='word_1_141' title='bbox 1140 1665 1188 1692; x_wconf 93' lang='lat' dir='ltr'>os</span> <span class='ocrx_word' id='word_1_142' title='bbox 1216 1647 1450 1693; x_wconf 86' lang='lat' dir='ltr'>adversum</span> <span class='ocrx_word' id='word_1_143' title='bbox 1478 1666 1582 1694; x_wconf 87' lang='lat' dir='ltr'>con-</span> 
     </span>
     <span class='ocr_line' id='line_1_20' title="bbox 176 1727 1582 1790; baseline 0.001 -18"><span class='ocrx_word' id='word_1_144' title='bbox 176 1730 308 1788; x_wconf 83' lang='lat' dir='ltr'>jecto.</span> <span class='ocrx_word' id='word_1_145' title='bbox 335 1729 493 1788; x_wconf 90' lang='lat' dir='ltr'>Neque</span> <span class='ocrx_word' id='word_1_146' title='bbox 516 1727 557 1771; x_wconf 93' lang='lat' dir='ltr'>id</span> <span class='ocrx_word' id='word_1_147' title='bbox 583 1727 666 1772; x_wconf 86' lang='lat' dir='ltr'>fuit</span> <span class='ocrx_word' id='word_1_148' title='bbox 688 1727 868 1782; x_wconf 89' lang='lat' dir='ltr'>falsum,</span> <span class='ocrx_word' id='word_1_149' title='bbox 894 1728 1014 1788; x_wconf 84' lang='lat' dir='ltr'>quod</span> <span class='ocrx_word' id='word_1_150' title='bbox 1038 1727 1132 1784; x_wconf 91' lang='lat' dir='ltr'>ille,</span> <span class='ocrx_word' id='word_1_151' title='bbox 1163 1730 1205 1771; x_wconf 88' lang='lat' dir='ltr'>in</span> <span class='ocrx_word' id='word_1_152' title='bbox 1233 1745 1429 1790; x_wconf 86' lang='lat' dir='ltr'>pugnam</span> <span class='ocrx_word' id='word_1_153' title='bbox 1454 1729 1582 1790; x_wconf 84' lang='lat' dir='ltr'>profi·</span> 
     </span>
     <span class='ocr_line' id='line_1_21' title="bbox 181 1807 1581 1870; baseline 0.001 -18"><span class='ocrx_word' id='word_1_154' title='bbox 181 1810 365 1865; x_wconf 84' lang='lat' dir='ltr'>ciscens,</span> <span class='ocrx_word' id='word_1_155' title='bbox 388 1807 560 1852; x_wconf 81' lang='lat' dir='ltr'>dixerat</span> <span class='ocrx_word' id='word_1_156' title='bbox 585 1825 597 1855; x_wconf 72' lang='grc' dir='ltr'><strong><em>ε</em></strong></span> <span class='ocrx_word' id='word_1_157' title='bbox 623 1810 683 1851; x_wconf 87' lang='lat' dir='ltr'>sic</span> <span class='ocrx_word' id='word_1_158' title='bbox 706 1809 823 1852; x_wconf 89' lang='lat' dir='ltr'>enim</span> <span class='ocrx_word' id='word_1_159' title='bbox 848 1809 997 1852; x_wconf 83' lang='lat' dir='ltr'>Caesar</span> <span class='ocrx_word' id='word_1_160' title='bbox 1021 1809 1321 1866; x_wconf 80' lang='lat' dir='ltr'>existimabat,</span> <span class='ocrx_word' id='word_1_161' title='bbox 1346 1826 1397 1853; x_wconf 86' lang='lat' dir='ltr'>eo</span> <span class='ocrx_word' id='word_1_162' title='bbox 1424 1809 1581 1870; x_wconf 86' lang='lat' dir='ltr'>proelio</span> 
     </span>
     <span class='ocr_line' id='line_1_22' title="bbox 182 1887 1579 1951; baseline 0.001 -18"><span class='ocrx_word' id='word_1_163' title='bbox 182 1887 592 1933; x_wconf 83' lang='lat' dir='ltr'>excellentissimam</span> <span class='ocrx_word' id='word_1_164' title='bbox 634 1889 838 1933; x_wconf 88' lang='lat' dir='ltr'>virtutem</span> <span class='ocrx_word' id='word_1_165' title='bbox 880 1890 1073 1934; x_wconf 85' lang='lat' dir='ltr'>Crastini</span> <span class='ocrx_word' id='word_1_166' title='bbox 1114 1888 1247 1934; x_wconf 89' lang='lat' dir='ltr'>fuisse</span> <span class='ocrx_word' id='word_1_167' title='bbox 1268 1925 1278 1945; x_wconf 94' lang='lat'>,</span> <span class='ocrx_word' id='word_1_168' title='bbox 1324 1891 1579 1951; x_wconf 87' lang='lat' dir='ltr'>optimeque</span> 
     </span>
     <span class='ocr_line' id='line_1_23' title="bbox 182 1969 1573 2031; baseline 0.001 -18"><span class='ocrx_word' id='word_1_169' title='bbox 182 1987 281 2014; x_wconf 71' lang='lat' dir='ltr'>cum</span> <span class='ocrx_word' id='word_1_170' title='bbox 317 1969 371 2013; x_wconf 92' lang='lat' dir='ltr'>de</span> <span class='ocrx_word' id='word_1_171' title='bbox 401 1986 445 2015; x_wconf 93' lang='lat' dir='ltr'>se</span> <span class='ocrx_word' id='word_1_172' title='bbox 477 1971 682 2014; x_wconf 84' lang='lat' dir='ltr'>meritum</span> <span class='ocrx_word' id='word_1_173' title='bbox 709 1969 946 2031; x_wconf 87' lang='lat' dir='ltr'>judicabat.</span> <span class='ocrx_word' id='word_1_174' title='bbox 983 1971 1046 2015; x_wconf 87' lang='lat' dir='ltr'>Ex</span> <span class='ocrx_word' id='word_1_175' title='bbox 1077 1971 1348 2031; x_wconf 83' lang='lat' dir='ltr'>Pompeiano</span> <span class='ocrx_word' id='word_1_176' title='bbox 1380 1972 1573 2015; x_wconf 86' lang='lat' dir='ltr'>exercitu</span> 
     </span>
     <span class='ocr_line' id='line_1_24' title="bbox 186 2049 1577 2112; baseline 0.001 -18"><span class='ocrx_word' id='word_1_177' title='bbox 186 2051 359 2095; x_wconf 84' lang='lat' dir='ltr'>circiter</span> <span class='ocrx_word' id='word_1_178' title='bbox 393 2049 528 2095; x_wconf 90' lang='lat' dir='ltr'>millia</span> <span class='ocrx_word' id='word_1_179' title='bbox 557 2050 808 2112; x_wconf 88' lang='lat' dir='ltr'>quindecim</span> <span class='ocrx_word' id='word_1_180' title='bbox 842 2050 1048 2095; x_wconf 88' lang='lat' dir='ltr'>cecidisse</span> <span class='ocrx_word' id='word_1_181' title='bbox 1081 2050 1344 2095; x_wconf 86' lang='lat' dir='ltr'>videbantur</span> <span class='ocrx_word' id='word_1_182' title='bbox 1376 2068 1385 2095; x_wconf 76' lang='lat' dir='ltr'><em>z</em></span> <span class='ocrx_word' id='word_1_183' title='bbox 1419 2050 1493 2096; x_wconf 86' lang='lat' dir='ltr'>sed</span> <span class='ocrx_word' id='word_1_184' title='bbox 1534 2053 1577 2096; x_wconf 90' lang='lat' dir='ltr'>in</span> 
     </span>
     <span class='ocr_line' id='line_1_25' title="bbox 183 2131 1578 2194; baseline 0.001 -18"><span class='ocrx_word' id='word_1_185' title='bbox 183 2132 451 2176; x_wconf 87' lang='lat' dir='ltr'>deditionem</span> <span class='ocrx_word' id='word_1_186' title='bbox 470 2142 690 2176; x_wconf 86' lang='lat' dir='ltr'>venerunt</span> <span class='ocrx_word' id='word_1_187' title='bbox 711 2131 899 2193; x_wconf 87' lang='lat' dir='ltr'>amplius</span> <span class='ocrx_word' id='word_1_188' title='bbox 920 2131 1057 2177; x_wconf 83' lang='lat' dir='ltr'>millia</span> <span class='ocrx_word' id='word_1_189' title='bbox 1077 2149 1190 2177; x_wconf 84' lang='lat' dir='ltr'>xxiv</span> <span class='ocrx_word' id='word_1_190' title='bbox 1211 2133 1423 2194; x_wconf 83' lang='lat' dir='ltr'>(namque</span> <span class='ocrx_word' id='word_1_191' title='bbox 1445 2135 1578 2177; x_wconf 86' lang='lat' dir='ltr'>etiam</span> 
     </span>
     <span class='ocr_line' id='line_1_26' title="bbox 181 2211 1578 2275; baseline 0 -18"><span class='ocrx_word' id='word_1_192' title='bbox 181 2214 411 2268; x_wconf 84' lang='lat' dir='ltr'>cohortes,</span> <span class='ocrx_word' id='word_1_193' title='bbox 441 2230 536 2274; x_wconf 86' lang='lat' dir='ltr'>quae</span> <span class='ocrx_word' id='word_1_194' title='bbox 567 2212 769 2274; x_wconf 87' lang='lat' dir='ltr'>praesidio</span> <span class='ocrx_word' id='word_1_195' title='bbox 798 2214 842 2257; x_wconf 93' lang='lat' dir='ltr'>in</span> <span class='ocrx_word' id='word_1_196' title='bbox 871 2212 1057 2258; x_wconf 87' lang='lat' dir='ltr'>castellis</span> <span class='ocrx_word' id='word_1_197' title='bbox 1093 2212 1290 2268; x_wconf 88' lang='lat' dir='ltr'>fuerant,</span> <span class='ocrx_word' id='word_1_198' title='bbox 1327 2229 1418 2258; x_wconf 88' lang='lat' dir='ltr'>sese</span> <span class='ocrx_word' id='word_1_199' title='bbox 1451 2211 1578 2275; x_wconf 83' lang='lat' dir='ltr'>Syllae</span> 
     </span>
     <span class='ocr_line' id='line_1_27' title="bbox 183 2292 1574 2355; baseline 0.001 -18"><span class='ocrx_word' id='word_1_200' title='bbox 183 2293 468 2355; x_wconf 83' lang='lat' dir='ltr'>dediderunt)</span> <span class='ocrx_word' id='word_1_201' title='bbox 495 2311 504 2336; x_wconf 91' lang='lat'>:</span> <span class='ocrx_word' id='word_1_202' title='bbox 533 2292 658 2337; x_wconf 87' lang='lat' dir='ltr'>multi</span> <span class='ocrx_word' id='word_1_203' title='bbox 690 2303 900 2355; x_wconf 85' lang='lat' dir='ltr'>praeterea</span> <span class='ocrx_word' id='word_1_204' title='bbox 928 2295 973 2338; x_wconf 91' lang='lat' dir='ltr'>in</span> <span class='ocrx_word' id='word_1_205' title='bbox 998 2293 1208 2339; x_wconf 82' lang='lat' dir='ltr'>finitimas</span> <span class='ocrx_word' id='word_1_206' title='bbox 1232 2294 1430 2338; x_wconf 87' lang='lat' dir='ltr'>civitates</span> <span class='ocrx_word' id='word_1_207' title='bbox 1453 2293 1574 2338; x_wconf 85' lang='lat' dir='ltr'>refu-</span> 
     </span>
     <span class='ocr_line' id='line_1_28' title="bbox 183 2373 1579 2437; baseline -0.001 -18"><span class='ocrx_word' id='word_1_208' title='bbox 183 2385 341 2436; x_wconf 87' lang='lat' dir='ltr'>gerunt</span> <span class='ocrx_word' id='word_1_209' title='bbox 371 2393 380 2419; x_wconf 91' lang='lat'>:</span> <span class='ocrx_word' id='word_1_210' title='bbox 413 2375 624 2436; x_wconf 82' lang='lat' dir='ltr'>signaque</span> <span class='ocrx_word' id='word_1_211' title='bbox 653 2373 857 2419; x_wconf 88' lang='lat' dir='ltr'>militaria</span> <span class='ocrx_word' id='word_1_212' title='bbox 879 2392 931 2420; x_wconf 80' lang='lat' dir='ltr'>ex</span> <span class='ocrx_word' id='word_1_213' title='bbox 956 2373 1114 2437; x_wconf 86' lang='lat' dir='ltr'>proelio</span> <span class='ocrx_word' id='word_1_214' title='bbox 1143 2374 1197 2419; x_wconf 87' lang='lat' dir='ltr'>ad</span> <span class='ocrx_word' id='word_1_215' title='bbox 1222 2376 1439 2419; x_wconf 87' lang='lat' dir='ltr'>Caesarem</span> <span class='ocrx_word' id='word_1_216' title='bbox 1475 2384 1579 2419; x_wconf 91' lang='lat' dir='ltr'>sunt</span> 
     </span>
     <span class='ocr_line' id='line_1_29' title="bbox 182 2453 1577 2516; baseline -0.001 -16"><span class='ocrx_word' id='word_1_217' title='bbox 182 2455 317 2500; x_wconf 84' lang='lat' dir='ltr'>relata</span> <span class='ocrx_word' id='word_1_218' title='bbox 342 2471 492 2501; x_wconf 78' lang='lat' dir='ltr'>chxx</span> <span class='ocrx_word' id='word_1_219' title='bbox 510 2491 521 2513; x_wconf 93' lang='lat'>,</span> <span class='ocrx_word' id='word_1_220' title='bbox 550 2465 592 2499; x_wconf 85' lang='lat' dir='ltr'>et</span> <span class='ocrx_word' id='word_1_221' title='bbox 621 2453 777 2516; x_wconf 86' lang='lat' dir='ltr'>aquilae</span> <span class='ocrx_word' id='word_1_222' title='bbox 805 2472 976 2501; x_wconf 73' lang='lat' dir='ltr'>novem,</span> <span class='ocrx_word' id='word_1_223' title='bbox 1000 2458 1050 2501; x_wconf 94' lang='lat' dir='ltr'>L.</span> <span class='ocrx_word' id='word_1_224' title='bbox 1071 2455 1318 2510; x_wconf 85' lang='lat' dir='ltr'>Domitius,</span> <span class='ocrx_word' id='word_1_225' title='bbox 1345 2472 1396 2499; x_wconf 85' lang='lat' dir='ltr'>ex</span> <span class='ocrx_word' id='word_1_226' title='bbox 1425 2456 1577 2500; x_wconf 83' lang='lat' dir='ltr'>castris</span> 
     </span>
     <span class='ocr_line' id='line_1_30' title="bbox 183 2535 1575 2599; baseline 0 -19"><span class='ocrx_word' id='word_1_227' title='bbox 183 2538 227 2580; x_wconf 90' lang='lat' dir='ltr'>in</span> <span class='ocrx_word' id='word_1_228' title='bbox 254 2547 448 2581; x_wconf 87' lang='lat' dir='ltr'>montem</span> <span class='ocrx_word' id='word_1_229' title='bbox 471 2537 694 2599; x_wconf 85' lang='lat' dir='ltr'>refugiens</span> <span class='ocrx_word' id='word_1_230' title='bbox 711 2572 722 2590; x_wconf 91' lang='lat'>,</span> <span class='ocrx_word' id='word_1_231' title='bbox 750 2553 886 2598; x_wconf 87' lang='lat' dir='ltr'>quum</span> <span class='ocrx_word' id='word_1_232' title='bbox 907 2538 1021 2582; x_wconf 86' lang='lat' dir='ltr'>vires</span> <span class='ocrx_word' id='word_1_233' title='bbox 1043 2554 1143 2582; x_wconf 87' lang='lat' dir='ltr'>eum</span> <span class='ocrx_word' id='word_1_234' title='bbox 1171 2535 1430 2581; x_wconf 85' lang='lat' dir='ltr'>lassitudine</span> <span class='ocrx_word' id='word_1_235' title='bbox 1454 2535 1575 2580; x_wconf 86' lang='lat' dir='ltr'>defe-</span> 
     </span>
     <span class='ocr_line' id='line_1_31' title="bbox 184 2617 1079 2679; baseline 0.003 -20"><span class='ocrx_word' id='word_1_236' title='bbox 184 2617 363 2674; x_wconf 80' lang='lat' dir='ltr'>cissent,</span> <span class='ocrx_word' id='word_1_237' title='bbox 391 2619 443 2662; x_wconf 83' lang='lat' dir='ltr'>ab</span> <span class='ocrx_word' id='word_1_238' title='bbox 469 2619 688 2679; x_wconf 88' lang='lat' dir='ltr'>equitibus</span> <span class='ocrx_word' id='word_1_239' title='bbox 717 2629 782 2663; x_wconf 90' lang='lat' dir='ltr'>est</span> <span class='ocrx_word' id='word_1_240' title='bbox 809 2619 1079 2664; x_wconf 87' lang='lat' dir='ltr'>interfectus.</span> 
     </span>
    </p>
   </div>
  </div>
 </body>
</html>
