1972 3356
401 233 473 270 160
609 235 648 270 C.
681 234 810 269 JULII
841 233 1057 269 CAESARIS
1090 234 1576 271 COMMENTARIORUM

399 323 494 380 ipso
512 317 625 362 vallo
640 319 866 378 portisque
887 327 1134 362 castrorum
1154 318 1363 361 barbaros
1381 319 1653 362 avertissent.
1677 320 1794 377 Qua-

397 416 496 443 rum
511 399 710 442 omnium
726 415 874 442 rerum
890 399 1079 442 maxime
1091 397 1402 442 admirandum
1416 398 1663 454 videbatur,
1673 399 1792 460 quod

398 481 636 536 Germani,
668 481 745 540 qui
771 497 823 524 eo
847 479 1031 524 consilio
1059 479 1267 524 Rhenum
1296 480 1587 535 transierant,
1612 490 1661 524 ut
1684 482 1792 525 Am-

397 560 577 622 biorigis
600 560 708 604 fines
726 560 1124 622 depopularentur,
1148 560 1204 604 ad
1228 571 1369 605 castra
1390 563 1697 605 Romanorum
1722 561 1794 605 de-

397 640 494 695 lati,
521 642 846 701 optatissimum
873 641 1121 702 Ambiorigi
1148 641 1415 685 beneficium
1439 640 1706 685 obtulerant.

460 723 622 765 XLIII.
658 723 823 777 Caesar,
861 738 1012 765 rursus
1043 721 1097 764 ad
1125 722 1346 765 vexandos
1378 721 1524 765 hostes
1550 721 1792 782 profectus,

396 817 557 863 magno
583 813 736 846 coacto
760 819 946 847 numero
971 819 1022 846 ex
1043 802 1242 846 finitimis
1264 803 1539 859 civitatibus,
1570 803 1615 846 in
1641 819 1793 847 omnes

396 893 543 943 partes
579 883 775 927 dimittit.
811 885 978 927 Omnes
1015 884 1100 927 vici
1137 894 1268 944 atque
1302 885 1449 927 omnia
1482 883 1664 927 aedificia
1698 900 1794 944 quae

396 964 583 1024 quisque
606 974 918 1025 conspexerat,
948 963 1303 1007 incendebantur
1320 981 1328 1007 :
1345 964 1491 1024 praeda
1512 981 1563 1008 ex
1589 964 1794 1007 omnibus

396 1043 504 1088 locis
527 1044 739 1105 agebatur
764 1061 772 1087 :
799 1043 1023 1087 frumenta
1045 1060 1135 1086 non
1155 1042 1299 1087 solum
1319 1061 1343 1087 a
1365 1054 1487 1088 tanta
1509 1043 1794 1088 multitudine

392 1126 696 1185 jumentorum
723 1133 855 1183 atque
882 1123 1115 1167 hominum
1144 1125 1539 1180 consumebantur,
1564 1125 1638 1169 sed
1662 1126 1791 1169 etiam

395 1207 499 1249 anni
529 1215 727 1266 tempore
766 1215 898 1266 atque
931 1205 1149 1249 imbribus
1176 1206 1524 1266 procubuerant3
1554 1217 1629 1263 ut,
1653 1208 1689 1251 si
1719 1209 1794 1267 qui

396 1287 527 1330 etiam
556 1287 602 1329 in
635 1287 867 1347 praesentia
901 1302 945 1329 se
976 1285 1300 1343 occuluissent,
1334 1296 1481 1331 tamen
1509 1288 1581 1342 iis,
1607 1287 1794 1331 deducto

396 1368 619 1423 exercitu,
651 1384 800 1411 rerum
837 1367 1038 1411 omnium
1065 1368 1216 1428 inopia
1248 1368 1525 1429 pereundum
1555 1368 1793 1412 videretur.

395 1451 462 1492 Ac
479 1465 591 1508 saepe
613 1450 658 1492 in
679 1466 778 1492 eum
807 1448 953 1493 locum
979 1459 1163 1494 ventum
1185 1460 1274 1506 est,
1302 1460 1425 1493 tanto
1450 1451 1494 1493 in
1518 1467 1670 1494 omnes
1693 1467 1794 1510 par-

397 1538 460 1572 tes
496 1527 639 1573 diviso
668 1531 888 1590 equitam,
921 1540 969 1574 ut
999 1530 1131 1574 modo
1162 1532 1306 1574 visum
1337 1531 1390 1574 ab
1420 1548 1463 1575 se
1490 1531 1794 1592 Ambiorigem

396 1610 441 1653 in
477 1610 581 1671 fuga
614 1610 796 1671 captivi,
828 1627 908 1654 nec
944 1609 1074 1671 plane
1111 1612 1243 1655 etiam
1287 1612 1428 1655 abisse
1463 1628 1516 1655 ex
1554 1621 1792 1672 conspectu

396 1691 736 1747 contenderent,
769 1701 841 1747 ut,
869 1708 944 1752 spe
972 1691 1272 1753 consequendi
1299 1691 1438 1749 illata,
1466 1702 1598 1753 atque
1621 1692 1794 1736 infinito

396 1769 545 1816 labore
571 1782 797 1833 susceptO‚
827 1774 902 1832 qui
934 1790 977 1816 se
1008 1789 1224 1816 summam
1253 1790 1276 1815 a
1302 1775 1472 1816 Caesare
1499 1773 1689 1833 gratiam
1716 1773 1797 1816 iui-

397 1861 518 1896 turos
554 1862 781 1913 putarent,
812 1869 936 1913 paene
973 1863 1178 1896 naturam
1216 1852 1363 1897 studio
1400 1853 1647 1910 vincerent,
1683 1870 1796 1897 sem-

395 1949 560 1993 perque
589 1932 772 1994 paulum
796 1934 851 1977 ad
875 1950 1095 1977 summam
1125 1932 1379 1978 felicitatem
1410 1933 1597 1978 defuisse
1632 1934 1797 1977 videre—

396 2023 495 2069 tur,
520 2024 652 2075 atque
676 2013 748 2058 ille
772 2013 951 2058 latebris
976 2025 1052 2058 aut
1077 2014 1259 2058 saltibus
1286 2032 1330 2058 se
1359 2016 1570 2076 eriperet,
1597 2023 1639 2058 et.
1661 2024 1796 2058 noctu

395 2094 640 2139 occultatus
670 2094 776 2139 alias
807 2096 1009 2157 regiones
1039 2105 1273 2156 partesque
1301 2105 1491 2156 peteret,
1517 2113 1607 2139 non
1631 2096 1796 2156 majore

395 2177 594 2237 equitum
608 2177 833 2238 praesidio,
850 2194 983 2238 quam
999 2186 1205 2238 quatuor,
1221 2178 1382 2238 quibus
1401 2176 1503 2221 solis
1522 2178 1657 2222 vitam
1673 2193 1791 2221 suam

396 2259 675 2303 committere
697 2259 900 2303 audebat.

458 2341 619 2383 XLIV.
645 2339 741 2383 Tali
766 2339 898 2384 modo
925 2342 1105 2384 vastatis
1130 2341 1405 2402 regionibus,
1430 2341 1675 2385 exercitum
1701 2340 1794 2383 Cae-

396 2434 465 2461 sar
489 2419 679 2464 duarum
704 2420 957 2465 cohortium
980 2421 1142 2465 damno
1164 2423 1519 2466 Durocortorum
1543 2423 1790 2464 Remorum

396 2499 588 2558 reducit,
626 2500 906 2562 concilioque
942 2503 985 2545 in
1021 2519 1122 2546 eum
1157 2502 1303 2547 locum
1332 2501 1489 2546 Galliae
1518 2501 1711 2556 indicto,
1743 2499 1796 2543 de

395 2583 702 2644 conjuratione
729 2585 957 2628 Senonum
980 2594 1025 2627 et
1050 2585 1300 2628 Carnutum
1327 2584 1610 2645 quaestionem
1636 2583 1798 2626 habere

397 2664 606 2718 instituit;
626 2673 667 2706 et
687 2663 740 2707 de
765 2667 967 2721 Accone,
992 2665 1066 2725 qui
1091 2666 1296 2725 princeps
1321 2665 1414 2724 ejus
1439 2662 1611 2708 consilii
1635 2663 1797 2719 fuerat,
