<?xml version="1.0" encoding="UTF-8"?>
<!DOCTYPE html PUBLIC "-//W3C//DTD XHTML 1.0 Transitional//EN"
    "http://www.w3.org/TR/xhtml1/DTD/xhtml1-transitional.dtd">
<html xmlns="http://www.w3.org/1999/xhtml" xml:lang="en" lang="en">
 <head>
  <title>
</title>
<meta http-equiv="Content-Type" content="text/html;charset=utf-8" />
  <meta name='ocr-system' content='tesseract 3.04.00' />
  <meta name='ocr-capabilities' content='ocr_page ocr_carea ocr_par ocr_line ocrx_word'/>
</head>
<body>
  <div class='ocr_page' id='page_1' title='image "./operajoh0102caesuoft_0403.png"; bbox 0 0 1972 3356; ppageno 0'>
   <div class='ocr_carea' id='block_1_1' title="bbox 593 262 1615 310">
    <p class='ocr_par' dir='ltr' id='par_1_1' title="bbox 593 262 1615 310">
     <span class='ocr_line' id='line_1_1' title="bbox 593 262 1615 310; baseline 0 -13"><span class='ocrx_word' id='word_1_1' title='bbox 593 262 658 297; x_wconf 88' lang='lat' dir='ltr'>DE</span> <span class='ocrx_word' id='word_1_2' title='bbox 692 262 852 298; x_wconf 92' lang='lat' dir='ltr'><strong>BELLO</strong></span> <span class='ocrx_word' id='word_1_3' title='bbox 881 262 1033 298; x_wconf 89' lang='lat' dir='ltr'>CIVILI</span> <span class='ocrx_word' id='word_1_4' title='bbox 1061 263 1153 300; x_wconf 86' lang='lat' dir='ltr'>LIB.</span> <span class='ocrx_word' id='word_1_5' title='bbox 1182 264 1249 298; x_wconf 90' lang='lat'>111.</span> <span class='ocrx_word' id='word_1_6' title='bbox 1569 274 1615 310; x_wconf 86' lang='lat'>97</span> 
     </span>
    </p>
   </div>
   <div class='ocr_carea' id='block_1_2' title="bbox 227 345 1670 2751">
    <p class='ocr_par' dir='ltr' id='par_1_2' title="bbox 227 345 1670 1842">
     <span class='ocr_line' id='line_1_2' title="bbox 238 345 1615 408; baseline 0.001 -18"><span class='ocrx_word' id='word_1_7' title='bbox 238 345 550 407; x_wconf 87' lang='lat' dir='ltr'>expediendam</span> <span class='ocrx_word' id='word_1_8' title='bbox 564 381 574 401; x_wconf 95' lang='lat'>,</span> <span class='ocrx_word' id='word_1_9' title='bbox 598 363 681 406; x_wconf 89' lang='lat' dir='ltr'>qua</span> <span class='ocrx_word' id='word_1_10' title='bbox 698 356 881 408; x_wconf 83' lang='lat' dir='ltr'>anguste</span> <span class='ocrx_word' id='word_1_11' title='bbox 907 348 1127 403; x_wconf 82' lang='lat' dir='ltr'>utebatur,</span> <span class='ocrx_word' id='word_1_12' title='bbox 1146 356 1238 391; x_wconf 90' lang='lat' dir='ltr'>erat</span> <span class='ocrx_word' id='word_1_13' title='bbox 1256 347 1310 390; x_wconf 91' lang='lat' dir='ltr'>ad</span> <span class='ocrx_word' id='word_1_14' title='bbox 1328 347 1592 391; x_wconf 87' lang='lat' dir='ltr'><strong>Buthrotum</strong></span> <span class='ocrx_word' id='word_1_15' title='bbox 1605 383 1615 402; x_wconf 94' lang='lat'>,</span> 
     </span>
     <span class='ocr_line' id='line_1_3' title="bbox 239 427 1616 489; baseline 0.002 -20"><span class='ocrx_word' id='word_1_16' title='bbox 239 427 489 487; x_wconf 89' lang='lat' dir='ltr'>oppositum</span> <span class='ocrx_word' id='word_1_17' title='bbox 516 428 730 487; x_wconf 73' lang='lat' dir='ltr'>Corcyrae.</span> <span class='ocrx_word' id='word_1_18' title='bbox 758 427 825 470; x_wconf 93' lang='lat' dir='ltr'>Ibi</span> <span class='ocrx_word' id='word_1_19' title='bbox 854 427 1013 470; x_wconf 90' lang='lat' dir='ltr'>certior</span> <span class='ocrx_word' id='word_1_20' title='bbox 1037 428 1091 470; x_wconf 90' lang='lat' dir='ltr'>ab</span> <span class='ocrx_word' id='word_1_21' title='bbox 1118 427 1257 472; x_wconf 83' lang='lat' dir='ltr'>Acilio</span> <span class='ocrx_word' id='word_1_22' title='bbox 1283 437 1325 471; x_wconf 92' lang='lat' dir='ltr'>et</span> <span class='ocrx_word' id='word_1_23' title='bbox 1355 429 1515 472; x_wconf 89' lang='lat' dir='ltr'>Murco</span> <span class='ocrx_word' id='word_1_24' title='bbox 1540 445 1616 489; x_wconf 91' lang='lat' dir='ltr'>per</span> 
     </span>
     <span class='ocr_line' id='line_1_4' title="bbox 240 505 1670 569; baseline 0.001 -18"><span class='ocrx_word' id='word_1_25' title='bbox 240 506 405 551; x_wconf 83' lang='lat' dir='ltr'>litteras</span> <span class='ocrx_word' id='word_1_26' title='bbox 434 507 570 551; x_wconf 87' lang='lat' dir='ltr'>factus</span> <span class='ocrx_word' id='word_1_27' title='bbox 600 507 653 550; x_wconf 88' lang='lat' dir='ltr'>de</span> <span class='ocrx_word' id='word_1_28' title='bbox 685 505 914 568; x_wconf 86' lang='lat' dir='ltr'>postulatis</span> <span class='ocrx_word' id='word_1_29' title='bbox 939 507 1121 551; x_wconf 92' lang='lat' dir='ltr'>Libonis</span> <span class='ocrx_word' id='word_1_30' title='bbox 1143 516 1185 551; x_wconf 87' lang='lat' dir='ltr'>et</span> <span class='ocrx_word' id='word_1_31' title='bbox 1210 507 1378 564; x_wconf 91' lang='lat' dir='ltr'>Bibuli,</span> <span class='ocrx_word' id='word_1_32' title='bbox 1402 507 1615 569; x_wconf 80' lang='lat' dir='ltr'>legionem</span> <span class='ocrx_word' id='word_1_33' title='bbox 1666 564 1670 567; x_wconf 86' lang='lat'>.</span> 
     </span>
     <span class='ocr_line' id='line_1_5' title="bbox 236 587 1617 649; baseline 0.002 -18"><span class='ocrx_word' id='word_1_34' title='bbox 236 587 467 649; x_wconf 69' lang='lat' dir='ltr'>relinquit,</span> <span class='ocrx_word' id='word_1_35' title='bbox 486 588 576 648; x_wconf 92' lang='lat' dir='ltr'>ipse</span> <span class='ocrx_word' id='word_1_36' title='bbox 592 588 775 632; x_wconf 90' lang='lat' dir='ltr'>Oricum</span> <span class='ocrx_word' id='word_1_37' title='bbox 792 588 1039 630; x_wconf 88' lang='lat' dir='ltr'>revertitur.</span> <span class='ocrx_word' id='word_1_38' title='bbox 1057 589 1121 631; x_wconf 92' lang='lat' dir='ltr'>Eo</span> <span class='ocrx_word' id='word_1_39' title='bbox 1136 603 1272 647; x_wconf 90' lang='lat' dir='ltr'>quum</span> <span class='ocrx_word' id='word_1_40' title='bbox 1288 590 1497 645; x_wconf 88' lang='lat' dir='ltr'>venisset,</span> <span class='ocrx_word' id='word_1_41' title='bbox 1518 606 1617 634; x_wconf 91' lang='lat' dir='ltr'>evo-</span> 
     </span>
     <span class='ocr_line' id='line_1_6' title="bbox 237 665 1615 728; baseline 0.001 -15"><span class='ocrx_word' id='word_1_42' title='bbox 237 678 393 713; x_wconf 83' lang='lat' dir='ltr'>cantur</span> <span class='ocrx_word' id='word_1_43' title='bbox 421 667 483 711; x_wconf 91' lang='lat' dir='ltr'>illi</span> <span class='ocrx_word' id='word_1_44' title='bbox 516 667 571 711; x_wconf 93' lang='lat' dir='ltr'>ad</span> <span class='ocrx_word' id='word_1_45' title='bbox 605 665 888 728; x_wconf 90' lang='lat' dir='ltr'>colloquium.</span> <span class='ocrx_word' id='word_1_46' title='bbox 916 666 1068 711; x_wconf 85' lang='lat' dir='ltr'>Prodit</span> <span class='ocrx_word' id='word_1_47' title='bbox 1102 667 1237 724; x_wconf 90' lang='lat' dir='ltr'>Libo,</span> <span class='ocrx_word' id='word_1_48' title='bbox 1266 684 1407 728; x_wconf 89' lang='lat' dir='ltr'>neque</span> <span class='ocrx_word' id='word_1_49' title='bbox 1439 681 1615 714; x_wconf 82' lang='lat' dir='ltr'>excusat</span> 
     </span>
     <span class='ocr_line' id='line_1_7' title="bbox 236 746 1616 808; baseline 0 -15"><span class='ocrx_word' id='word_1_50' title='bbox 236 747 440 793; x_wconf 84' lang='lat' dir='ltr'>Bibulum</span> <span class='ocrx_word' id='word_1_51' title='bbox 456 783 468 804; x_wconf 88' lang='lat'>,</span> <span class='ocrx_word' id='word_1_52' title='bbox 495 768 515 789; x_wconf 78' lang='grc' dir='ltr'>α</span> <span class='ocrx_word' id='word_1_53' title='bbox 535 747 654 808; x_wconf 91' lang='lat' dir='ltr'>quod</span> <span class='ocrx_word' id='word_1_54' title='bbox 682 748 717 791; x_wconf 92' lang='lat' dir='ltr'>is</span> <span class='ocrx_word' id='word_1_55' title='bbox 746 746 975 791; x_wconf 85' lang='lat' dir='ltr'>iracundia</span> <span class='ocrx_word' id='word_1_56' title='bbox 1006 764 1175 792; x_wconf 91' lang='lat' dir='ltr'>summa</span> <span class='ocrx_word' id='word_1_57' title='bbox 1200 757 1320 803; x_wconf 89' lang='lat' dir='ltr'>erat,</span> <span class='ocrx_word' id='word_1_58' title='bbox 1345 749 1616 794; x_wconf 85' lang='lat' dir='ltr'>inimicitias-</span> 
     </span>
     <span class='ocr_line' id='line_1_8' title="bbox 235 829 1617 891; baseline -0.001 -17"><span class='ocrx_word' id='word_1_59' title='bbox 235 847 318 891; x_wconf 85' lang='lat' dir='ltr'>que</span> <span class='ocrx_word' id='word_1_60' title='bbox 346 829 532 874; x_wconf 89' lang='lat' dir='ltr'>habebat</span> <span class='ocrx_word' id='word_1_61' title='bbox 553 829 683 873; x_wconf 88' lang='lat' dir='ltr'>etiam</span> <span class='ocrx_word' id='word_1_62' title='bbox 709 829 900 889; x_wconf 87' lang='lat' dir='ltr'>privatas</span> <span class='ocrx_word' id='word_1_63' title='bbox 923 844 1023 872; x_wconf 89' lang='lat' dir='ltr'>cum</span> <span class='ocrx_word' id='word_1_64' title='bbox 1047 830 1242 881; x_wconf 85' lang='lat' dir='ltr'>Caesare,</span> <span class='ocrx_word' id='word_1_65' title='bbox 1269 846 1320 873; x_wconf 82' lang='lat' dir='ltr'>ex</span> <span class='ocrx_word' id='word_1_66' title='bbox 1343 829 1547 874; x_wconf 86' lang='lat' dir='ltr'>aedilitate</span> <span class='ocrx_word' id='word_1_67' title='bbox 1575 840 1617 874; x_wconf 86' lang='lat' dir='ltr'>et</span> 
     </span>
     <span class='ocr_line' id='line_1_9' title="bbox 232 908 1616 971; baseline 0 -17"><span class='ocrx_word' id='word_1_68' title='bbox 232 919 419 970; x_wconf 87' lang='lat' dir='ltr'>praetura</span> <span class='ocrx_word' id='word_1_69' title='bbox 444 919 674 971; x_wconf 87' lang='lat' dir='ltr'>conceptas</span> <span class='ocrx_word' id='word_1_70' title='bbox 697 926 708 965; x_wconf 81' lang='lat'>3</span> <span class='ocrx_word' id='word_1_71' title='bbox 738 909 795 953; x_wconf 94' lang='lat' dir='ltr'>ob</span> <span class='ocrx_word' id='word_1_72' title='bbox 819 925 914 953; x_wconf 89' lang='lat' dir='ltr'>eam</span> <span class='ocrx_word' id='word_1_73' title='bbox 939 926 1031 953; x_wconf 89' lang='lat' dir='ltr'>rem</span> <span class='ocrx_word' id='word_1_74' title='bbox 1059 908 1327 970; x_wconf 87' lang='lat' dir='ltr'>colloquium</span> <span class='ocrx_word' id='word_1_75' title='bbox 1352 911 1531 962; x_wconf 77' lang='lat' dir='ltr'>vitasse,</span> <span class='ocrx_word' id='word_1_76' title='bbox 1563 928 1616 954; x_wconf 91' lang='lat' dir='ltr'>ne</span> 
     </span>
     <span class='ocr_line' id='line_1_10' title="bbox 232 989 1616 1052; baseline 0 -18"><span class='ocrx_word' id='word_1_77' title='bbox 232 1007 298 1034; x_wconf 87' lang='lat' dir='ltr'>res</span> <span class='ocrx_word' id='word_1_78' title='bbox 321 990 521 1034; x_wconf 83' lang='lat' dir='ltr'>maximae</span> <span class='ocrx_word' id='word_1_79' title='bbox 543 991 633 1052; x_wconf 90' lang='lat' dir='ltr'>spei</span> <span class='ocrx_word' id='word_1_80' title='bbox 656 992 942 1050; x_wconf 79' lang='lat' dir='ltr'>maximaeque</span> <span class='ocrx_word' id='word_1_81' title='bbox 963 989 1163 1034; x_wconf 74' lang='lat' dir='ltr'>utilitatis</span> <span class='ocrx_word' id='word_1_82' title='bbox 1179 991 1271 1051; x_wconf 86' lang='lat' dir='ltr'>ejus</span> <span class='ocrx_word' id='word_1_83' title='bbox 1292 991 1517 1035; x_wconf 83' lang='lat' dir='ltr'>iracundia</span> <span class='ocrx_word' id='word_1_84' title='bbox 1536 991 1616 1034; x_wconf 88' lang='lat' dir='ltr'>im-</span> 
     </span>
     <span class='ocr_line' id='line_1_11' title="bbox 231 1070 1613 1133; baseline 0.001 -18"><span class='ocrx_word' id='word_1_85' title='bbox 231 1070 484 1132; x_wconf 88' lang='lat' dir='ltr'>pedirentur</span> <span class='ocrx_word' id='word_1_86' title='bbox 511 1089 519 1115; x_wconf 94' lang='lat'><strong>:</strong></span> <span class='ocrx_word' id='word_1_87' title='bbox 543 1072 739 1132; x_wconf 89' lang='lat' dir='ltr'>Pompeii</span> <span class='ocrx_word' id='word_1_88' title='bbox 764 1088 979 1115; x_wconf 88' lang='lat' dir='ltr'>summam</span> <span class='ocrx_word' id='word_1_89' title='bbox 1007 1088 1097 1116; x_wconf 87' lang='lat' dir='ltr'>esse</span> <span class='ocrx_word' id='word_1_90' title='bbox 1124 1088 1173 1115; x_wconf 88' lang='lat' dir='ltr'>ac</span> <span class='ocrx_word' id='word_1_91' title='bbox 1191 1072 1321 1115; x_wconf 88' lang='lat' dir='ltr'>fuisse</span> <span class='ocrx_word' id='word_1_92' title='bbox 1345 1089 1515 1133; x_wconf 87' lang='lat' dir='ltr'>semper</span> <span class='ocrx_word' id='word_1_93' title='bbox 1535 1089 1613 1116; x_wconf 89' lang='lat' dir='ltr'>vo-</span> 
     </span>
     <span class='ocr_line' id='line_1_12' title="bbox 230 1151 1614 1214; baseline 0.001 -19"><span class='ocrx_word' id='word_1_94' title='bbox 230 1151 470 1208; x_wconf 85' lang='lat' dir='ltr'>luntatem‚</span> <span class='ocrx_word' id='word_1_95' title='bbox 502 1162 548 1196; x_wconf 90' lang='lat' dir='ltr'>ut</span> <span class='ocrx_word' id='word_1_96' title='bbox 570 1161 954 1214; x_wconf 74' lang='lat' dir='ltr'>componerentur,</span> <span class='ocrx_word' id='word_1_97' title='bbox 982 1162 1111 1213; x_wconf 87' lang='lat' dir='ltr'>atque</span> <span class='ocrx_word' id='word_1_98' title='bbox 1135 1152 1189 1196; x_wconf 88' lang='lat' dir='ltr'>ab</span> <span class='ocrx_word' id='word_1_99' title='bbox 1213 1154 1342 1196; x_wconf 89' lang='lat' dir='ltr'>armis</span> <span class='ocrx_word' id='word_1_100' title='bbox 1375 1152 1614 1197; x_wconf 85' lang='lat' dir='ltr'>discedere-</span> 
     </span>
     <span class='ocr_line' id='line_1_13' title="bbox 231 1232 1615 1295; baseline 0.001 -19"><span class='ocrx_word' id='word_1_101' title='bbox 231 1242 303 1276; x_wconf 87' lang='lat' dir='ltr'>tur</span> <span class='ocrx_word' id='word_1_102' title='bbox 326 1251 334 1276; x_wconf 89' lang='lat'>:</span> <span class='ocrx_word' id='word_1_103' title='bbox 355 1233 428 1277; x_wconf 89' lang='lat' dir='ltr'>sed</span> <span class='ocrx_word' id='word_1_104' title='bbox 446 1242 707 1294; x_wconf 87' lang='lat' dir='ltr'>potestatem</span> <span class='ocrx_word' id='word_1_105' title='bbox 729 1249 772 1277; x_wconf 89' lang='lat' dir='ltr'>se</span> <span class='ocrx_word' id='word_1_106' title='bbox 791 1234 885 1293; x_wconf 89' lang='lat' dir='ltr'>ejus</span> <span class='ocrx_word' id='word_1_107' title='bbox 905 1234 965 1277; x_wconf 91' lang='lat' dir='ltr'>rei</span> <span class='ocrx_word' id='word_1_108' title='bbox 986 1232 1149 1277; x_wconf 88' lang='lat' dir='ltr'>nullam</span> <span class='ocrx_word' id='word_1_109' title='bbox 1173 1233 1356 1289; x_wconf 80' lang='lat' dir='ltr'>habere,</span> <span class='ocrx_word' id='word_1_110' title='bbox 1383 1243 1615 1295; x_wconf 88' lang='lat' dir='ltr'>propterea</span> 
     </span>
     <span class='ocr_line' id='line_1_14' title="bbox 231 1313 1612 1377; baseline 0.003 -20"><span class='ocrx_word' id='word_1_111' title='bbox 231 1314 350 1374; x_wconf 88' lang='lat' dir='ltr'>quod</span> <span class='ocrx_word' id='word_1_112' title='bbox 372 1314 424 1358; x_wconf 94' lang='lat' dir='ltr'>de</span> <span class='ocrx_word' id='word_1_113' title='bbox 446 1313 615 1358; x_wconf 84' lang='lat' dir='ltr'>consilii</span> <span class='ocrx_word' id='word_1_114' title='bbox 645 1315 859 1359; x_wconf 87' lang='lat' dir='ltr'>sententia</span> <span class='ocrx_word' id='word_1_115' title='bbox 887 1331 1101 1358; x_wconf 90' lang='lat' dir='ltr'>summam</span> <span class='ocrx_word' id='word_1_116' title='bbox 1129 1314 1230 1358; x_wconf 90' lang='lat' dir='ltr'>belli</span> <span class='ocrx_word' id='word_1_117' title='bbox 1260 1332 1492 1377; x_wconf 86' lang='lat' dir='ltr'>rerumque</span> <span class='ocrx_word' id='word_1_118' title='bbox 1517 1334 1612 1361; x_wconf 91' lang='lat' dir='ltr'>om-</span> 
     </span>
     <span class='ocr_line' id='line_1_15' title="bbox 231 1394 1616 1460; baseline 0.004 -23"><span class='ocrx_word' id='word_1_119' title='bbox 231 1396 351 1438; x_wconf 89' lang='lat' dir='ltr'>nium</span> <span class='ocrx_word' id='word_1_120' title='bbox 375 1396 586 1456; x_wconf 91' lang='lat' dir='ltr'>Pompeio</span> <span class='ocrx_word' id='word_1_121' title='bbox 609 1395 906 1455; x_wconf 86' lang='lat' dir='ltr'>permiserint;</span> <span class='ocrx_word' id='word_1_122' title='bbox 927 1394 1001 1439; x_wconf 88' lang='lat' dir='ltr'>sed</span> <span class='ocrx_word' id='word_1_123' title='bbox 1020 1395 1250 1455; x_wconf 87' lang='lat' dir='ltr'>postulatis</span> <span class='ocrx_word' id='word_1_124' title='bbox 1269 1399 1450 1442; x_wconf 75' lang='lat' dir='ltr'>Caesaris</span> <span class='ocrx_word' id='word_1_125' title='bbox 1468 1399 1616 1460; x_wconf 82' lang='lat' dir='ltr'>cogni-</span> 
     </span>
     <span class='ocr_line' id='line_1_16' title="bbox 233 1475 1615 1539; baseline 0.003 -21"><span class='ocrx_word' id='word_1_126' title='bbox 233 1475 288 1518; x_wconf 88' lang='lat' dir='ltr'>tis</span> <span class='ocrx_word' id='word_1_127' title='bbox 306 1510 317 1532; x_wconf 95' lang='lat'>,</span> <span class='ocrx_word' id='word_1_128' title='bbox 349 1477 560 1519; x_wconf 81' lang='lat' dir='ltr'>missuros</span> <span class='ocrx_word' id='word_1_129' title='bbox 599 1475 654 1519; x_wconf 89' lang='lat' dir='ltr'>ad</span> <span class='ocrx_word' id='word_1_130' title='bbox 694 1476 974 1536; x_wconf 86' lang='lat' dir='ltr'>Pompeium,</span> <span class='ocrx_word' id='word_1_131' title='bbox 1011 1485 1142 1535; x_wconf 82' lang='lat' dir='ltr'>atque</span> <span class='ocrx_word' id='word_1_132' title='bbox 1169 1475 1290 1520; x_wconf 91' lang='lat' dir='ltr'>illum</span> <span class='ocrx_word' id='word_1_133' title='bbox 1330 1476 1496 1538; x_wconf 83' lang='lat' dir='ltr'>reliqua</span> <span class='ocrx_word' id='word_1_134' title='bbox 1540 1495 1615 1539; x_wconf 87' lang='lat' dir='ltr'>per</span> 
     </span>
     <span class='ocr_line' id='line_1_17' title="bbox 230 1555 1614 1617; baseline 0.003 -18"><span class='ocrx_word' id='word_1_135' title='bbox 230 1572 275 1599; x_wconf 93' lang='lat' dir='ltr'>se</span> <span class='ocrx_word' id='word_1_136' title='bbox 302 1566 504 1600; x_wconf 88' lang='lat' dir='ltr'>acturum</span> <span class='ocrx_word' id='word_1_137' title='bbox 521 1591 532 1610; x_wconf 89' lang='lat'>‚</span> <span class='ocrx_word' id='word_1_138' title='bbox 558 1555 839 1600; x_wconf 86' lang='lat' dir='ltr'>hortantibus</span> <span class='ocrx_word' id='word_1_139' title='bbox 865 1557 968 1617; x_wconf 87' lang='lat' dir='ltr'>ipsis</span> <span class='ocrx_word' id='word_1_140' title='bbox 995 1574 1003 1599; x_wconf 90' lang='lat'>:</span> <span class='ocrx_word' id='word_1_141' title='bbox 1035 1557 1197 1601; x_wconf 85' lang='lat' dir='ltr'>interea</span> <span class='ocrx_word' id='word_1_142' title='bbox 1231 1569 1457 1602; x_wconf 88' lang='lat' dir='ltr'>manerent</span> <span class='ocrx_word' id='word_1_143' title='bbox 1484 1559 1614 1603; x_wconf 87' lang='lat' dir='ltr'>indu-</span> 
     </span>
     <span class='ocr_line' id='line_1_18' title="bbox 227 1635 1614 1698; baseline 0.004 -19"><span class='ocrx_word' id='word_1_144' title='bbox 227 1637 304 1680; x_wconf 88' lang='lat' dir='ltr'>ciae</span> <span class='ocrx_word' id='word_1_145' title='bbox 322 1671 333 1691; x_wconf 90' lang='lat'>,</span> <span class='ocrx_word' id='word_1_146' title='bbox 368 1636 474 1680; x_wconf 88' lang='lat' dir='ltr'>dum</span> <span class='ocrx_word' id='word_1_147' title='bbox 500 1636 554 1680; x_wconf 90' lang='lat' dir='ltr'>ab</span> <span class='ocrx_word' id='word_1_148' title='bbox 576 1635 652 1680; x_wconf 91' lang='lat' dir='ltr'>illo</span> <span class='ocrx_word' id='word_1_149' title='bbox 689 1636 822 1680; x_wconf 89' lang='lat' dir='ltr'>rediri</span> <span class='ocrx_word' id='word_1_150' title='bbox 852 1646 1026 1698; x_wconf 87' lang='lat' dir='ltr'>posset;</span> <span class='ocrx_word' id='word_1_151' title='bbox 1059 1654 1165 1681; x_wconf 89' lang='lat' dir='ltr'>neve</span> <span class='ocrx_word' id='word_1_152' title='bbox 1194 1637 1302 1682; x_wconf 88' lang='lat' dir='ltr'>alter</span> <span class='ocrx_word' id='word_1_153' title='bbox 1328 1638 1452 1683; x_wconf 87' lang='lat' dir='ltr'>alteri</span> <span class='ocrx_word' id='word_1_154' title='bbox 1485 1657 1614 1684; x_wconf 79' lang='lat' dir='ltr'>noce-</span> 
     </span>
     <span class='ocr_line' id='line_1_19' title="bbox 227 1716 1616 1782; baseline 0.003 -21"><span class='ocrx_word' id='word_1_155' title='bbox 227 1727 305 1761; x_wconf 88' lang='lat' dir='ltr'>ret.</span> <span class='ocrx_word' id='word_1_156' title='bbox 322 1737 342 1759; x_wconf 85' lang='lat'>»</span> <span class='ocrx_word' id='word_1_157' title='bbox 362 1720 459 1762; x_wconf 91' lang='lat' dir='ltr'>Huc</span> <span class='ocrx_word' id='word_1_158' title='bbox 477 1716 598 1762; x_wconf 87' lang='lat' dir='ltr'>addit</span> <span class='ocrx_word' id='word_1_159' title='bbox 627 1734 762 1778; x_wconf 86' lang='lat' dir='ltr'>pauca</span> <span class='ocrx_word' id='word_1_160' title='bbox 787 1717 840 1761; x_wconf 91' lang='lat' dir='ltr'>de</span> <span class='ocrx_word' id='word_1_161' title='bbox 861 1733 990 1762; x_wconf 89' lang='lat' dir='ltr'>causa</span> <span class='ocrx_word' id='word_1_162' title='bbox 1006 1753 1017 1772; x_wconf 91' lang='lat'>,</span> <span class='ocrx_word' id='word_1_163' title='bbox 1047 1728 1089 1762; x_wconf 90' lang='lat' dir='ltr'>et</span> <span class='ocrx_word' id='word_1_164' title='bbox 1114 1719 1167 1763; x_wconf 88' lang='lat' dir='ltr'>de</span> <span class='ocrx_word' id='word_1_165' title='bbox 1191 1721 1327 1780; x_wconf 90' lang='lat' dir='ltr'>copiis</span> <span class='ocrx_word' id='word_1_166' title='bbox 1358 1720 1616 1782; x_wconf 86' lang='lat' dir='ltr'>auxiliisque</span> 
     </span>
     <span class='ocr_line' id='line_1_20' title="bbox 229 1799 330 1842; baseline 0.01 -1"><span class='ocrx_word' id='word_1_167' title='bbox 229 1799 330 1842; x_wconf 89' lang='lat' dir='ltr'>suis.</span> 
     </span>
    </p>

    <p class='ocr_par' dir='ltr' id='par_1_3' title="bbox 228 1880 1619 2751">
     <span class='ocr_line' id='line_1_21' title="bbox 296 1880 1616 1942; baseline 0.004 -19"><span class='ocrx_word' id='word_1_168' title='bbox 296 1881 438 1924; x_wconf 86' lang='lat' dir='ltr'>XVII.</span> <span class='ocrx_word' id='word_1_169' title='bbox 461 1881 636 1937; x_wconf 88' lang='lat' dir='ltr'>Quibus</span> <span class='ocrx_word' id='word_1_170' title='bbox 661 1880 791 1923; x_wconf 84' lang='lat' dir='ltr'>rebus</span> <span class='ocrx_word' id='word_1_171' title='bbox 812 1896 953 1940; x_wconf 86' lang='lat' dir='ltr'>neque</span> <span class='ocrx_word' id='word_1_172' title='bbox 975 1889 1067 1924; x_wconf 82' lang='lat' dir='ltr'>tuin</span> <span class='ocrx_word' id='word_1_173' title='bbox 1092 1882 1444 1942; x_wconf 87' lang='lat' dir='ltr'>respondendum</span> <span class='ocrx_word' id='word_1_174' title='bbox 1471 1887 1616 1928; x_wconf 84' lang='lat' dir='ltr'>Caesar</span> 
     </span>
     <span class='ocr_line' id='line_1_22' title="bbox 230 1959 1616 2023; baseline 0.004 -21"><span class='ocrx_word' id='word_1_175' title='bbox 230 1959 523 2016; x_wconf 84' lang='lat' dir='ltr'>existimavit,</span> <span class='ocrx_word' id='word_1_176' title='bbox 556 1977 698 2021; x_wconf 89' lang='lat' dir='ltr'>neque</span> <span class='ocrx_word' id='word_1_177' title='bbox 729 1977 874 2017; x_wconf 85' lang='lat' dir='ltr'>nune,</span> <span class='ocrx_word' id='word_1_178' title='bbox 902 1970 950 2004; x_wconf 89' lang='lat' dir='ltr'>ut</span> <span class='ocrx_word' id='word_1_179' title='bbox 977 1963 1198 2005; x_wconf 84' lang='lat' dir='ltr'>memoriae</span> <span class='ocrx_word' id='word_1_180' title='bbox 1228 1962 1489 2023; x_wconf 83' lang='lat' dir='ltr'>prodantur,</span> <span class='ocrx_word' id='word_1_181' title='bbox 1514 1966 1616 2009; x_wconf 82' lang='lat' dir='ltr'>satis</span> 
     </span>
     <span class='ocr_line' id='line_1_23' title="bbox 231 2039 1616 2105; baseline 0.004 -22"><span class='ocrx_word' id='word_1_182' title='bbox 231 2056 369 2084; x_wconf 85' lang='lat' dir='ltr'>causae</span> <span class='ocrx_word' id='word_1_183' title='bbox 396 2050 618 2102; x_wconf 87' lang='lat' dir='ltr'>putamus.</span> <span class='ocrx_word' id='word_1_184' title='bbox 650 2039 907 2085; x_wconf 87' lang='lat' dir='ltr'>Postulabat</span> <span class='ocrx_word' id='word_1_185' title='bbox 940 2044 1099 2095; x_wconf 86' lang='lat' dir='ltr'>Caesar,</span> <span class='ocrx_word' id='word_1_186' title='bbox 1131 2062 1151 2083; x_wconf 77' lang='grc' dir='ltr'>α</span> <span class='ocrx_word' id='word_1_187' title='bbox 1171 2052 1219 2086; x_wconf 88' lang='lat' dir='ltr'>ut</span> <span class='ocrx_word' id='word_1_188' title='bbox 1247 2043 1411 2105; x_wconf 85' lang='lat' dir='ltr'>legatos</span> <span class='ocrx_word' id='word_1_189' title='bbox 1447 2045 1528 2088; x_wconf 89' lang='lat' dir='ltr'>sibi</span> <span class='ocrx_word' id='word_1_190' title='bbox 1562 2045 1616 2088; x_wconf 91' lang='lat' dir='ltr'>ad</span> 
     </span>
     <span class='ocr_line' id='line_1_24' title="bbox 229 2121 1618 2185; baseline 0.004 -21"><span class='ocrx_word' id='word_1_191' title='bbox 229 2122 485 2182; x_wconf 89' lang='lat' dir='ltr'>Pompeium</span> <span class='ocrx_word' id='word_1_192' title='bbox 505 2121 596 2165; x_wconf 88' lang='lat' dir='ltr'>sine</span> <span class='ocrx_word' id='word_1_193' title='bbox 612 2121 806 2182; x_wconf 81' lang='lat' dir='ltr'>periculo</span> <span class='ocrx_word' id='word_1_194' title='bbox 826 2123 997 2166; x_wconf 89' lang='lat' dir='ltr'>mittere</span> <span class='ocrx_word' id='word_1_195' title='bbox 1013 2121 1159 2167; x_wconf 82' lang='lat' dir='ltr'>liceret</span> <span class='ocrx_word' id='word_1_196' title='bbox 1175 2140 1186 2178; x_wconf 81' lang='lat'>3</span> <span class='ocrx_word' id='word_1_197' title='bbox 1204 2123 1336 2184; x_wconf 91' lang='lat' dir='ltr'>idque</span> <span class='ocrx_word' id='word_1_198' title='bbox 1352 2125 1433 2185; x_wconf 90' lang='lat' dir='ltr'>ipsi</span> <span class='ocrx_word' id='word_1_199' title='bbox 1448 2125 1541 2169; x_wconf 87' lang='lat' dir='ltr'>fore</span> <span class='ocrx_word' id='word_1_200' title='bbox 1553 2143 1618 2169; x_wconf 89' lang='lat' dir='ltr'>re-</span> 
     </span>
     <span class='ocr_line' id='line_1_25' title="bbox 228 2202 1616 2265; baseline 0.004 -20"><span class='ocrx_word' id='word_1_201' title='bbox 228 2202 448 2262; x_wconf 87' lang='lat' dir='ltr'>ciperent,</span> <span class='ocrx_word' id='word_1_202' title='bbox 471 2213 549 2247; x_wconf 90' lang='lat' dir='ltr'>aut</span> <span class='ocrx_word' id='word_1_203' title='bbox 572 2212 774 2264; x_wconf 88' lang='lat' dir='ltr'>acceptos</span> <span class='ocrx_word' id='word_1_204' title='bbox 796 2219 874 2264; x_wconf 85' lang='lat' dir='ltr'>per</span> <span class='ocrx_word' id='word_1_205' title='bbox 892 2220 935 2247; x_wconf 89' lang='lat' dir='ltr'>se</span> <span class='ocrx_word' id='word_1_206' title='bbox 952 2203 1005 2247; x_wconf 91' lang='lat' dir='ltr'>ad</span> <span class='ocrx_word' id='word_1_207' title='bbox 1027 2220 1125 2248; x_wconf 89' lang='lat' dir='ltr'>eum</span> <span class='ocrx_word' id='word_1_208' title='bbox 1151 2204 1456 2265; x_wconf 86' lang='lat' dir='ltr'>perducerent.</span> <span class='ocrx_word' id='word_1_209' title='bbox 1481 2207 1616 2263; x_wconf 86' lang='lat' dir='ltr'>Quod</span> 
     </span>
     <span class='ocr_line' id='line_1_26' title="bbox 229 2282 1618 2344; baseline 0.003 -17"><span class='ocrx_word' id='word_1_210' title='bbox 229 2282 283 2326; x_wconf 90' lang='lat' dir='ltr'>ad</span> <span class='ocrx_word' id='word_1_211' title='bbox 305 2283 503 2328; x_wconf 86' lang='lat' dir='ltr'>inducias</span> <span class='ocrx_word' id='word_1_212' title='bbox 520 2284 781 2344; x_wconf 82' lang='lat' dir='ltr'>pertineret,</span> <span class='ocrx_word' id='word_1_213' title='bbox 801 2284 861 2328; x_wconf 89' lang='lat' dir='ltr'>sic</span> <span class='ocrx_word' id='word_1_214' title='bbox 875 2283 977 2328; x_wconf 90' lang='lat' dir='ltr'>belli</span> <span class='ocrx_word' id='word_1_215' title='bbox 998 2286 1213 2329; x_wconf 89' lang='lat' dir='ltr'>rationem</span> <span class='ocrx_word' id='word_1_216' title='bbox 1232 2302 1324 2330; x_wconf 89' lang='lat' dir='ltr'>esse</span> <span class='ocrx_word' id='word_1_217' title='bbox 1341 2286 1525 2331; x_wconf 88' lang='lat' dir='ltr'>divisam</span> <span class='ocrx_word' id='word_1_218' title='bbox 1539 2324 1549 2342; x_wconf 87' lang='lat'>‚</span> <span class='ocrx_word' id='word_1_219' title='bbox 1570 2298 1618 2331; x_wconf 92' lang='lat' dir='ltr'>ut</span> 
     </span>
     <span class='ocr_line' id='line_1_27' title="bbox 228 2360 1618 2428; baseline 0.004 -21"><span class='ocrx_word' id='word_1_220' title='bbox 228 2360 291 2407; x_wconf 89' lang='lat' dir='ltr'>illi</span> <span class='ocrx_word' id='word_1_221' title='bbox 314 2363 449 2408; x_wconf 89' lang='lat' dir='ltr'>classe</span> <span class='ocrx_word' id='word_1_222' title='bbox 474 2381 605 2409; x_wconf 88' lang='lat' dir='ltr'>naves</span> <span class='ocrx_word' id='word_1_223' title='bbox 623 2363 870 2425; x_wconf 84' lang='lat' dir='ltr'>auxiliaque</span> <span class='ocrx_word' id='word_1_224' title='bbox 897 2381 974 2409; x_wconf 88' lang='lat' dir='ltr'>sua</span> <span class='ocrx_word' id='word_1_225' title='bbox 999 2365 1290 2426; x_wconf 88' lang='lat' dir='ltr'>impedirent,</span> <span class='ocrx_word' id='word_1_226' title='bbox 1316 2368 1407 2428; x_wconf 85' lang='lat' dir='ltr'>ipse</span> <span class='ocrx_word' id='word_1_227' title='bbox 1430 2378 1478 2412; x_wconf 90' lang='lat' dir='ltr'>ut</span> <span class='ocrx_word' id='word_1_228' title='bbox 1504 2385 1618 2428; x_wconf 87' lang='lat' dir='ltr'>aqua</span> 
     </span>
     <span class='ocr_line' id='line_1_28' title="bbox 229 2445 1619 2506; baseline 0.003 -18"><span class='ocrx_word' id='word_1_229' title='bbox 229 2454 434 2505; x_wconf 88' lang='lat' dir='ltr'>terraque</span> <span class='ocrx_word' id='word_1_230' title='bbox 457 2461 530 2489; x_wconf 91' lang='lat' dir='ltr'>eos</span> <span class='ocrx_word' id='word_1_231' title='bbox 558 2445 813 2506; x_wconf 86' lang='lat' dir='ltr'>prohiberet</span> <span class='ocrx_word' id='word_1_232' title='bbox 842 2462 850 2489; x_wconf 93' lang='lat'>:</span> <span class='ocrx_word' id='word_1_233' title='bbox 874 2446 907 2489; x_wconf 91' lang='lat' dir='ltr'>si</span> <span class='ocrx_word' id='word_1_234' title='bbox 928 2445 1012 2490; x_wconf 91' lang='lat' dir='ltr'>hoc</span> <span class='ocrx_word' id='word_1_235' title='bbox 1037 2446 1118 2490; x_wconf 88' lang='lat' dir='ltr'>sibi</span> <span class='ocrx_word' id='word_1_236' title='bbox 1147 2447 1312 2490; x_wconf 89' lang='lat' dir='ltr'>remitti</span> <span class='ocrx_word' id='word_1_237' title='bbox 1340 2447 1527 2501; x_wconf 87' lang='lat' dir='ltr'>vellent,</span> <span class='ocrx_word' id='word_1_238' title='bbox 1553 2465 1619 2492; x_wconf 89' lang='lat' dir='ltr'>re-</span> 
     </span>
     <span class='ocr_line' id='line_1_29' title="bbox 228 2525 1616 2587; baseline 0.003 -18"><span class='ocrx_word' id='word_1_239' title='bbox 228 2526 452 2571; x_wconf 88' lang='lat' dir='ltr'>mitterent</span> <span class='ocrx_word' id='word_1_240' title='bbox 475 2526 558 2587; x_wconf 90' lang='lat' dir='ltr'>ipsi</span> <span class='ocrx_word' id='word_1_241' title='bbox 585 2526 638 2570; x_wconf 90' lang='lat' dir='ltr'>de</span> <span class='ocrx_word' id='word_1_242' title='bbox 664 2525 891 2570; x_wconf 89' lang='lat' dir='ltr'>maritimis</span> <span class='ocrx_word' id='word_1_243' title='bbox 918 2527 1149 2582; x_wconf 87' lang='lat' dir='ltr'>custodiis;</span> <span class='ocrx_word' id='word_1_244' title='bbox 1173 2528 1239 2572; x_wconf 85' lang='lat' dir='ltr'>sin</span> <span class='ocrx_word' id='word_1_245' title='bbox 1268 2527 1377 2572; x_wconf 87' lang='lat' dir='ltr'>illud</span> <span class='ocrx_word' id='word_1_246' title='bbox 1397 2539 1616 2585; x_wconf 89' lang='lat' dir='ltr'>tenerent,</span> 
     </span>
     <span class='ocr_line' id='line_1_30' title="bbox 228 2607 1618 2671; baseline 0.004 -22"><span class='ocrx_word' id='word_1_247' title='bbox 228 2623 271 2650; x_wconf 88' lang='lat' dir='ltr'>se</span> <span class='ocrx_word' id='word_1_248' title='bbox 295 2623 471 2668; x_wconf 89' lang='lat' dir='ltr'>quoque</span> <span class='ocrx_word' id='word_1_249' title='bbox 498 2607 542 2651; x_wconf 92' lang='lat' dir='ltr'>id</span> <span class='ocrx_word' id='word_1_250' title='bbox 567 2617 840 2651; x_wconf 88' lang='lat' dir='ltr'>retenturum</span> <span class='ocrx_word' id='word_1_251' title='bbox 867 2625 876 2651; x_wconf 88' lang='lat'>:</span> <span class='ocrx_word' id='word_1_252' title='bbox 911 2608 1199 2653; x_wconf 89' lang='lat' dir='ltr'>nihilominus</span> <span class='ocrx_word' id='word_1_253' title='bbox 1225 2618 1370 2654; x_wconf 88' lang='lat' dir='ltr'>tamen</span> <span class='ocrx_word' id='word_1_254' title='bbox 1397 2612 1468 2671; x_wconf 82' lang='lat' dir='ltr'>agi</span> <span class='ocrx_word' id='word_1_255' title='bbox 1493 2627 1618 2671; x_wconf 86' lang='lat' dir='ltr'>posse</span> 
     </span>
     <span class='ocr_line' id='line_1_31' title="bbox 232 2687 1617 2751; baseline 0.004 -21"><span class='ocrx_word' id='word_1_256' title='bbox 232 2687 283 2727; x_wconf 75' lang='lat' dir='ltr'>de</span> <span class='ocrx_word' id='word_1_257' title='bbox 308 2689 649 2749; x_wconf 84' lang='lat' dir='ltr'>compositione,</span> <span class='ocrx_word' id='word_1_258' title='bbox 670 2698 717 2733; x_wconf 90' lang='lat' dir='ltr'>ut</span> <span class='ocrx_word' id='word_1_259' title='bbox 741 2688 834 2733; x_wconf 86' lang='lat' dir='ltr'>haec</span> <span class='ocrx_word' id='word_1_260' title='bbox 855 2706 945 2734; x_wconf 91' lang='lat' dir='ltr'>non</span> <span class='ocrx_word' id='word_1_261' title='bbox 964 2691 1320 2735; x_wconf 88' lang='lat' dir='ltr'>remitterentur:</span> <span class='ocrx_word' id='word_1_262' title='bbox 1340 2707 1483 2751; x_wconf 89' lang='lat' dir='ltr'>neque</span> <span class='ocrx_word' id='word_1_263' title='bbox 1502 2691 1617 2736; x_wconf 85' lang='lat' dir='ltr'>hanc</span> 
     </span>
    </p>
   </div>
   <div class='ocr_carea' id='block_1_3' title="bbox 422 2783 1432 2835">
    <p class='ocr_par' dir='ltr' id='par_1_4' title="bbox 422 2783 1432 2835">
     <span class='ocr_line' id='line_1_32' title="bbox 422 2783 1432 2835; baseline 0 -25"><span class='ocrx_word' id='word_1_264' title='bbox 422 2783 466 2810; x_wconf 89' lang='lat'>11.</span> <span class='ocrx_word' id='word_1_265' title='bbox 1408 2790 1432 2835; x_wconf 80' lang='lat'><strong>7</strong></span> 
     </span>
    </p>
   </div>
  </div>
 </body>
</html>
