1972 3356
447 308 517 347 251'·
891 308 1039 343 NOTAE
1066 309 1117 343 IN
1149 308 1341 343 LIBRUM
1368 310 1385 343 Ι

444 394 610 421 veterum
629 385 841 430 Gallorum,
860 398 1001 421 nomen
1018 386 1260 434 Dumnorigis
1279 386 1338 420 vel
1357 386 1580 435 Dubtzorigis
1599 388 1699 434 cujus
1721 402 1830 424 men-

444 448 495 481 tio
526 454 580 482 est
604 447 703 495 apud
733 449 932 492 Caesarem,
957 447 1151 494 reperitur.
1173 448 1265 482 Vide
1282 454 1412 482 notam
1431 460 1510 495 quae
1529 449 1702 496 sequitur.

495 533 578 568 cip.
599 533 666 567 ΙΙΙ.
681 532 912 581 Dumnorigi.
929 533 973 567 In
993 532 1154 567 nummis
1173 531 1316 579 gallicis
1333 531 1419 566 urbi
1444 533 1613 567 Tomaco
1623 559 1635 576 ,
1657 534 1716 568 vel
1732 535 1831 569 Dm·-

442 608 553 638 naco,
573 594 689 629 hodie
712 594 893 637 Tournai,
922 594 1130 638 attributis,
1144 593 1360 628 inscribitur
1378 607 1587 629 nmmonssx
1599 595 1660 629 vel
1678 607 1832 631 111111Νο-

443 670 551 701 nmx,
577 656 727 691 diverso
763 656 977 691 schemate:
1009 668 1110 690 nunc
1136 654 1241 690 miles
1276 655 1381 690 adest
1414 662 1513 690 stans
1539 663 1693 703 utraque
1722 670 1834 693 manu

442 725 551 766 caput
574 718 779 752 humanum
804 724 953 761 tenens,
980 717 1040 751 vel
1076 717 1207 751 dextra
1238 729 1389 763 aprum,
1412 716 1561 752 sinistra
1580 730 1671 752 vero
1696 717 1830 753 huma—

441 794 529 815 num
552 787 678 827 caput3
702 792 802 814 nunc
827 779 933 814 miles
963 779 1152 826 graditur,
1176 791 1305 826 aprum
1331 779 1436 814 hasta
1472 778 1636 814 defixum
1667 787 1832 827 gestan53

441 855 540 877 nunc
571 842 676 876 miles
710 847 779 876 stat
809 841 990 884 hastatus,
1015 847 1100 875 ante
1131 841 1245 887 pedes
1281 841 1357 886 ejus
1389 853 1490 888 aper.
1528 841 1674 876 Postica
1711 849 1833 876 autem

441 916 525 950 pars
556 902 699 937 nummi
728 903 841 937 habet
866 903 1127 937 DVRNACOS
1156 903 1217 936 vel
1254 903 1542 945 DVRNACVS,
1578 902 1832 950 mendoseque

441 965 719 1000 DVRNOCOV
735 976 805 1010 pro
824 963 1103 998 DVRNACOS.
1125 963 1328 997 Dubtzorex
1346 964 1405 998 vel
1427 965 1646 998 Dumnorex
1655 991 1667 1007 ,
1690 977 1831 1000 1101Πο11

441 1025 638 1074 principis,
658 1025 750 1059 mihi
762 1024 910 1059 videtur
930 1037 949 1058 e
969 1024 1113 1058 duabus
1132 1023 1287 1058 vocibus
1300 1024 1480 1059 Dominus
1499 1037 1568 1059 rex
1582 1016 1810 1060 contractum
1822 1054 1831 1069 ,

440 1087 615 1133 idemque
629 1098 705 1120 esse
725 1098 767 1120 ac
786 1085 989 1119 DONNVS
1008 1096 1076 1131 pro
1091 1085 1279 1127 dominus,
1300 1085 1404 1130 quod
1422 1085 1461 1118 in
1481 1085 1641 1120 nummis
1667 1086 1830 1131 ejusdem

441 1147 542 1183 urbis
560 1146 756 1194 reperitur,
775 1146 975 1192 titulusque
995 1145 1187 1193 dignitatis
1206 1147 1305 1180 Dom
1323 1146 1382 1180 vel
1405 1147 1502 1180 Don.
1528 1147 1584 1180 Ex
1605 1148 1832 1194 etymologia

440 1209 554 1257 igitur
570 1216 606 1244 et
620 1209 777 1252 Caesare,
795 1219 865 1255 pro
877 1207 1080 1242 Dubnorex
1091 1215 1127 1241 et
1147 1208 1302 1241 Donnus
1316 1206 1540 1241 scriberetur
1553 1207 1688 1242 rectius
1708 1209 1829 1242 Dum—

441 1284 559 1306 noreoe
576 1271 635 1305 vel
650 1271 885 1312 Domtzorex,
907 1276 943 1303 et
961 1270 1138 1315 Domum.
1164 1269 1253 1303 Vide
1272 1269 1399 1303 ECKEL
1411 1296 1420 1312 ,
1444 1270 1565 1304 Doctr.
1586 1281 1721 1303 numm.
1737 1278 1807 1304 vet.
1819 1298 1829 1312 ‚

443 1333 517 1367 vol.
537 1345 550 1366 1
565 1360 574 1376 ‚
593 1344 629 1379 p.
645 1331 693 1366 62
715 1338 749 1366 et
770 1335 815 1376 74
827 1344 836 1375 3
850 1332 1118 1374 niumm-nm,
1132 1337 1204 1373 1.1,
1218 1343 1253 1377 p.
1271 1329 1317 1364 83
1331 1357 1339 1373 ,
1356 1330 1402 1372 84
1418 1337 1454 1364 01
1474 1329 1540 1377 89,
1555 1337 1590 1365 et
1602 1337 1681 1365 not.
1697 1343 1776 1378 cap.
1799 1344 1832 1366 2.

495 1418 579 1451 Cip.
599 1417 644 1450 V.
672 1415 860 1451 Nor-eiam.
882 1416 981 1449 Duas
998 1414 1109 1448 urbes
1132 1421 1339 1461 agnoscunt
1362 1413 1517 1449 Noreias
1536 1413 1690 1449 nomine
1710 1415 1835 1449 Cella-

443 1479 518 1513 rius
545 1484 744 1524 nosterque
769 1476 974 1520 d'Anville3
1000 1488 1113 1511 unam
1136 1475 1176 1509 in
1202 1475 1342 1510 Norico
1366 1487 1475 1522 agrO,
1501 1476 1656 1510 alteram
1675 1475 1715 1510 in
1738 1476 1832 1511 Car—

443 1541 520 1584 nis,
540 1540 646 1586 juxta
671 1538 891 1581 Cellarium,
913 1538 953 1572 in
978 1537 1116 1572 Rhaetis
1140 1549 1229 1572 vero
1258 1537 1412 1579 00111115,
1432 1537 1620 1584 hodieque
1642 1538 1833 1572 St-Leon-

443 1602 555 1645 hard,
570 1600 772 1636 secundum
783 1599 955 1634 eumdem
975 1598 1178 1642 d'Anville,
1194 1598 1430 1646 geographiae
1445 1599 1647 1633 oraculum.
1663 1599 1708 1633 D.
1723 1600 1833 1634 Man-

444 1671 527 1700 nert
539 1675 735 1711 perperam
750 1662 920 1697 eamdem
934 1674 1010 1696 esse
1025 1668 1129 1709 putat
1144 1674 1150 1695 :
1171 1660 1233 1695 hic
1252 1659 1394 1695 mentio
1409 1667 1462 1695 est
1477 1660 1523 1695 de
1539 1660 1675 1695 Noreia
1690 1660 1829 1696 Norici.

497 1749 580 1783 Cu».
605 1747 668 1781 VI.
696 1747 735 1780 Is
753 1746 832 1781 dies
851 1754 933 1780 erat
950 1758 985 1779 a.
1004 1746 1040 1779 d.
1063 1758 1083 1778 v
1106 1745 1180 1779 kal.
1201 1757 1285 1792 apr.
1306 1745 1341 1778 Is
1365 1744 1443 1779 dies
1462 1751 1541 1780 erat
1565 1744 1678 1791 igitur
1691 1744 1831 1792 vigesi-

444 1822 522 1843 mus
547 1814 698 1843 octavus
728 1807 877 1850 martis,
902 1814 940 1841 ut
965 1806 1229 1841 animadvertit
1258 1807 1304 1840 D.
1325 1806 1474 1840 Artaud.
1502 1806 1648 1841 Indicta
1667 1806 1736 1840 fuit
1753 1807 1832 1841 sine

445 1871 561 1905 dubio
586 1882 672 1905 vere
695 1868 817 1916 primo
837 1869 914 1902 haec
935 1868 1130 1914 emigratio
1150 1868 1263 1901 totius
1285 1867 1423 1914 gentis,
1448 1875 1486 1901 ut
1508 1879 1578 1902 ver
1600 1880 1747 1902 sacrum
1777 1869 1832 1902 vi—

445 1932 615 1975 deretur,
636 1938 671 1966 et
690 1930 758 1965 51111
780 1929 952 1976 auspiciis
973 1929 1129 1964 deorum
1149 1929 1321 1976 incoepta.

501 2018 585 2051 (Ἀρ.
604 2016 654 2051 X.
679 2014 878 2065 Graioceli.
905 2013 964 2049 Sic
987 2013 1121 2061 legitur
1148 2026 1344 2061 perperam
1366 2025 1436 2060 pro
1468 2014 1660 2057 Garoceli,
1689 2013 1727 2048 in
1751 2013 1832 2048 edi-

446 2078 612 2113 {ionibus
631 2076 919 2120 recentioribus,
940 2075 1045 2123 quasi
1065 2075 1125 2110 siti
1144 2083 1265 2110 essent
1283 2075 1322 2110 in
1341 2075 1502 2123 Alpibus
1524 2076 1665 2119 Graiis,
1688 2082 1723 2110 et
1743 2075 1830 2110 inde

445 2153 584 2176 nomen
605 2140 825 2175 traxissent:
849 2139 1038 2182 Garocelz',
1052 2145 1088 2173 et
1107 2137 1259 2173 Ocelum
1271 2165 1281 2181 ,
1301 2139 1388 2173 urbs
1413 2151 1559 2182 eorum,
1574 2138 1740 2184 ejusdem
1759 2151 1831 2173 no-

442 2202 556 2237 minis
568 2229 578 2244 ,
603 2202 642 2236 in
656 2201 812 2248 Alpibus
826 2200 958 2235 Cottiis
973 2207 1088 2235 erant.
1110 2201 1262 2235 Ocelum
1277 2207 1330 2235 est
1343 2201 1483 2234 Usseau
1496 2212 1616 2247 prope
1635 2199 1829 2247 Pignerol,

446 2277 523 2299 non
555 2271 677 2298 autem
704 2263 866 2305 Oneille,
903 2269 942 2296 ut
969 2262 1007 2296 in
1037 2262 1136 2297 notis
1159 2261 1300 2309 gallicis
1328 2262 1436 2308 hujus
1465 2261 1643 2297 editionis
1680 2261 1826 2296 dicitur.

445 2326 540 2361 Vide
560 2326 807 2368 D’AuvxLLE,
830 2323 957 2358 Notice
978 2324 1044 2358 des
1068 2324 1225 2366 Gaulos,
1249 2323 1403 2358 vocibus
1418 2324 1594 2358 Garoceli
1610 2330 1646 2358 et
1667 2324 1828 2358 Ocelum.

500 2412 584 2446 Cn.
608 2411 712 2446 XVI.
745 2409 783 2442 V
777 2408 1010 2456 ergobrctum.
1050 2408 1196 2455 Lingua
1220 2408 1346 2443 celtica
1376 2406 1608 2457 (hibernica)
1630 2407 1827 2455 sear—go-

448 2472 561 2507 brez'tlz
577 2479 630 2507 est
648 2471 706 2505 vir
726 2470 773 2505 ad
789 2469 969 2516 judicium
984 2497 992 2513 ‚
1015 2469 1135 2516 inquit
1162 2470 1375 2505 Oberlinus.
1402 2470 1477 2505 Sed
1505 2470 1601 2505 male
1623 2482 1752 2504 sanum
1775 2476 1830 2503 est

446 2534 628 2569 deducere
649 2545 779 2567 vocem
799 2531 988 2577 antiquam
1002 2531 1050 2565 ab
1069 2530 1246 2567 idiomate
1259 2532 1458 2566 recentiori
1474 2538 1509 2566 et
1528 2538 1717 2565 extraneo.
1734 2531 1830 2566 Mihi

447 2596 592 2630 videtur
611 2593 856 2629 derivandum
877 2604 954 2626 esse
975 2591 1228 2640 Velgobmzus,
1249 2600 1311 2627 aut
1330 2605 1349 2626 a
1369 2592 1511 2627 duabus
1533 2591 1655 2626 latinis
1674 2591 1828 2626 vocibus

447 2657 555 2704 *vu-ga
569 2656 751 2690 Bibractis
764 2668 774 2688 .·
789 2654 959 2688 Bibracte
973 2653 1072 2688 enim
1087 2661 1195 2700 caput
1214 2661 1248 2688 et
1268 2654 1337 2689 dea
1350 2654 1555 2688 AEduorum
1582 2660 1676 2697 erat,
1700 2660 1735 2687 et
1756 2666 1828 2687 nu-

447 2718 605 2761 perrime
617 2745 626 2761 ,
640 2717 678 2751 id
693 2724 746 2751 est
765 2723 849 2751 ante
867 2714 1150 2750 renovationem
1165 2728 1286 2751 rerum
1302 2723 1336 2750 01
1355 2716 1477 2761 legum
1492 2714 1530 2749 in
1544 2714 1663 2749 Gallia
1674 2742 1682 2757 ,
1695 2715 1830 2762 magis*
