1972 3356
304 253 325 285 8
509 244 546 278 C.
580 244 707 278 JULH
737 243 950 277 CAESARIS
982 242 1463 278 COMMENTARIORUM

300 328 400 382 sibi,
426 337 582 387 praeter
607 328 699 386 agri
724 324 884 382 solum,
910 325 1020 369 nihil
1046 342 1137 369 esse
1160 324 1329 385 reliqui.
1352 325 1524 382 Quibus
1549 323 1673 368 rebus

301 407 515 451 adductus
538 408 702 462 Caesar,
732 423 821 449 non
853 405 1195 466 exspectandum
1224 405 1305 449 sibi
1335 406 1512 460 statuit,
1535 404 1676 459 dum,

298 487 503 530 omnibus
544 486 732 530 fortunis
774 486 993 530 sociorum
1037 487 1329 546 consumptis,
1375 485 1419 527 in
1467 486 1676 528 Santones

302 566 490 610 Helvetii
517 568 809 627 pervenirent.

366 649 464 690 XII.
490 647 675 692 Flumen
697 658 763 693 est
782 651 909 705 Arar,
928 648 1047 708 quod
1064 665 1141 708 per
1165 647 1273 691 fines
1292 646 1535 691 AEduorum
1555 656 1597 689 et
1616 647 1682 689 Se-

303 744 550 787 quanorum
582 729 627 771 in
652 728 917 772 Rhodanum
948 718 1094 770 influit
1119 726 1366 770 incredibili
1390 725 1593 780 lenitate,
1624 726 1683 768 ita

308 819 353 852 ut
377 808 534 864 oculis,
559 810 603 851 in
631 818 777 852 utram
799 817 971 868 partem
995 807 1121 863 fluat,
1142 806 1329 866 judicari
1349 823 1437 849 non
1462 805 1609 865 possit.
1634 805 1683 847 Id

304 887 493 932 Helvetii
521 887 688 931 ratibus
716 904 766 931 ac
794 886 998 930 lintribus
1017 886 1181 947 junctis
1212 885 1468 930 transibant.
1497 884 1586 928 Ubi
1609 900 1686 944 per

306 966 605 1027 exploratores
629 968 773 1012 Caesar
791 966 952 1010 certior
971 965 1111 1010 factus
1133 974 1217 1021 est,
1243 973 1330 1008 tres
1346 965 1437 1025 jam
1459 963 1686 1023 copiarum

308 1055 452 1107 partes
491 1044 714 1089 Helvetios
749 1045 793 1089 id
832 1044 995 1089 flumen
1037 1044 1302 1100 traduxisse,
1346 1053 1550 1104 quartam
1584 1058 1690 1085 vero

309 1135 478 1186 partem
513 1126 627 1170 circa
663 1126 826 1170 flumen
863 1126 1039 1169 Ararim
1076 1123 1290 1185 reliquam
1326 1140 1436 1179 esse3
1470 1122 1522 1166 de
1559 1122 1688 1165 tertia

309 1204 456 1267 vigilia
503 1223 603 1250 cum
641 1206 884 1267 legionibus
920 1205 1059 1249 tribus
1093 1221 1116 1248 e
1155 1205 1308 1248 castris
1345 1202 1592 1264 profectus,
1634 1200 1689 1244 ad

310 1302 407 1329 eam
439 1296 611 1345 partem
636 1287 858 1347 pervenit,
889 1302 986 1345 quae
1019 1284 1217 1328 nondum
1250 1283 1414 1326 flumen
1444 1282 1689 1325 transierat.

310 1367 393 1409 Eos
417 1365 651 1425 impeditos
672 1376 715 1409 et
739 1365 1018 1424 inopinantes
1036 1379 1286 1424 aggressus,
1311 1378 1515 1422 magnam
1538 1376 1690 1404 eorum

312 1454 481 1504 partem
506 1443 699 1488 concidit
725 1461 734 1487 :
758 1443 916 1503 reliqui
939 1443 1050 1504 fugae
1075 1460 1165 1487 sese
1185 1442 1471 1498 mandarunt,
1493 1451 1624 1501 atque
1648 1441 1692 1482 in

314 1525 533 1584 proximas
571 1523 701 1568 silvas
731 1524 1010 1569 abdiderunt.
1038 1528 1079 1568 Is
1114 1541 1251 1585 pagus
1285 1522 1590 1583 appellabatur
1624 1521 1695 1564 Ti-

313 1605 496 1664 gurinus
526 1622 535 1648 :
570 1621 672 1649 nam
697 1606 841 1649 omnis
868 1605 1021 1649 civitas
1044 1604 1245 1648 Helvetia
1274 1605 1319 1647 in
1346 1612 1537 1663 quatuor
1560 1617 1694 1662 pagos

314 1683 454 1729 divisa
475 1694 552 1729 est.
576 1686 659 1730 Hic
682 1702 821 1747 pagus
844 1701 976 1742 unus,
1003 1702 1140 1746 quum
1162 1685 1293 1728 domo
1316 1684 1495 1739 exisset,
1520 1691 1693 1742 patrum

316 1775 564 1809 nostrorum
594 1767 823 1822 memoria,
852 1768 900 1810 L.
928 1766 1128 1809 Cassium
1154 1763 1378 1808 consulem
1402 1762 1697 1813 interfecerat,

317 1855 361 1888 et
383 1845 476 1905 ejus
494 1846 735 1889 exercitum
756 1846 1004 1906 subjugum
1026 1846 1216 1888 miserat.
1242 1847 1327 1899 Ita,
1351 1844 1442 1887 sive
1465 1859 1589 1898 casu,
1609 1842 1698 1885 sive

317 1924 498 1969 consilio
521 1924 704 1969 deorum
729 1924 1071 1980 immortalium,
1095 1941 1190 1984 quae
1212 1941 1312 1985 pars
1336 1923 1523 1967 civitatis
1545 1921 1700 1965 Helve-

321 2007 387 2048 tiae
416 2005 630 2066 insignem
659 2004 952 2049 calamitatem
985 2004 1151 2065 populo
1180 2020 1362 2048 romano
1394 2001 1623 2056 intulerat,
1651 2018 1700 2044 ea

318 2086 520 2146 princeps
550 2102 698 2146 poenas
728 2085 947 2146 persolvit.
981 2086 1085 2141 Qua
1113 2085 1156 2127 in
1188 2101 1234 2128 re
1262 2085 1407 2127 Caesar
1435 2099 1523 2125 non
1559 2079 1698 2124 solum

320 2165 535 2225 publicaS,
558 2165 632 2209 sed
652 2166 783 2209 etiam
802 2166 994 2226 privatas
1015 2165 1197 2224 injurias
1222 2163 1338 2207 ultus
1361 2173 1448 2218 est,
1473 2161 1591 2222 quod
1608 2161 1700 2221 ejus

322 2246 459 2289 soceri
488 2247 538 2289 L.
563 2246 733 2289 Pisonis
757 2262 914 2300 avum,
947 2247 996 2288 L.
1027 2245 1231 2288 Pisonem
1259 2243 1470 2304 legatum,
1500 2240 1700 2302 Tigurini

322 2325 474 2369 eodem
500 2324 673 2386 proelio,
698 2342 785 2386 quo
809 2325 1036 2381 Cassium,
1068 2324 1392 2369 interfecerant.

387 2409 510 2451 XIII.
547 2411 648 2452 Hoo
668 2407 822 2469 proelio
850 2408 985 2465 facto,
1014 2406 1203 2468 reliquas
1232 2409 1377 2469 copias
1403 2407 1703 2452 Helvetiorum

329 2498 370 2529 ut
404 2491 612 2548 consequi
640 2499 806 2549 posset,
836 2498 1015 2549 pontem
1046 2490 1090 2532 in
1117 2490 1246 2534 Arari
1271 2488 1518 2533 faciendum
1554 2497 1702 2537 curat,

329 2576 453 2626 atquc
476 2568 534 2611 ita
553 2571 795 2612 exercitum
814 2568 1017 2612 traducit.
1044 2568 1251 2623 Helvetii,
1274 2568 1501 2629 repentino
1518 2567 1609 2626 ejus
1631 2566 1703 2610 ad·

331 2656 459 2689 ventu
483 2649 710 2701 commoti,
736 2649 852 2707 quod
879 2649 946 2703 id,
969 2648 1086 2709 quod
1113 2650 1192 2709 ipsi
1218 2648 1368 2691 diebus
1390 2647 1542 2707 viginti
1570 2662 1703 2707 aegcr-
