1972 3356
556 240 621 275 DE
652 239 815 274 BELLO
845 239 999 275 ClVILI
1028 241 1118 275 LIB.
1149 241 1176 275 I.
1509 254 1556 289 29

176 323 220 366 in
253 340 306 368 eo
347 340 485 368 cornu
523 325 803 380 constiterat,
837 323 982 368 locum
1021 341 1108 368 non
1150 326 1314 380 tenuit,
1345 335 1476 387 atque
1512 328 1555 369 in

174 404 423 464 proximum
449 403 605 448 collem
625 421 716 448 sese
738 405 911 464 recepit.

237 486 375 529 XLV.
405 486 572 543 Caesar,
606 501 728 546 paene
760 485 880 527 omni
911 485 1001 528 acie
1028 486 1280 546 perterrita,
1307 487 1426 547 quod
1449 504 1558 549 prae-

176 574 239 608 ter
263 566 514 626 opinionem
543 563 998 624 consuetudinemque
1031 565 1275 622 acciderat,
1301 568 1557 613 cohortatus

175 662 296 702 suos,
319 645 536 707 legionem
558 662 718 689 nonam
740 645 933 689 subsidio
959 644 1082 689 ducit
1106 662 1115 688 :
1140 646 1312 690 hostem
1327 682 1339 701 ,
1365 648 1556 692 insolen-

174 735 240 770 ter
267 736 398 787 atque
423 727 581 770 acriter
619 735 790 770 nostros
825 726 1146 786 insequentem,
1173 728 1431 788 supprimit,
1459 746 1557 773 rur-

175 823 333 868 susque
365 817 485 868 terga
515 816 709 863 vertere,
741 823 872 867 seque
902 805 957 850 ad
987 805 1200 867 oppidum
1236 806 1425 852 Ilerdam
1452 811 1560 854 reci·

174 904 295 949 pere,
327 898 369 932 et
399 887 479 932 sub
514 904 642 931 muro
671 888 909 931 consistere
939 887 1071 948 cogit.
1102 887 1187 931 Sed
1219 905 1346 932 nonae
1377 888 1560 952 legionis

173 967 351 1024 milites,
367 967 468 1013 elati
492 968 661 1026 studio,
683 968 788 1012 dum
810 968 968 1012 sarcire
994 978 1221 1029 acceptum
1248 968 1560 1015 detrimentum

174 1048 354 1107 volunt,
392 1059 554 1094 temere
590 1050 772 1093 insecuti
813 1048 1047 1111 fugienteS,
1095 1050 1139 1093 in
1177 1048 1321 1094 locum
1360 1051 1559 1112 iniquum

176 1130 547 1192 progrediuntur,
583 1140 625 1174 et
658 1131 737 1175 sub
764 1141 988 1185 montem,
1025 1130 1069 1174 in
1104 1147 1193 1191 quo
1228 1141 1322 1175 erat
1348 1133 1561 1194 oppidum

177 1211 368 1270 positum
390 1210 556 1268 Ilerda,
586 1211 840 1255 succedunt.
867 1212 982 1255 Hinc
1013 1228 1057 1255 se
1083 1212 1277 1272 recipere
1307 1229 1444 1272 quum
1473 1213 1562 1258 vel-

177 1289 290 1347 lent,
319 1308 470 1336 rursus
509 1290 571 1335 illi
604 1308 656 1336 ex
694 1291 790 1336 loco
825 1293 1051 1353 superiore
1083 1301 1257 1336 nostros
1287 1294 1560 1354 premebant.

176 1373 426 1433 Praeruptus
466 1371 588 1417 locus
623 1383 739 1430 erat,
787 1383 975 1433 utraque
1012 1390 1063 1417 ex
1101 1383 1225 1433 parte
1268 1372 1480 1430 directus,
1515 1392 1563 1419 ac

179 1462 347 1496 tantum
383 1453 427 1496 in
466 1452 743 1498 latitudinem
773 1453 975 1516 patebat,
1021 1462 1070 1496 ut
1094 1462 1179 1496 tres
1224 1453 1451 1497 instructae
1489 1472 1563 1500 co-

177 1532 322 1577 hortes
344 1550 444 1577 eum
467 1532 614 1578 locum
638 1532 885 1595 explerent,
911 1543 955 1577 et
983 1549 1127 1594 neque
1148 1532 1341 1578 subsidia
1366 1551 1389 1578 a
1416 1533 1563 1579 lateri-

174 1612 256 1658 bus
280 1614 497 1671 submitti,
525 1631 669 1676 neque
694 1616 862 1677 equites
892 1613 1196 1659 laborantibus
1223 1615 1320 1659 usui
1347 1632 1438 1659 esse
1465 1634 1564 1678 pos·

174 1705 282 1740 sent.
306 1696 376 1741 Ab
407 1696 572 1758 oppido
597 1706 744 1741 autem
771 1695 950 1742 declivis
973 1695 1093 1741 locus
1121 1697 1243 1740 tenui
1265 1696 1439 1759 fastigio
1465 1715 1562 1742 ver-

175 1775 303 1837 gebat
325 1777 370 1821 in
396 1776 718 1839 longitudinem
746 1793 953 1838 passuum
981 1778 1157 1821 circiter
1177 1793 1248 1822 cn.
1278 1780 1372 1822 Hac
1401 1782 1563 1824 nostris

175 1866 270 1900 erat
303 1867 522 1918 receptus,
563 1857 681 1917 quod
717 1873 793 1914 eo,
833 1857 1003 1900 incitati
1053 1856 1224 1913 studio,
1272 1857 1563 1903 inconsultius

177 1948 487 1998 processerant.
523 1941 617 1983 Hoc
652 1938 934 2000 pugnabatur
965 1937 1092 1996 loco,
1133 1948 1175 1982 et
1211 1949 1392 2002 propter
1423 1957 1562 2002 angu-

178 2019 281 2063 stias
306 2019 479 2080 iniquo,
505 2029 549 2064 et
575 2018 694 2080 quod
721 2019 800 2063 sub
828 2020 931 2080 ipsis
956 2018 1180 2064 radicibus
1204 2021 1366 2065 montis
1392 2023 1561 2066 consti-

179 2108 342 2158 terant,
358 2110 406 2145 ut
418 2099 587 2145 nullum
610 2100 771 2145 frustra
790 2099 927 2144 telum
943 2101 988 2144 in
1011 2117 1084 2145 eos
1105 2101 1356 2146 mitteretur
1382 2119 1391 2146 :
1417 2112 1562 2147 tamen

178 2179 340 2224 virtute
361 2190 405 2225 et
420 2182 630 2242 patientia
658 2181 928 2236 nitebantur,
957 2191 1087 2242 atque
1107 2181 1254 2225 omnia
1280 2181 1460 2228 vulnera
1487 2200 1560 2228 su-

179 2261 411 2306 stinebant.
441 2261 697 2323 Augebatur
727 2260 811 2306 illis
849 2262 1000 2323 copia,
1036 2271 1168 2323 atque
1201 2279 1252 2306 ex
1293 2264 1447 2307 castris
1485 2281 1560 2309 co-

180 2341 326 2386 hortes
356 2359 435 2403 per
470 2341 683 2404 oppidum
710 2343 865 2387 crebro
887 2342 1284 2400 submittebantur,
1315 2354 1363 2388 ut
1403 2345 1564 2406 integri

178 2421 354 2467 defessis
380 2423 678 2468 succederent.
701 2426 795 2469 Hoc
822 2423 936 2469 idem
964 2426 1109 2470 Caesar
1135 2423 1277 2469 facere
1300 2426 1561 2487 cogebatur,

179 2512 252 2561 ut,
286 2503 511 2549 submissis
545 2505 590 2549 in
622 2503 825 2550 eumdem
860 2505 1014 2551 locum
1056 2505 1333 2562 cohortibus,
1372 2505 1561 2551 defessos

180 2584 404 2646 reciperet.

245 2666 403 2712 XLVI.
432 2668 528 2712 Hoc
553 2684 690 2729 quum
715 2678 828 2713 esset
855 2668 986 2714 modo
1013 2678 1258 2731 pugnatum
1285 2668 1562 2713 continenter
