1972 3356
541 234 607 269 DE
634 234 796 269 BELLO
828 232 1047 267 GALLICO
1077 231 1168 265 LIB.
1192 230 1241 265 II.
1533 224 1578 270 57

199 316 300 370 mis,
336 332 424 359 non
463 327 661 377 possent,
693 317 774 361 sibi
811 325 1036 377 praestare,
1069 315 1102 358 si
1133 315 1179 358 in
1214 329 1314 358 eum
1342 326 1490 356 casum
1519 308 1594 353 de-

200 395 489 453 ducerentur,
521 398 721 458 quamvis
757 397 980 441 fortunam
1015 412 1040 439 a
1068 393 1235 456 populo
1264 408 1448 437 romano
1478 389 1593 452 pati,

201 493 334 537 quam
369 477 422 520 ab
447 477 515 521 his
548 494 626 537 per
654 478 901 521 cruciatum
935 474 1142 530 interfici,
1170 475 1284 518 inter
1313 490 1424 534 quos
1454 471 1595 516 domi-

203 558 298 602 nari
325 568 620 602 consuessent.
644 578 664 598 »

268 638 454 682 XXXII.
491 638 561 682 Ad
590 638 681 682 haec
708 639 854 682 Caesar
882 635 1110 697 respondit
1146 653 1155 678 ε
1192 655 1213 676 «
1240 636 1295 679 Se
1325 634 1463 694 magis
1492 649 1598 676 con·

206 717 440 764 suetudine
476 734 575 774 sua,
601 734 735 778 quam
769 718 930 762 merito
957 733 1133 772 eorum,
1163 716 1386 760 civitatem
1421 729 1598 758 conser-

204 809 411 843 vaturum
428 833 439 855 ,
469 799 526 855 si,
556 799 820 860 priusquam
846 800 959 843 aries
988 814 1168 842 murum
1194 797 1430 858 attigisset,
1457 811 1501 838 se
1527 793 1601 837 de-

205 879 420 924 didissent
449 896 458 922 z
491 879 567 923 sed
595 879 832 923 deditionis
859 878 1029 924 nullam
1053 896 1145 923 esse
1173 878 1494 935 conditionem,
1519 877 1603 920 nisi

209 960 342 1004 armis
368 959 562 1017 traditis;
582 977 626 1004 se
645 960 711 1017 id,
732 960 852 1021 quod
870 960 915 1004 in
942 961 1120 1006 Nerviis
1142 960 1333 1017 fecisset,
1354 959 1577 1003 facturum
1592 992 1603 1013 ,

207 1042 496 1104 finitimisque
521 1043 866 1104 imperaturum,
892 1059 947 1086 ne
970 1059 1107 1103 quam
1129 1040 1340 1085 dedititiis
1364 1038 1517 1101 populi
1536 1056 1605 1083 ro-

208 1124 329 1167 mani
365 1124 574 1184 injuriam
615 1123 888 1167 inferrent.»
931 1125 995 1167 Re
1029 1123 1233 1166 nuntiata
1268 1121 1323 1165 ad
1353 1138 1478 1176 suos,
1509 1137 1606 1181 quae

209 1207 552 1266 imperarentur,
581 1205 723 1249 facere
753 1203 974 1248 dixerunt.
1005 1206 1245 1248 Armorum
1269 1219 1428 1264 magna
1458 1200 1606 1245 multi·

210 1285 364 1330 tudine
410 1285 463 1329 de
502 1303 632 1330 muro
666 1287 711 1329 in
745 1285 933 1340 fossam,
968 1301 1064 1345 quae
1104 1294 1197 1329 erat
1232 1293 1334 1328 ante
1368 1282 1606 1344 oppidum,

207 1368 347 1428 jacta,
378 1367 439 1411 sic
466 1377 515 1410 ut
545 1383 684 1428 prope
722 1382 940 1410 summam
971 1365 1086 1408 muri
1123 1366 1382 1425 aggerisque
1411 1363 1609 1406 altitudi-

211 1464 312 1491 nem
335 1448 481 1491 acervi
503 1464 730 1492 armorum
751 1446 1056 1507 adaequarent3
1074 1454 1117 1489 et
1131 1455 1279 1488 tamen
1294 1444 1470 1488 circiter
1486 1452 1609 1504 parte

214 1529 364 1585 tertia,
386 1538 436 1572 ut
461 1539 615 1590 postea
639 1538 925 1590 perspectum
948 1535 1032 1582 est,
1059 1524 1199 1570 celata
1223 1534 1353 1586 atque
1376 1525 1421 1568 in
1445 1523 1611 1586 oppido

212 1618 382 1654 retenta
406 1627 414 1653 ε
442 1610 582 1671 portis
608 1609 856 1671 patefactis,
882 1625 934 1653 eo
959 1608 1029 1652 die
1055 1624 1161 1669 pace
1185 1616 1289 1651 sunt
1313 1607 1392 1650 usi.

274 1692 484 1736 XXXIII.
527 1691 617 1735 Sub
658 1707 891 1753 vesperum
930 1691 1076 1735 Caesar
1113 1698 1262 1750 portas
1296 1686 1461 1743 claudi,
1496 1686 1612 1731 mili-

214 1782 367 1834 tesque
399 1789 452 1817 ex
481 1771 646 1834 oppido
666 1774 785 1816 exire
813 1772 967 1833 jussit,
1001 1788 1055 1815 ne
1083 1787 1216 1831 quam
1240 1779 1374 1813 noctu
1402 1767 1613 1829 oppidani

215 1871 239 1898 a
265 1853 479 1898 militibus
512 1854 721 1914 injuriam
753 1854 1018 1914 acciperent.
1050 1850 1142 1907 Illi,
1171 1860 1273 1894 ante
1306 1850 1438 1905 inito,
1467 1859 1517 1893 ut
1549 1849 1614 1892 in—

216 1935 443 1980 tellectum
480 1946 564 1991 est,
603 1933 810 1990 concilio,
841 1932 982 1994 quod,
1019 1931 1245 1975 deditione
1277 1930 1413 1986 facta,
1443 1940 1615 1975 nostros

218 2016 420 2078 praesidia
446 2033 533 2060 non
562 2015 840 2071 inducturos,
871 2023 947 2058 aut
977 2012 1167 2073 denique
1197 2010 1499 2074 indiligentius
1529 2028 1616 2055 ser-

219 2106 397 2141 vaturos
429 2095 727 2151 crediderant,
762 2097 923 2157 partim
959 2111 1061 2139 cum
1093 2094 1184 2149 his,
1215 2109 1309 2154 quae
1344 2093 1617 2136 retinuerant

220 2188 262 2222 et
302 2177 572 2234 celaverant,
615 2176 767 2232 armis;
810 2176 973 2237 partim
1010 2176 1143 2220 scutis
1179 2191 1232 2219 ex
1270 2174 1431 2218 cortice
1474 2172 1617 2226 factis,

220 2269 297 2304 aut
319 2259 558 2302 viminibus
580 2258 759 2302 intextis
775 2293 786 2312 ,
811 2274 908 2319 quae
932 2256 1078 2301 subito
1095 2291 1106 2313 ,
1136 2266 1186 2299 ut
1214 2256 1426 2316 temporis
1452 2254 1620 2315 exigui-

221 2352 288 2385 tas
324 2339 596 2402 postulabat,
625 2338 814 2401 pellibus
848 2338 1138 2392 induxerant,
1167 2336 1297 2381 tertia
1329 2334 1498 2397 vigilia,
1533 2351 1619 2396 qua

222 2423 406 2466 minime
432 2421 595 2466 arduus
623 2420 677 2464 ad
712 2430 884 2465 nostras
911 2420 1181 2463 munitiones
1210 2433 1414 2462 ascensus
1445 2415 1622 2460 videba—

225 2514 320 2558 tur,
346 2503 551 2547 omnibus
574 2502 711 2563 copiis
738 2511 920 2563 repente
942 2517 996 2544 ex
1019 2498 1185 2561 oppido
1210 2498 1488 2559 eruptionem
1513 2496 1623 2540 fece-

226 2595 343 2629 runt.
372 2583 603 2640 Celeriter,
630 2594 680 2627 ut
706 2593 808 2627 ante
836 2584 982 2627 Caesar
1011 2584 1332 2642 imperaverat,
1360 2578 1536 2640 ignibus
1566 2578 1622 2621 si-

227 2666 508 2728 gnificatione
529 2664 660 2721 facta,
684 2681 733 2708 ex
755 2664 964 2725 proximis
983 2661 1169 2707 castellis
1188 2679 1238 2706 eo
1258 2676 1520 2705 concursum
1538 2669 1622 2714 es13
