<?xml version="1.0" encoding="UTF-8"?>
<!DOCTYPE html PUBLIC "-//W3C//DTD XHTML 1.0 Transitional//EN"
    "http://www.w3.org/TR/xhtml1/DTD/xhtml1-transitional.dtd">
<html xmlns="http://www.w3.org/1999/xhtml" xml:lang="en" lang="en">
 <head>
  <title>
</title>
<meta http-equiv="Content-Type" content="text/html;charset=utf-8" />
  <meta name='ocr-system' content='tesseract 3.04.00' />
  <meta name='ocr-capabilities' content='ocr_page ocr_carea ocr_par ocr_line ocrx_word'/>
</head>
<body>
  <div class='ocr_page' id='page_1' title='image "./operajoh0102caesuoft_0173.png"; bbox 0 0 1972 3356; ppageno 0'>
   <div class='ocr_carea' id='block_1_1' title="bbox 252 290 1574 438">
    <p class='ocr_par' dir='ltr' id='par_1_1' title="bbox 252 290 1574 438">
     <span class='ocr_line' id='line_1_1' title="bbox 525 290 1566 328; baseline -0.003 -1"><span class='ocrx_word' id='word_1_1' title='bbox 525 293 591 328; x_wconf 89' lang='lat' dir='ltr'>DE</span> <span class='ocrx_word' id='word_1_2' title='bbox 622 293 778 328; x_wconf 89' lang='lat' dir='ltr'>BELLO</span> <span class='ocrx_word' id='word_1_3' title='bbox 807 292 1018 328; x_wconf 83' lang='lat' dir='ltr'>GALLICO</span> <span class='ocrx_word' id='word_1_4' title='bbox 1048 292 1137 327; x_wconf 89' lang='lat' dir='ltr'>LIB.</span> <span class='ocrx_word' id='word_1_5' title='bbox 1165 292 1225 326; x_wconf 89' lang='lat' dir='ltr'>VI.</span> <span class='ocrx_word' id='word_1_6' title='bbox 1499 290 1566 325; x_wconf 82' lang='lat'>151</span> 
     </span>
     <span class='ocr_line' id='line_1_2' title="bbox 252 373 1574 438; baseline -0.002 -18"><span class='ocrx_word' id='word_1_7' title='bbox 252 378 461 420; x_wconf 89' lang='lat' dir='ltr'>XXVIII.</span> <span class='ocrx_word' id='word_1_8' title='bbox 499 378 696 420; x_wconf 86' lang='lat' dir='ltr'>Tertium</span> <span class='ocrx_word' id='word_1_9' title='bbox 735 386 799 421; x_wconf 88' lang='lat' dir='ltr'>est</span> <span class='ocrx_word' id='word_1_10' title='bbox 837 393 974 438; x_wconf 88' lang='lat' dir='ltr'>genus</span> <span class='ocrx_word' id='word_1_11' title='bbox 1011 392 1164 420; x_wconf 90' lang='lat' dir='ltr'>eorum</span> <span class='ocrx_word' id='word_1_12' title='bbox 1202 377 1277 436; x_wconf 87' lang='lat' dir='ltr'>qui</span> <span class='ocrx_word' id='word_1_13' title='bbox 1317 377 1386 418; x_wconf 90' lang='lat' dir='ltr'>uri</span> <span class='ocrx_word' id='word_1_14' title='bbox 1425 373 1574 436; x_wconf 86' lang='lat' dir='ltr'>appel-</span> 
     </span>
    </p>
   </div>
   <div class='ocr_carea' id='block_1_2' title="bbox 188 454 1619 2688">
    <p class='ocr_par' dir='ltr' id='par_1_2' title="bbox 188 454 1596 1479">
     <span class='ocr_line' id='line_1_3' title="bbox 188 454 1576 518; baseline -0.001 -17"><span class='ocrx_word' id='word_1_15' title='bbox 188 456 350 501; x_wconf 85' lang='lat' dir='ltr'>lantur.</span> <span class='ocrx_word' id='word_1_16' title='bbox 385 458 441 500; x_wconf 91' lang='lat' dir='ltr'>Hi</span> <span class='ocrx_word' id='word_1_17' title='bbox 484 465 585 500; x_wconf 87' lang='lat' dir='ltr'>sunt</span> <span class='ocrx_word' id='word_1_18' title='bbox 631 456 938 518; x_wconf 86' lang='lat' dir='ltr'>magnitudine</span> <span class='ocrx_word' id='word_1_19' title='bbox 976 455 1109 516; x_wconf 84' lang='lat' dir='ltr'>paulo</span> <span class='ocrx_word' id='word_1_20' title='bbox 1145 455 1259 500; x_wconf 85' lang='lat' dir='ltr'>infra</span> <span class='ocrx_word' id='word_1_21' title='bbox 1294 454 1576 517; x_wconf 86' lang='lat' dir='ltr'>elephantos;</span> 
     </span>
     <span class='ocr_line' id='line_1_4' title="bbox 193 535 1577 599; baseline -0.003 -18"><span class='ocrx_word' id='word_1_22' title='bbox 193 539 354 599; x_wconf 86' lang='lat' dir='ltr'>specie,</span> <span class='ocrx_word' id='word_1_23' title='bbox 387 547 430 581; x_wconf 89' lang='lat' dir='ltr'>et</span> <span class='ocrx_word' id='word_1_24' title='bbox 453 535 619 592; x_wconf 90' lang='lat' dir='ltr'>colore,</span> <span class='ocrx_word' id='word_1_25' title='bbox 650 546 693 594; x_wconf 83' lang='lat' dir='ltr'>et</span> <span class='ocrx_word' id='word_1_26' title='bbox 720 536 863 596; x_wconf 83' lang='lat' dir='ltr'>figura</span> <span class='ocrx_word' id='word_1_27' title='bbox 885 537 1012 579; x_wconf 68' lang='lat' dir='ltr'>tauri„</span> <span class='ocrx_word' id='word_1_28' title='bbox 1041 537 1204 596; x_wconf 85' lang='lat' dir='ltr'>Magna</span> <span class='ocrx_word' id='word_1_29' title='bbox 1225 536 1291 579; x_wconf 83' lang='lat' dir='ltr'>vis</span> <span class='ocrx_word' id='word_1_30' title='bbox 1315 546 1380 580; x_wconf 91' lang='lat' dir='ltr'>est</span> <span class='ocrx_word' id='word_1_31' title='bbox 1401 552 1577 589; x_wconf 88' lang='lat' dir='ltr'>eorum,</span> 
     </span>
     <span class='ocr_line' id='line_1_5' title="bbox 191 615 1579 678; baseline -0.002 -17"><span class='ocrx_word' id='word_1_32' title='bbox 191 627 233 661; x_wconf 89' lang='lat' dir='ltr'>et</span> <span class='ocrx_word' id='word_1_33' title='bbox 270 633 431 678; x_wconf 84' lang='lat' dir='ltr'>magna</span> <span class='ocrx_word' id='word_1_34' title='bbox 457 615 664 659; x_wconf 87' lang='lat' dir='ltr'>velocitas</span> <span class='ocrx_word' id='word_1_35' title='bbox 689 633 697 658; x_wconf 75' lang='grc' dir='ltr'>ε</span> <span class='ocrx_word' id='word_1_36' title='bbox 726 632 867 675; x_wconf 86' lang='lat' dir='ltr'>neque</span> <span class='ocrx_word' id='word_1_37' title='bbox 899 615 1097 671; x_wconf 90' lang='lat' dir='ltr'>homini,</span> <span class='ocrx_word' id='word_1_38' title='bbox 1128 632 1271 675; x_wconf 90' lang='lat' dir='ltr'>neque</span> <span class='ocrx_word' id='word_1_39' title='bbox 1300 615 1420 671; x_wconf 76' lang='lat' dir='ltr'>serae,</span> <span class='ocrx_word' id='word_1_40' title='bbox 1448 632 1579 675; x_wconf 86' lang='lat' dir='ltr'>quam</span> 
     </span>
     <span class='ocr_line' id='line_1_6' title="bbox 193 694 1582 756; baseline -0.003 -15"><span class='ocrx_word' id='word_1_41' title='bbox 193 696 523 756; x_wconf 83' lang='lat' dir='ltr'>conspexerint,</span> <span class='ocrx_word' id='word_1_42' title='bbox 546 704 747 755; x_wconf 87' lang='lat' dir='ltr'>parcunt.</span> <span class='ocrx_word' id='word_1_43' title='bbox 775 698 865 739; x_wconf 92' lang='lat' dir='ltr'>Hos</span> <span class='ocrx_word' id='word_1_44' title='bbox 890 694 1082 739; x_wconf 86' lang='lat' dir='ltr'>studiose</span> <span class='ocrx_word' id='word_1_45' title='bbox 1107 695 1243 739; x_wconf 90' lang='lat' dir='ltr'>foveis</span> <span class='ocrx_word' id='word_1_46' title='bbox 1270 705 1422 755; x_wconf 84' lang='lat' dir='ltr'>captos</span> <span class='ocrx_word' id='word_1_47' title='bbox 1447 696 1582 737; x_wconf 86' lang='lat' dir='ltr'>inter·</span> 
     </span>
     <span class='ocr_line' id='line_1_7' title="bbox 192 774 1581 829; baseline -0.002 -9"><span class='ocrx_word' id='word_1_48' title='bbox 192 777 357 820; x_wconf 88' lang='lat' dir='ltr'>ficiunt.</span> <span class='ocrx_word' id='word_1_49' title='bbox 384 778 479 819; x_wconf 92' lang='lat' dir='ltr'>Hoc</span> <span class='ocrx_word' id='word_1_50' title='bbox 504 792 548 819; x_wconf 91' lang='lat' dir='ltr'>se</span> <span class='ocrx_word' id='word_1_51' title='bbox 577 774 725 819; x_wconf 85' lang='lat' dir='ltr'>labore</span> <span class='ocrx_word' id='word_1_52' title='bbox 748 775 909 819; x_wconf 84' lang='lat' dir='ltr'>durant</span> <span class='ocrx_word' id='word_1_53' title='bbox 937 775 1139 818; x_wconf 91' lang='lat' dir='ltr'>homines</span> <span class='ocrx_word' id='word_1_54' title='bbox 1163 774 1462 818; x_wconf 80' lang='lat' dir='ltr'>adolescentes</span> <span class='ocrx_word' id='word_1_55' title='bbox 1479 808 1490 829; x_wconf 90' lang='lat'>,</span> <span class='ocrx_word' id='word_1_56' title='bbox 1515 784 1581 817; x_wconf 83' lang='lat' dir='ltr'>at-</span> 
     </span>
     <span class='ocr_line' id='line_1_8' title="bbox 193 853 1586 917; baseline -0.002 -17"><span class='ocrx_word' id='word_1_57' title='bbox 193 873 277 917; x_wconf 84' lang='lat' dir='ltr'>que</span> <span class='ocrx_word' id='word_1_58' title='bbox 313 856 397 899; x_wconf 88' lang='lat' dir='ltr'>hoc</span> <span class='ocrx_word' id='word_1_59' title='bbox 429 872 588 917; x_wconf 84' lang='lat' dir='ltr'>genere</span> <span class='ocrx_word' id='word_1_60' title='bbox 620 856 864 900; x_wconf 89' lang='lat' dir='ltr'>venationis</span> <span class='ocrx_word' id='word_1_61' title='bbox 894 865 1124 911; x_wconf 79' lang='lat' dir='ltr'>exercent3</span> <span class='ocrx_word' id='word_1_62' title='bbox 1155 864 1223 912; x_wconf 89' lang='lat' dir='ltr'>et,</span> <span class='ocrx_word' id='word_1_63' title='bbox 1259 855 1334 915; x_wconf 93' lang='lat' dir='ltr'>qui</span> <span class='ocrx_word' id='word_1_64' title='bbox 1370 853 1586 914; x_wconf 87' lang='lat' dir='ltr'>plurimos</span> 
     </span>
     <span class='ocr_line' id='line_1_9' title="bbox 194 935 1588 997; baseline -0.001 -18"><span class='ocrx_word' id='word_1_65' title='bbox 194 953 243 979; x_wconf 81' lang='lat' dir='ltr'>ex</span> <span class='ocrx_word' id='word_1_66' title='bbox 276 937 344 980; x_wconf 89' lang='lat' dir='ltr'>his</span> <span class='ocrx_word' id='word_1_67' title='bbox 376 935 715 991; x_wconf 86' lang='lat' dir='ltr'>interfecerunt,</span> <span class='ocrx_word' id='word_1_68' title='bbox 739 935 887 980; x_wconf 87' lang='lat' dir='ltr'>relatis</span> <span class='ocrx_word' id='word_1_69' title='bbox 911 936 956 979; x_wconf 92' lang='lat' dir='ltr'>in</span> <span class='ocrx_word' id='word_1_70' title='bbox 981 935 1209 997; x_wconf 90' lang='lat' dir='ltr'>publicum</span> <span class='ocrx_word' id='word_1_71' title='bbox 1234 935 1465 991; x_wconf 88' lang='lat' dir='ltr'>cornibus,</span> <span class='ocrx_word' id='word_1_72' title='bbox 1492 951 1588 994; x_wconf 90' lang='lat' dir='ltr'>quae</span> 
     </span>
     <span class='ocr_line' id='line_1_10' title="bbox 196 1015 1588 1078; baseline -0.001 -18"><span class='ocrx_word' id='word_1_73' title='bbox 196 1018 283 1061; x_wconf 91' lang='lat' dir='ltr'>sint</span> <span class='ocrx_word' id='word_1_74' title='bbox 306 1017 582 1074; x_wconf 87' lang='lat' dir='ltr'>testimonio,</span> <span class='ocrx_word' id='word_1_75' title='bbox 612 1033 819 1078; x_wconf 86' lang='lat' dir='ltr'>magnam</span> <span class='ocrx_word' id='word_1_76' title='bbox 843 1017 991 1060; x_wconf 84' lang='lat' dir='ltr'>ferunt</span> <span class='ocrx_word' id='word_1_77' title='bbox 1014 1016 1202 1060; x_wconf 86' lang='lat' dir='ltr'>laudem.</span> <span class='ocrx_word' id='word_1_78' title='bbox 1234 1015 1320 1060; x_wconf 87' lang='lat' dir='ltr'>Sed</span> <span class='ocrx_word' id='word_1_79' title='bbox 1344 1031 1588 1059; x_wconf 83' lang='lat' dir='ltr'>assuescere</span> 
     </span>
     <span class='ocr_line' id='line_1_11' title="bbox 197 1096 1590 1158; baseline -0.001 -18"><span class='ocrx_word' id='word_1_80' title='bbox 197 1097 252 1141; x_wconf 92' lang='lat' dir='ltr'>ad</span> <span class='ocrx_word' id='word_1_81' title='bbox 279 1097 481 1141; x_wconf 90' lang='lat' dir='ltr'>homines</span> <span class='ocrx_word' id='word_1_82' title='bbox 503 1108 548 1141; x_wconf 90' lang='lat' dir='ltr'>et</span> <span class='ocrx_word' id='word_1_83' title='bbox 573 1097 874 1154; x_wconf 87' lang='lat' dir='ltr'>mansuefieri,</span> <span class='ocrx_word' id='word_1_84' title='bbox 902 1114 957 1142; x_wconf 84' lang='lat' dir='ltr'>ne</span> <span class='ocrx_word' id='word_1_85' title='bbox 987 1096 1160 1158; x_wconf 84' lang='lat' dir='ltr'>parvuli</span> <span class='ocrx_word' id='word_1_86' title='bbox 1188 1096 1366 1158; x_wconf 89' lang='lat' dir='ltr'>quidem</span> <span class='ocrx_word' id='word_1_87' title='bbox 1396 1096 1590 1155; x_wconf 81' lang='lat' dir='ltr'>excepti,</span> 
     </span>
     <span class='ocr_line' id='line_1_12' title="bbox 200 1174 1591 1239; baseline -0.002 -18"><span class='ocrx_word' id='word_1_88' title='bbox 200 1186 395 1238; x_wconf 83' lang='lat' dir='ltr'>possunt.</span> <span class='ocrx_word' id='word_1_89' title='bbox 422 1176 682 1238; x_wconf 86' lang='lat' dir='ltr'>Amplitudo</span> <span class='ocrx_word' id='word_1_90' title='bbox 703 1194 943 1233; x_wconf 90' lang='lat' dir='ltr'>cornuum,</span> <span class='ocrx_word' id='word_1_91' title='bbox 966 1187 1007 1221; x_wconf 87' lang='lat' dir='ltr'>et</span> <span class='ocrx_word' id='word_1_92' title='bbox 1030 1177 1191 1239; x_wconf 85' lang='lat' dir='ltr'>figura,</span> <span class='ocrx_word' id='word_1_93' title='bbox 1212 1186 1253 1221; x_wconf 86' lang='lat' dir='ltr'>et</span> <span class='ocrx_word' id='word_1_94' title='bbox 1274 1176 1458 1237; x_wconf 89' lang='lat' dir='ltr'>species,</span> <span class='ocrx_word' id='word_1_95' title='bbox 1479 1174 1591 1219; x_wconf 87' lang='lat' dir='ltr'>mul-</span> 
     </span>
     <span class='ocr_line' id='line_1_13' title="bbox 201 1256 1595 1302; baseline -0.001 -2"><span class='ocrx_word' id='word_1_96' title='bbox 201 1268 295 1300; x_wconf 88' lang='lat' dir='ltr'>tum</span> <span class='ocrx_word' id='word_1_97' title='bbox 333 1274 357 1301; x_wconf 87' lang='lat' dir='ltr'>a</span> <span class='ocrx_word' id='word_1_98' title='bbox 392 1268 645 1301; x_wconf 85' lang='lat' dir='ltr'>nostrorum</span> <span class='ocrx_word' id='word_1_99' title='bbox 681 1259 816 1302; x_wconf 91' lang='lat' dir='ltr'>boum</span> <span class='ocrx_word' id='word_1_100' title='bbox 844 1258 1052 1302; x_wconf 87' lang='lat' dir='ltr'>cornibus</span> <span class='ocrx_word' id='word_1_101' title='bbox 1079 1257 1240 1301; x_wconf 87' lang='lat' dir='ltr'>differt.</span> <span class='ocrx_word' id='word_1_102' title='bbox 1273 1260 1373 1301; x_wconf 85' lang='lat' dir='ltr'>Haec</span> <span class='ocrx_word' id='word_1_103' title='bbox 1403 1256 1595 1300; x_wconf 84' lang='lat' dir='ltr'>studiose</span> 
     </span>
     <span class='ocr_line' id='line_1_14' title="bbox 202 1337 1596 1399; baseline -0.001 -18"><span class='ocrx_word' id='word_1_104' title='bbox 202 1339 450 1398; x_wconf 83' lang='lat' dir='ltr'>conquisita</span> <span class='ocrx_word' id='word_1_105' title='bbox 488 1339 541 1381; x_wconf 87' lang='lat' dir='ltr'>ab</span> <span class='ocrx_word' id='word_1_106' title='bbox 584 1337 716 1382; x_wconf 90' lang='lat' dir='ltr'>labris</span> <span class='ocrx_word' id='word_1_107' title='bbox 745 1348 930 1399; x_wconf 83' lang='lat' dir='ltr'>argento</span> <span class='ocrx_word' id='word_1_108' title='bbox 967 1337 1342 1393; x_wconf 82' lang='lat' dir='ltr'>circumcludunt,</span> <span class='ocrx_word' id='word_1_109' title='bbox 1381 1348 1512 1397; x_wconf 87' lang='lat' dir='ltr'>atque</span> <span class='ocrx_word' id='word_1_110' title='bbox 1550 1337 1596 1380; x_wconf 91' lang='lat' dir='ltr'>in</span> 
     </span>
     <span class='ocr_line' id='line_1_15' title="bbox 203 1417 1172 1479; baseline -0.002 -17"><span class='ocrx_word' id='word_1_111' title='bbox 203 1417 479 1479; x_wconf 84' lang='lat' dir='ltr'>amplissimis</span> <span class='ocrx_word' id='word_1_112' title='bbox 505 1417 644 1478; x_wconf 91' lang='lat' dir='ltr'>epulis</span> <span class='ocrx_word' id='word_1_113' title='bbox 670 1435 751 1479; x_wconf 84' lang='lat' dir='ltr'>pro</span> <span class='ocrx_word' id='word_1_114' title='bbox 777 1417 946 1478; x_wconf 87' lang='lat' dir='ltr'>poculis</span> <span class='ocrx_word' id='word_1_115' title='bbox 970 1427 1172 1461; x_wconf 87' lang='lat' dir='ltr'>utuntur.</span> 
     </span>
    </p>

    <p class='ocr_par' dir='ltr' id='par_1_3' title="bbox 206 1496 1619 2688">
     <span class='ocr_line' id='line_1_16' title="bbox 267 1496 1599 1559; baseline -0.002 -17"><span class='ocrx_word' id='word_1_116' title='bbox 267 1500 433 1542; x_wconf 87' lang='lat' dir='ltr'>XXIX.</span> <span class='ocrx_word' id='word_1_117' title='bbox 472 1500 630 1551; x_wconf 79' lang='lat' dir='ltr'>Caesar,</span> <span class='ocrx_word' id='word_1_118' title='bbox 653 1508 887 1559; x_wconf 85' lang='lat' dir='ltr'>postquam</span> <span class='ocrx_word' id='word_1_119' title='bbox 906 1515 986 1559; x_wconf 89' lang='lat' dir='ltr'>per</span> <span class='ocrx_word' id='word_1_120' title='bbox 1000 1498 1140 1542; x_wconf 94' lang='lat' dir='ltr'>Ubios</span> <span class='ocrx_word' id='word_1_121' title='bbox 1161 1496 1462 1558; x_wconf 74' lang='lat' dir='ltr'>exploratores</span> <span class='ocrx_word' id='word_1_122' title='bbox 1484 1513 1599 1540; x_wconf 85' lang='lat' dir='ltr'>com-</span> 
     </span>
     <span class='ocr_line' id='line_1_17' title="bbox 210 1576 1600 1642; baseline -0.004 -19"><span class='ocrx_word' id='word_1_123' title='bbox 210 1581 325 1641; x_wconf 89' lang='lat' dir='ltr'>perit</span> <span class='ocrx_word' id='word_1_124' title='bbox 350 1581 514 1624; x_wconf 88' lang='lat' dir='ltr'>Suevos</span> <span class='ocrx_word' id='word_1_125' title='bbox 543 1597 635 1624; x_wconf 88' lang='lat' dir='ltr'>sese</span> <span class='ocrx_word' id='word_1_126' title='bbox 666 1582 711 1624; x_wconf 90' lang='lat' dir='ltr'>in</span> <span class='ocrx_word' id='word_1_127' title='bbox 737 1577 867 1625; x_wconf 88' lang='lat' dir='ltr'>silvas</span> <span class='ocrx_word' id='word_1_128' title='bbox 889 1582 1107 1642; x_wconf 82' lang='lat' dir='ltr'>recepisse</span> <span class='ocrx_word' id='word_1_129' title='bbox 1126 1616 1137 1637; x_wconf 90' lang='lat'>,</span> <span class='ocrx_word' id='word_1_130' title='bbox 1168 1578 1363 1639; x_wconf 88' lang='lat' dir='ltr'>inopiam</span> <span class='ocrx_word' id='word_1_131' title='bbox 1386 1576 1600 1619; x_wconf 85' lang='lat' dir='ltr'>frumenti</span> 
     </span>
     <span class='ocr_line' id='line_1_18' title="bbox 206 1659 1602 1722; baseline -0.004 -18"><span class='ocrx_word' id='word_1_132' title='bbox 206 1661 392 1717; x_wconf 82' lang='lat' dir='ltr'>veritus,</span> <span class='ocrx_word' id='word_1_133' title='bbox 422 1661 570 1721; x_wconf 87' lang='lat' dir='ltr'>quod,</span> <span class='ocrx_word' id='word_1_134' title='bbox 602 1672 651 1705; x_wconf 90' lang='lat' dir='ltr'>ut</span> <span class='ocrx_word' id='word_1_135' title='bbox 678 1678 811 1722; x_wconf 87' lang='lat' dir='ltr'>supra</span> <span class='ocrx_word' id='word_1_136' title='bbox 844 1661 1268 1716; x_wconf 88' lang='lat' dir='ltr'>demonstravimus,</span> <span class='ocrx_word' id='word_1_137' title='bbox 1300 1659 1482 1703; x_wconf 91' lang='lat' dir='ltr'>minime</span> <span class='ocrx_word' id='word_1_138' title='bbox 1508 1673 1602 1700; x_wconf 91' lang='lat' dir='ltr'>om-</span> 
     </span>
     <span class='ocr_line' id='line_1_19' title="bbox 208 1741 1606 1803; baseline -0.003 -19"><span class='ocrx_word' id='word_1_139' title='bbox 208 1758 284 1785; x_wconf 90' lang='lat' dir='ltr'>nes</span> <span class='ocrx_word' id='word_1_140' title='bbox 312 1742 526 1786; x_wconf 84' lang='lat' dir='ltr'>Germani</span> <span class='ocrx_word' id='word_1_141' title='bbox 559 1741 841 1803; x_wconf 85' lang='lat' dir='ltr'>agriculturae</span> <span class='ocrx_word' id='word_1_142' title='bbox 879 1741 1078 1798; x_wconf 87' lang='lat' dir='ltr'>student,</span> <span class='ocrx_word' id='word_1_143' title='bbox 1111 1741 1342 1785; x_wconf 86' lang='lat' dir='ltr'>constituit</span> <span class='ocrx_word' id='word_1_144' title='bbox 1378 1755 1467 1782; x_wconf 88' lang='lat' dir='ltr'>non</span> <span class='ocrx_word' id='word_1_145' title='bbox 1505 1753 1606 1798; x_wconf 87' lang='lat' dir='ltr'>pro-</span> 
     </span>
     <span class='ocr_line' id='line_1_20' title="bbox 208 1818 1606 1883; baseline -0.003 -19"><span class='ocrx_word' id='word_1_146' title='bbox 208 1821 331 1883; x_wconf 82' lang='lat' dir='ltr'>gredi</span> <span class='ocrx_word' id='word_1_147' title='bbox 355 1820 556 1883; x_wconf 81' lang='lat' dir='ltr'>longius;</span> <span class='ocrx_word' id='word_1_148' title='bbox 592 1822 688 1877; x_wconf 89' lang='lat' dir='ltr'>sed,</span> <span class='ocrx_word' id='word_1_149' title='bbox 714 1839 767 1866; x_wconf 89' lang='lat' dir='ltr'>ne</span> <span class='ocrx_word' id='word_1_150' title='bbox 803 1823 988 1865; x_wconf 90' lang='lat' dir='ltr'>omnino</span> <span class='ocrx_word' id='word_1_151' title='bbox 1015 1831 1183 1865; x_wconf 90' lang='lat' dir='ltr'>metum</span> <span class='ocrx_word' id='word_1_152' title='bbox 1213 1820 1381 1865; x_wconf 90' lang='lat' dir='ltr'>reditus</span> <span class='ocrx_word' id='word_1_153' title='bbox 1413 1819 1479 1863; x_wconf 91' lang='lat' dir='ltr'>sui</span> <span class='ocrx_word' id='word_1_154' title='bbox 1507 1818 1606 1861; x_wconf 61' lang='lat' dir='ltr'>bara</span> 
     </span>
     <span class='ocr_line' id='line_1_21' title="bbox 208 1899 1605 1963; baseline -0.003 -17"><span class='ocrx_word' id='word_1_155' title='bbox 208 1903 325 1946; x_wconf 81' lang='lat' dir='ltr'>baris</span> <span class='ocrx_word' id='word_1_156' title='bbox 349 1901 548 1958; x_wconf 88' lang='lat' dir='ltr'>tolleret,</span> <span class='ocrx_word' id='word_1_157' title='bbox 574 1913 706 1963; x_wconf 88' lang='lat' dir='ltr'>atque</span> <span class='ocrx_word' id='word_1_158' title='bbox 729 1913 777 1946; x_wconf 88' lang='lat' dir='ltr'>ut</span> <span class='ocrx_word' id='word_1_159' title='bbox 802 1919 956 1946; x_wconf 89' lang='lat' dir='ltr'>eorum</span> <span class='ocrx_word' id='word_1_160' title='bbox 985 1901 1147 1946; x_wconf 78' lang='lat' dir='ltr'>auxilia</span> <span class='ocrx_word' id='word_1_161' title='bbox 1176 1901 1393 1957; x_wconf 85' lang='lat' dir='ltr'>tardaret,</span> <span class='ocrx_word' id='word_1_162' title='bbox 1419 1899 1605 1944; x_wconf 86' lang='lat' dir='ltr'>reducto</span> 
     </span>
     <span class='ocr_line' id='line_1_22' title="bbox 211 1981 1609 2044; baseline -0.003 -18"><span class='ocrx_word' id='word_1_163' title='bbox 211 1984 425 2038; x_wconf 82' lang='lat' dir='ltr'>exercitu,</span> <span class='ocrx_word' id='word_1_164' title='bbox 461 1993 633 2044; x_wconf 86' lang='lat' dir='ltr'>partem</span> <span class='ocrx_word' id='word_1_165' title='bbox 669 1982 871 2027; x_wconf 82' lang='lat' dir='ltr'>ultimam</span> <span class='ocrx_word' id='word_1_166' title='bbox 910 1983 1084 2043; x_wconf 87' lang='lat' dir='ltr'>pontis,</span> <span class='ocrx_word' id='word_1_167' title='bbox 1116 1999 1212 2042; x_wconf 85' lang='lat' dir='ltr'>quae</span> <span class='ocrx_word' id='word_1_168' title='bbox 1245 1983 1362 2042; x_wconf 86' lang='lat' dir='ltr'>ripas</span> <span class='ocrx_word' id='word_1_169' title='bbox 1388 1981 1609 2025; x_wconf 88' lang='lat' dir='ltr'>Ubiorum</span> 
     </span>
     <span class='ocr_line' id='line_1_23' title="bbox 214 2061 1609 2125; baseline -0.003 -19"><span class='ocrx_word' id='word_1_170' title='bbox 214 2064 518 2125; x_wconf 84' lang='lat' dir='ltr'>contingebat,</span> <span class='ocrx_word' id='word_1_171' title='bbox 542 2065 587 2107; x_wconf 89' lang='lat' dir='ltr'>in</span> <span class='ocrx_word' id='word_1_172' title='bbox 611 2062 938 2125; x_wconf 84' lang='lat' dir='ltr'>longitudinem</span> <span class='ocrx_word' id='word_1_173' title='bbox 959 2062 1122 2124; x_wconf 89' lang='lat' dir='ltr'>pedum</span> <span class='ocrx_word' id='word_1_174' title='bbox 1143 2078 1195 2108; x_wconf 88' lang='lat' dir='ltr'>CC</span> <span class='ocrx_word' id='word_1_175' title='bbox 1216 2061 1452 2115; x_wconf 81' lang='lat' dir='ltr'>rescindit3</span> <span class='ocrx_word' id='word_1_176' title='bbox 1478 2070 1609 2120; x_wconf 87' lang='lat' dir='ltr'>atque</span> 
     </span>
     <span class='ocr_line' id='line_1_24' title="bbox 216 2140 1609 2205; baseline -0.003 -19"><span class='ocrx_word' id='word_1_177' title='bbox 216 2145 260 2187; x_wconf 87' lang='lat' dir='ltr'>in</span> <span class='ocrx_word' id='word_1_178' title='bbox 279 2154 477 2188; x_wconf 77' lang='lat' dir='ltr'>extremo</span> <span class='ocrx_word' id='word_1_179' title='bbox 498 2154 634 2205; x_wconf 87' lang='lat' dir='ltr'>ponte</span> <span class='ocrx_word' id='word_1_180' title='bbox 652 2145 811 2188; x_wconf 89' lang='lat' dir='ltr'>turrim</span> <span class='ocrx_word' id='word_1_181' title='bbox 830 2143 1132 2188; x_wconf 87' lang='lat' dir='ltr'>tabulatorum</span> <span class='ocrx_word' id='word_1_182' title='bbox 1152 2153 1344 2204; x_wconf 86' lang='lat' dir='ltr'>quatuor</span> <span class='ocrx_word' id='word_1_183' title='bbox 1361 2140 1609 2195; x_wconf 88' lang='lat' dir='ltr'>constituit,</span> 
     </span>
     <span class='ocr_line' id='line_1_25' title="bbox 218 2221 1612 2286; baseline -0.004 -18"><span class='ocrx_word' id='word_1_184' title='bbox 218 2224 558 2285; x_wconf 87' lang='lat' dir='ltr'>praesidiumque</span> <span class='ocrx_word' id='word_1_185' title='bbox 580 2226 830 2269; x_wconf 83' lang='lat' dir='ltr'>cohortium</span> <span class='ocrx_word' id='word_1_186' title='bbox 858 2241 923 2269; x_wconf 77' lang='grc' dir='ltr'>ΧΠ</span> <span class='ocrx_word' id='word_1_187' title='bbox 954 2226 1101 2286; x_wconf 88' lang='lat' dir='ltr'>pontis</span> <span class='ocrx_word' id='word_1_188' title='bbox 1126 2223 1280 2268; x_wconf 86' lang='lat' dir='ltr'>tuendi</span> <span class='ocrx_word' id='word_1_189' title='bbox 1305 2239 1435 2267; x_wconf 84' lang='lat' dir='ltr'>causa</span> <span class='ocrx_word' id='word_1_190' title='bbox 1460 2221 1612 2282; x_wconf 84' lang='lat' dir='ltr'>ponit,</span> 
     </span>
     <span class='ocr_line' id='line_1_26' title="bbox 220 2301 1615 2365; baseline -0.002 -18"><span class='ocrx_word' id='word_1_191' title='bbox 220 2305 478 2365; x_wconf 81' lang='lat' dir='ltr'>magnisque</span> <span class='ocrx_word' id='word_1_192' title='bbox 503 2321 603 2348; x_wconf 93' lang='lat' dir='ltr'>eum</span> <span class='ocrx_word' id='word_1_193' title='bbox 623 2304 771 2349; x_wconf 88' lang='lat' dir='ltr'>locum</span> <span class='ocrx_word' id='word_1_194' title='bbox 791 2306 1115 2349; x_wconf 89' lang='lat' dir='ltr'>munitionibus</span> <span class='ocrx_word' id='word_1_195' title='bbox 1138 2304 1296 2348; x_wconf 81' lang='lat' dir='ltr'>firmat.</span> <span class='ocrx_word' id='word_1_196' title='bbox 1314 2304 1366 2347; x_wconf 87' lang='lat' dir='ltr'>Ei</span> <span class='ocrx_word' id='word_1_197' title='bbox 1391 2301 1488 2346; x_wconf 88' lang='lat' dir='ltr'>loco</span> <span class='ocrx_word' id='word_1_198' title='bbox 1511 2317 1615 2362; x_wconf 78' lang='lat' dir='ltr'>prae-</span> 
     </span>
     <span class='ocr_line' id='line_1_27' title="bbox 220 2382 1612 2446; baseline -0.003 -18"><span class='ocrx_word' id='word_1_199' title='bbox 220 2385 419 2446; x_wconf 89' lang='lat' dir='ltr'>sidioque</span> <span class='ocrx_word' id='word_1_200' title='bbox 455 2387 505 2430; x_wconf 88' lang='lat' dir='ltr'>C.</span> <span class='ocrx_word' id='word_1_201' title='bbox 536 2385 790 2430; x_wconf 88' lang='lat' dir='ltr'>Volcatium</span> <span class='ocrx_word' id='word_1_202' title='bbox 822 2385 1003 2431; x_wconf 89' lang='lat' dir='ltr'>Tullum</span> <span class='ocrx_word' id='word_1_203' title='bbox 1042 2384 1364 2430; x_wconf 87' lang='lat' dir='ltr'>adolescentem</span> <span class='ocrx_word' id='word_1_204' title='bbox 1405 2382 1612 2443; x_wconf 81' lang='lat' dir='ltr'>praefecit.</span> 
     </span>
     <span class='ocr_line' id='line_1_28' title="bbox 222 2461 1616 2528; baseline -0.004 -18"><span class='ocrx_word' id='word_1_205' title='bbox 222 2469 339 2528; x_wconf 89' lang='lat' dir='ltr'>Ipse,</span> <span class='ocrx_word' id='word_1_206' title='bbox 357 2484 496 2527; x_wconf 91' lang='lat' dir='ltr'>quum</span> <span class='ocrx_word' id='word_1_207' title='bbox 515 2477 810 2512; x_wconf 87' lang='lat' dir='ltr'>maturescere</span> <span class='ocrx_word' id='word_1_208' title='bbox 835 2467 1058 2512; x_wconf 90' lang='lat' dir='ltr'>frumenta</span> <span class='ocrx_word' id='word_1_209' title='bbox 1082 2467 1350 2526; x_wconf 89' lang='lat' dir='ltr'>inciperent,</span> <span class='ocrx_word' id='word_1_210' title='bbox 1373 2463 1428 2506; x_wconf 87' lang='lat' dir='ltr'>ad</span> <span class='ocrx_word' id='word_1_211' title='bbox 1451 2461 1616 2507; x_wconf 89' lang='lat' dir='ltr'>bellum</span> 
     </span>
     <span class='ocr_line' id='line_1_29' title="bbox 227 2544 1617 2609; baseline -0.003 -20"><span class='ocrx_word' id='word_1_212' title='bbox 227 2547 493 2608; x_wconf 66' lang='lat' dir='ltr'>Ambiorigis</span> <span class='ocrx_word' id='word_1_213' title='bbox 524 2547 746 2607; x_wconf 88' lang='lat' dir='ltr'>profectus</span> <span class='ocrx_word' id='word_1_214' title='bbox 775 2548 872 2609; x_wconf 86' lang='lat' dir='ltr'>(per</span> <span class='ocrx_word' id='word_1_215' title='bbox 900 2547 1190 2592; x_wconf 89' lang='lat' dir='ltr'>Arduennam</span> <span class='ocrx_word' id='word_1_216' title='bbox 1223 2544 1400 2600; x_wconf 79' lang='lat' dir='ltr'>silvam,</span> <span class='ocrx_word' id='word_1_217' title='bbox 1431 2560 1526 2604; x_wconf 85' lang='lat' dir='ltr'>quae</span> <span class='ocrx_word' id='word_1_218' title='bbox 1555 2552 1617 2586; x_wconf 86' lang='lat' dir='ltr'>est</span> 
     </span>
     <span class='ocr_line' id='line_1_30' title="bbox 228 2625 1619 2688; baseline -0.002 -19"><span class='ocrx_word' id='word_1_219' title='bbox 228 2627 361 2670; x_wconf 89' lang='lat' dir='ltr'>totius</span> <span class='ocrx_word' id='word_1_220' title='bbox 391 2626 546 2671; x_wconf 78' lang='lat' dir='ltr'>Galliae</span> <span class='ocrx_word' id='word_1_221' title='bbox 576 2629 784 2684; x_wconf 80' lang='lat' dir='ltr'>maxima,</span> <span class='ocrx_word' id='word_1_222' title='bbox 815 2637 947 2688; x_wconf 84' lang='lat' dir='ltr'>atque</span> <span class='ocrx_word' id='word_1_223' title='bbox 976 2629 1029 2672; x_wconf 88' lang='lat' dir='ltr'>ab</span> <span class='ocrx_word' id='word_1_224' title='bbox 1058 2628 1165 2688; x_wconf 89' lang='lat' dir='ltr'>ripis</span> <span class='ocrx_word' id='word_1_225' title='bbox 1195 2626 1340 2670; x_wconf 76' lang='lat' dir='ltr'>Rheni</span> <span class='ocrx_word' id='word_1_226' title='bbox 1371 2625 1619 2683; x_wconf 86' lang='lat' dir='ltr'>finibusque</span> 
     </span>
    </p>
   </div>
   <div class='ocr_carea' id='block_1_3' title="bbox 229 2704 1619 2769">
    <p class='ocr_par' dir='ltr' id='par_1_4' title="bbox 229 2704 1619 2769">
     <span class='ocr_line' id='line_1_31' title="bbox 229 2704 1619 2769; baseline -0.001 -19"><span class='ocrx_word' id='word_1_227' title='bbox 229 2708 512 2751; x_wconf 84' lang='lat' dir='ltr'>Trevirorum</span> <span class='ocrx_word' id='word_1_228' title='bbox 542 2708 596 2751; x_wconf 85' lang='lat' dir='ltr'>ad</span> <span class='ocrx_word' id='word_1_229' title='bbox 620 2709 806 2752; x_wconf 86' lang='lat' dir='ltr'>Nervios</span> <span class='ocrx_word' id='word_1_230' title='bbox 831 2710 1020 2769; x_wconf 85' lang='lat' dir='ltr'>pertinet</span> <span class='ocrx_word' id='word_1_231' title='bbox 1040 2744 1051 2764; x_wconf 85' lang='lat'>,</span> <span class='ocrx_word' id='word_1_232' title='bbox 1076 2708 1357 2767; x_wconf 85' lang='lat' dir='ltr'>millibusque</span> <span class='ocrx_word' id='word_1_233' title='bbox 1381 2704 1570 2767; x_wconf 83' lang='lat' dir='ltr'>amplius</span> <span class='ocrx_word' id='word_1_234' title='bbox 1590 2721 1619 2748; x_wconf 88' lang='lat' dir='ltr'>D</span> 
     </span>
    </p>
   </div>
  </div>
 </body>
</html>
