1972 3356
582 155 648 190 DE
679 154 841 190 BELLO
869 153 1025 189 C1V1L1
1055 153 1147 190 LIB.
1176 154 1202 188 1.
1538 157 1583 197 [27

200 255 333 283 onera
361 239 593 301 portanda.
622 241 776 300 Itaque
804 255 989 300 magnus
1017 254 1170 282 eorum
1205 237 1399 299 quotidie
1434 254 1586 282 nume-

201 337 273 364 rus
293 320 348 364 ad
380 323 594 366 Caesarem
631 319 919 381 perfugiebat.
948 321 999 363 In
1033 318 1099 363 his
1131 329 1224 363 erat
1258 319 1469 381 angustiis
1494 335 1585 375 res;

201 399 274 444 sed
300 418 349 444 ex
378 401 614 462 propositis
653 398 848 443 consiliis
876 398 1047 442 duobus
1071 398 1317 459 explicitius
1340 399 1586 457 videbatur,

200 479 387 525 Ilerdam
405 481 585 534 reverti,
605 478 725 540 quod
744 479 804 522 ibi
821 477 1052 540 paululum
1072 478 1281 522 frumenti
1297 479 1586 540 reliquerant:

201 563 260 605 ibi
279 579 322 606 se
347 560 565 621 reliquum
585 558 818 603 consilium
845 557 1140 620 explicaturos
1166 558 1457 604 confidebant.
1485 563 1589 605 Tar-

200 659 303 687 raco
321 643 474 686 aberat
500 640 673 701 longius
698 657 706 683 :
736 656 825 700 quo
851 640 993 701 spatio
1022 637 1170 700 plures
1195 656 1287 683 rem
1310 656 1437 701 posse
1460 658 1586 685 casus

199 724 393 784 recipere
419 721 736 783 intelligebant.
775 723 870 765 Hoc
898 720 1087 782 probato
1117 720 1324 777 consilio,
1359 738 1410 765 ex
1435 723 1588 766 castris

200 803 498 864 proficiscunt.
550 804 715 857 Caesar,
765 802 963 863 equitatu
1006 802 1249 863 praemisso,
1287 803 1362 863 qui
1402 803 1587 847 novissi-

199 900 317 928 mum
344 900 502 946 agmen
524 893 723 944 carperet
744 893 877 944 atque
898 882 1149 944 impediret,
1172 884 1264 944 ipse
1287 900 1388 928 cum
1410 882 1589 945 legioni-

197 965 278 1010 bus
303 965 601 1026 subsequitur.
628 963 814 1009 Nullum
839 964 1136 1009 intercedebat
1161 974 1358 1027 tempus,
1382 966 1491 1027 quin
1515 982 1589 1009 ex—

199 1047 325 1090 tremi
349 1062 448 1091 cum
474 1046 694 1107 equitibus
712 1044 1035 1107 proeliarentur.

264 1129 469 1172 LXXIX.
501 1129 656 1172 Genus
686 1136 780 1170 erat
811 1126 896 1170 hoc
931 1144 1102 1189 pugnae.
1136 1127 1362 1189 Expeditae
1388 1129 1590 1174 cohortes

199 1208 485 1252 novissimum
511 1224 669 1269 agmen
692 1206 975 1265 claudebant,
1000 1207 1250 1269 pluriesque
1272 1210 1315 1253 in
1339 1208 1443 1254 locis
1469 1227 1589 1255 cam-

200 1289 416 1349 pestribus
454 1289 768 1333 subsistebant.
811 1289 856 1333 Si
890 1305 1016 1332 mons
1053 1299 1146 1333 erat
1177 1289 1499 1346 ascendendus,
1529 1291 1592 1335 fa-

199 1368 278 1413 cile
326 1370 421 1431 ipsa
454 1369 539 1414 loci
575 1379 732 1413 natura
778 1368 1027 1431 periculum
1066 1369 1329 1430 repellebat,
1378 1371 1498 1431 quod
1539 1389 1587 1416 ex

199 1449 304 1494 locis
334 1450 661 1512 superioribus,
697 1450 773 1510 qui
821 1459 1171 1503 antecesserant,
1214 1467 1315 1495 suos
1351 1451 1590 1496 ascenden-

198 1540 261 1575 tes
306 1531 610 1592 protegebant,
649 1532 800 1588 Quum
840 1529 964 1575 vallis
997 1540 1075 1575 aut
1104 1529 1228 1575 locus
1266 1530 1445 1577 declivis
1491 1533 1593 1577 sub·

197 1622 309 1670 erat,
350 1629 489 1674 neque
531 1614 587 1669 ii,
631 1612 707 1673 qui
749 1622 1089 1667 antecesserant,
1138 1613 1414 1659 morantibus
1462 1631 1589 1676 opem

198 1693 311 1738 ferre
327 1703 550 1755 poterant,
578 1694 745 1754 equites
769 1710 876 1737 vero
899 1711 950 1738 ex
980 1692 1079 1738 loco
1103 1695 1328 1755 superiore
1349 1696 1393 1740 in
1417 1713 1591 1741 aversos

201 1773 287 1818 tela
314 1775 632 1835 conjiciebant,
659 1784 753 1818 tum
783 1790 945 1835 magno
973 1784 1064 1818 erat
1091 1775 1134 1817 in
1162 1774 1361 1836 periculo
1389 1793 1471 1820 res.
1507 1780 1593 1821 Re-

200 1854 504 1916 linquebatur,
523 1865 589 1911 ut,
606 1871 740 1915 quum
767 1853 982 1915 ejusmodi
1001 1864 1111 1898 esset
1129 1855 1236 1900 locis
1260 1858 1591 1919 appropinqua-

201 1945 318 1992 tum,
362 1935 584 1998 legionum
631 1936 755 1998 signa
794 1936 1031 1980 consistere
1066 1937 1295 1997 juberent,
1344 1955 1592 2000 magnoque

202 2017 364 2078 impetu
395 2018 641 2078 equitatum
663 2015 955 2079 repellerent;
980 2034 1031 2062 eo
1057 2018 1290 2075 submoto,
1320 2030 1499 2082 repente
1520 2021 1590 2064 in-

200 2098 321 2143 citati
342 2116 473 2143 cursu
495 2116 585 2143 sese
608 2100 654 2143 in
684 2097 817 2143 valles
836 2099 1030 2144 universi
1051 2099 1351 2157 demitterent,
1380 2111 1511 2163 atque
1530 2103 1592 2147 ita

202 2179 482 2241 transgressi,
521 2197 674 2225 rursus
704 2181 749 2224 in
789 2179 894 2225 loeis
940 2181 1238 2242 superioribus
1288 2183 1588 2228 consisterent.

201 2262 316 2306 Nam
342 2270 514 2305 tantum
534 2261 587 2306 ab
611 2262 811 2322 equitum
842 2278 1026 2307 suorum
1052 2261 1225 2307 auxiliis
1250 2263 1459 2320 aberant,
1483 2281 1592 2325 quo-

199 2358 296 2386 rum
320 2358 551 2386 numerum
586 2343 803 2388 habebant
842 2359 1068 2405 magnum,
1094 2353 1143 2388 ut
1169 2360 1266 2398 eos,
1291 2345 1590 2406 superioribus

200 2425 453 2484 perterritos
475 2423 662 2486 proeliis,
685 2426 729 2469 in
755 2425 949 2470 medium
970 2427 1218 2487 reciperent
1242 2443 1419 2488 agmen,
1447 2426 1587 2471 ultro-

199 2520 284 2565 que
312 2521 385 2549 eos
415 2515 644 2550 tuerentur
668 2523 677 2550 :
707 2523 895 2567 quorum
917 2506 1027 2551 nulli
1044 2524 1097 2551 ex
1121 2507 1277 2552 itinere
1305 2507 1512 2553 excedere
1537 2507 1588 2552 li-

199 2585 345 2643 cebat,
372 2587 479 2648 quin
516 2586 570 2630 ab
597 2588 793 2648 equitatu
824 2588 1003 2633 Caesaris
1042 2589 1327 2650 exciperetur.
