1972 3356
395 198 442 221 2¹2
606 185 644 220 C.
672 185 800 221 JULII
828 184 1046 219 CAESARJS
1077 184 1561 220 COMMENTARIORUM

394 268 524 314 rebus
550 278 649 312 orat
675 285 725 312 ac
752 266 973 329 postulat,
1004 265 1326 328 rempublicam
1353 269 1614 329 suscipiant,
1639 280 1770 331 atque

393 365 480 392 una
507 365 653 393 secum
691 347 1010 392 administrent.
1041 347 1117 391 Sin
1142 348 1300 390 timore
1328 346 1580 408 defugiant,
1616 348 1701 394 illis
1728 367 1772 394 se

393 429 515 472 oneri
539 445 628 473 non
654 428 852 473 futurum
867 463 878 485 ,
902 438 946 472 et
978 444 1057 489 per
1083 443 1128 472 se
1152 426 1468 488 rempublicam
1495 428 1771 474 administra-

378 519 556 554 turum.
596 510 786 571 Legatos
826 508 880 553 ad
920 509 1175 570 Pompeium
1216 507 1269 551 de
1307 508 1625 569 compositione
1656 511 1771 555 mitti

391 600 625 651 oportere:
661 607 805 652 neque
830 607 875 634 se
900 588 1211 645 reformidare,
1239 588 1357 649 quod
1385 590 1430 632 in
1457 599 1609 634 senatu
1639 589 1770 652 paulo

377 680 491 714 rante
519 672 755 733 Pompeius
784 671 987 727 dixisset,
1016 670 1070 713 ad
1097 686 1206 730 quos
1231 668 1362 731 legati
1388 670 1685 729 mitterentur,
1719 671 1771 715 iis

392 752 699 795 auctoritatem
739 751 947 806 attribui,
988 751 1281 810 timoremque
1308 766 1485 807 eorum,
1524 752 1599 811 qui
1626 751 1771 795 mitte-

389 841 489 875 rent
506 865 517 887 ,
544 831 778 893 significari
801 849 810 875 ε
829 831 971 875 tenuis
991 840 1121 890 atque
1141 829 1305 874 infirmi
1329 830 1421 874 haec
1445 831 1579 874 animi
1603 831 1768 875 videri:

389 928 434 955 se
459 927 586 968 vero,
623 922 672 955 ut
708 912 914 973 operibus
954 911 1120 954 anteire
1157 910 1398 967 studuerit,
1439 912 1499 955 sic
1529 911 1701 972 justitia
1729 922 1772 957 et

389 992 589 1052 aequitate
612 990 723 1035 velle
746 1008 1000 1051 superare.»

452 1073 664 1115 XXXIII.
705 1071 869 1114 Probat
904 1087 996 1113 rem
1038 1080 1212 1114 senatus
1241 1070 1294 1114 de
1327 1071 1551 1114 mittendis
1590 1070 1769 1132 legatis3

388 1150 488 1207 sed,
523 1152 597 1211 qui
635 1151 926 1208 mitterentur,
969 1167 1057 1194 non
1100 1150 1455 1211 reperiebantur,
1497 1152 1772 1213 maximeque

389 1233 558 1276 timoris
579 1248 730 1288 causa,
756 1248 837 1293 pro
867 1249 911 1276 se
933 1232 1116 1292 quisque
1136 1230 1179 1274 id
1206 1248 1365 1275 munus
1394 1229 1623 1293 legationis
1648 1248 1771 1276 recu·

387 1312 524 1356 sabat.
548 1313 781 1374 Pompeius
801 1313 917 1356 enim
938 1311 1164 1356 discedens
1184 1312 1237 1355 ab
1258 1311 1378 1356 Urbe
1398 1313 1443 1356 in
1468 1322 1620 1358 senatu
1648 1312 1770 1357 dixe-

387 1402 478 1448 rat,
499 1392 653 1436 eodem
671 1409 715 1437 se
733 1393 989 1437 habiturum
1009 1391 1130 1448 loco,
1162 1393 1237 1452 qui
1258 1395 1410 1436 Romae
1437 1393 1770 1449 remansissent,

389 1482 431 1515 et
460 1473 535 1532 qui
560 1473 605 1516 in
627 1473 777 1517 castris
807 1473 990 1518 Caesaris
1016 1472 1210 1516 fuissent.
1239 1473 1310 1516 Sic
1350 1472 1545 1516 triduum
1575 1473 1771 1534 disputa-

388 1552 581 1596 tionibus
610 1553 1051 1613 excusationibusque
1080 1552 1335 1596 extrahitur.
1373 1550 1613 1614 Subjicitur
1638 1554 1766 1597 etiam

388 1635 439 1676 L.
467 1632 698 1690 Metellus,
723 1633 927 1677 tribunus
948 1631 1112 1694 plebis,
1137 1633 1190 1676 ab
1218 1633 1406 1677 inimicis
1447 1634 1655 1689 Caesaris,
1693 1635 1768 1694 qui

386 1713 498 1757 hanc
521 1730 612 1757 rem
641 1713 880 1767 distrahat,
908 1713 1187 1773 reliquasque
1211 1730 1277 1757 res
1293 1748 1304 1766 ,
1329 1730 1612 1774 quascunque
1641 1730 1769 1774 agere

388 1794 651 1848 instituerit,
696 1793 919 1853 impediat.
964 1793 1101 1853 Cujus
1145 1794 1322 1853 cognito
1365 1792 1570 1849 consilio,
1609 1795 1767 1849 Caesar,

386 1873 546 1917 frustra
573 1873 724 1917 diebus
758 1871 925 1933 aliquot
945 1873 1240 1933 consumptis,
1265 1890 1320 1916 ne
1346 1872 1563 1934 reliquum
1598 1883 1768 1935 tempus

388 1954 584 2009 omittat,
612 1952 784 1997 infectis
812 1954 884 2007 iis,
922 1970 1016 2013 quae
1043 1970 1171 2015 agere
1201 1952 1521 2009 destinaverat,
1560 1954 1616 1998 ab
1642 1954 1764 1999 Urbe

387 2034 701 2094 proficiscitur,
725 2044 856 2095 atque
884 2035 928 2078 in
958 2032 1211 2078 ulteriorem
1234 2033 1424 2079 Galliam
1447 2036 1659 2095 pervenit.

450 2117 661 2160 XXXIV.
689 2117 791 2173 Quo
816 2132 950 2176 quum
977 2115 1188 2172 venisset,
1230 2117 1478 2177 cognoscit,
1517 2117 1697 2160 missum
1722 2117 1766 2159 in

386 2196 645 2257 Hispaniam
669 2212 694 2239 a
727 2196 936 2256 Pompeio
960 2194 1207 2240 Vibullium
1234 2195 1399 2240 Rufum
1417 2230 1428 2252 ,
1455 2213 1585 2257 quem
1615 2197 1766 2257 paucis

388 2275 542 2320 (liebus
568 2286 669 2320 ante
695 2275 877 2321 Corfinii
906 2285 1083 2337 captum
1113 2277 1205 2338 ipse
1234 2276 1457 2321 dimiserat
1480 2294 1489 2320 ε
1519 2276 1765 2338 profectum

388 2356 493 2400 item
528 2357 776 2401 Domitium
799 2355 853 2399 ad
880 2355 1183 2418 occupandam
1212 2355 1449 2400 Massiliam
1476 2356 1659 2401 navibus
1694 2373 1763 2400 ac-

388 2437 541 2480 tuariis
567 2452 652 2492 vu,
678 2453 787 2496 quas
805 2471 815 2491 ,
841 2435 956 2496 Igilii
983 2446 1025 2480 et
1051 2438 1094 2480 in
1120 2439 1293 2482 Cosano
1317 2453 1342 2480 a
1364 2437 1544 2497 privatis
1568 2445 1765 2491 coactas,

387 2518 543 2570 servis,
582 2515 772 2572 libertis,
812 2515 979 2560 colonis
1016 2519 1103 2560 suis
1143 2515 1439 2578 compleverat
1473 2533 1483 2559 τ
1521 2516 1764 2576 praemissos

388 2599 515 2640 etiam
544 2597 708 2658 legatos
734 2596 1021 2641 massilienses
1040 2597 1219 2642 domum
1233 2632 1244 2653 ,
1261 2596 1426 2642 nobiles
1446 2595 1738 2641 adolescentes
1751 2631 1763 2653 ,
