1972 3356
378 294 450 317 212
585 285 623 319 C.
655 285 781 320 JULII
811 286 1024 322 CAESARIS
1055 287 1536 325 COMMENTARIORUM

377 369 671 412 munitionum
710 368 942 429 disposito,
978 380 1046 427 ut,
1083 372 1118 414 si
1155 388 1255 415 usus
1292 373 1457 430 veniat,
1487 390 1614 417 suum
1641 376 1754 435 quis-

375 465 458 508 que
476 447 620 491 locum
643 458 790 492 teneat
811 459 854 493 et
877 451 1072 506 noverit,
1095 452 1335 512 equitatum
1364 469 1415 495 ex
1436 453 1584 496 castris
1608 453 1752 511 educi,

374 537 417 571 et
451 527 655 588 proelium
691 530 905 573 committi
940 531 1075 590 jubet.
1114 534 1218 575 Erat
1258 549 1307 575 ex
1347 533 1550 576 omnibus
1583 535 1754 589 castris,

372 625 467 668 quae
495 626 716 653 summum
749 610 944 671 undique
973 611 1129 672 jugum
1160 613 1383 668 tenebant,
1416 612 1664 674 despectus;
1696 624 1756 658 at-

370 706 458 749 que
492 691 690 734 omnium
727 690 916 734 militum
949 692 1106 735 intenti
1137 693 1272 736 animi
1304 710 1459 754 pugnae
1491 704 1755 754 proventum

371 771 692 830 exspectabant.
725 770 841 816 Galli
871 772 984 815 inter
1009 773 1173 832 equites
1200 789 1322 816 raros
1352 774 1597 834 sagittarios
1625 790 1752 834 expe-

371 850 571 911 ditosque
601 850 708 894 levis
736 861 967 895 armaturae
996 853 1326 913 interjecerant,
1354 854 1426 913 qui
1454 854 1541 897 suis
1569 854 1755 898 cedenti-

369 931 449 975 bus
469 930 632 976 auxilio
653 942 974 988 succurrerent,
994 942 1038 976 et
1054 942 1308 977 nostrorum
1325 935 1523 994 equitum
1542 935 1756 994 impetum

368 1014 645 1056 sustinerent.
684 1012 751 1056 Ab
780 1012 847 1055 his
885 1012 1133 1073 complures
1176 1013 1228 1056 de
1261 1014 1499 1074 improviso
1538 1013 1756 1058 vulnerati

368 1092 522 1153 proelio
555 1092 834 1136 excedebant.
881 1093 1032 1149 Quum
1065 1109 1164 1136 suos
1200 1110 1348 1154 pugna
1385 1095 1628 1154 superiores
1665 1112 1756 1139 esse

368 1172 486 1216 Galli
519 1172 812 1228 confiderent,
853 1182 896 1216 et
936 1181 1108 1217 nostros
1142 1174 1283 1233 premi
1318 1171 1603 1217 multitudine
1639 1174 1758 1218 vide-

367 1263 484 1308 rent,
529 1270 580 1297 ex
628 1253 831 1297 omnibus
876 1253 1095 1313 partibus,
1147 1263 1190 1297 et
1235 1253 1264 1296 ii
1311 1254 1386 1314 qui
1436 1254 1758 1298 munitionibus

368 1334 734 1389 continebantur,
783 1342 824 1376 et
872 1333 901 1376 ii
951 1333 1025 1393 qui
1069 1332 1124 1377 ad
1173 1332 1384 1377 auxilium
1436 1344 1757 1387 convenerant,

368 1412 560 1458 clamore
585 1423 627 1457 et
655 1412 828 1457 ululatu
855 1430 1036 1457 suorum
1062 1414 1232 1458 animos
1262 1413 1597 1458 confirmabant.
1624 1414 1759 1471 Quod

368 1494 413 1537 in
439 1502 676 1554 conspectu
701 1494 898 1537 omnium
923 1510 990 1537 res
1013 1495 1265 1555 gerebatur,
1291 1511 1432 1555 neque
1457 1503 1573 1538 recte
1594 1511 1643 1538 ac
1668 1504 1759 1538 tur·

366 1574 482 1634 piter
506 1573 670 1617 factum
695 1572 827 1617 celari
852 1584 1047 1634 poterat,
1072 1583 1282 1632 utrosque
1306 1584 1348 1616 et
1376 1574 1518 1618 laudis
1543 1574 1758 1634 cupiditas

368 1663 410 1697 et
433 1654 565 1697 timor
584 1654 836 1715 ignominiae
858 1654 913 1697 ad
937 1654 1149 1697 virtutem
1167 1652 1427 1696 excitabant.
1451 1655 1603 1711 Quum
1626 1671 1650 1698 a
1672 1671 1758 1698 me-

367 1734 477 1778 ridie
502 1751 639 1795 prope
666 1735 721 1778 ad
745 1733 847 1777 solis
871 1751 1072 1778 occasum
1101 1733 1235 1777 dubia
1257 1734 1440 1777 victoria
1466 1744 1758 1795 pugnaretur,

369 1815 580 1860 Germani
618 1830 706 1857 una
737 1815 781 1856 in
812 1823 935 1874 parte
967 1813 1174 1857 confertis
1217 1814 1372 1857 turmis
1416 1815 1461 1856 in
1498 1814 1642 1857 hostes
1678 1815 1759 1858 im-

369 1905 521 1956 petum
551 1894 769 1950 fecerunt,
805 1910 967 1954 eosque
999 1891 1319 1954 propulerunt3
1347 1893 1505 1953 quibus
1533 1894 1578 1936 in
1611 1893 1759 1955 fugam

368 1975 601 2036 conjectis,
625 1974 840 2035 sagittarii
865 1974 1155 2017 circumventi
1183 1972 1487 2033 interfectique
1511 1983 1624 2017 sunt.
1650 1976 1761 2018 Item

369 2072 420 2099 ex
444 2054 622 2116 reliquis
652 2054 850 2115 partibus
875 2054 1031 2109 nostri,
1057 2053 1258 2097 cedentes
1285 2070 1424 2114 usque
1448 2054 1503 2098 ad
1526 2064 1665 2098 castra
1694 2055 1760 2098 in-

369 2137 528 2193 secuti,
554 2136 619 2179 sui
648 2133 882 2196 colligendi
905 2133 1157 2178 facultatem
1182 2151 1270 2178 non
1300 2134 1530 2178 dederunt.
1551 2136 1607 2179 At
1637 2136 1665 2178 ii
1685 2138 1761 2196 qui

369 2217 423 2260 ab
448 2215 593 2261 Alesia
613 2226 940 2277 processerant,
962 2215 1130 2271 moesti,
1153 2231 1290 2276 prope
1312 2215 1494 2259 victoria
1515 2214 1759 2276 desperata,

370 2313 414 2341 se
435 2298 480 2340 in
505 2296 719 2358 oppidum
740 2305 1012 2356 receperunt.

435 2379 642 2422 LXXXI.
673 2378 779 2421 Uno
808 2376 878 2420 die
907 2377 1173 2433 intermisso,
1205 2375 1343 2434 Galli,
1372 2387 1523 2438 atque,
1554 2377 1637 2421 hoc
1665 2393 1760 2438 spa-

370 2458 454 2515 tio,
495 2475 658 2520 magno
695 2458 909 2514 cratium,
941 2456 1178 2515 scalarum,
1226 2458 1533 2519 harpagonum
1576 2474 1760 2501 numero

370 2538 543 2596 effecto,
571 2538 714 2582 media
739 2547 867 2582 nocte
893 2537 1067 2582 silentio
1097 2555 1149 2582 ex
1173 2540 1326 2582 castris
1354 2539 1534 2600 egressi,
1558 2538 1612 2581 ad
1642 2554 1759 2581 cam-

371 2629 534 2679 pestres
574 2619 842 2663 munitiones
878 2618 1107 2663 accedunt.
1146 2619 1301 2663 Subito
1335 2618 1524 2663 clamore
1564 2616 1759 2673 sublato,

371 2716 456 2759 qua
500 2700 817 2761 significatione
850 2701 924 2760 qui
958 2701 1002 2743 in
1036 2700 1199 2761 oppido
1232 2699 1547 2744 obsidebantur
1586 2699 1637 2742 de
1683 2715 1761 2742 suo
