1972 3356
415 261 488 298 2234
653 255 693 289 C.
720 252 852 288 JULII
880 251 1106 287 CAESARIS
1134 251 1400 287 COMMENT.
1431 254 1581 288 LIBER

413 337 648 401 sagittariis
671 353 721 380 ac
744 334 1045 380 funditoribus
1069 334 1459 395 hippotoxotisque
1479 334 1807 396 compluribus3

414 422 480 464 his
515 420 652 480 copiis
692 417 836 480 pridie
871 433 976 461 non.
1014 416 1105 478 jan.
1145 425 1245 477 post
1284 415 1399 460 diem
1431 417 1639 474 tertium,
1678 433 1810 478 quam

409 500 606 546 Africam
630 500 802 562 attigit,
823 499 868 543 in
892 498 1059 559 campis
1080 495 1346 560 planissimis
1371 498 1703 560 purissimisque
1720 532 1731 553 ,
1756 499 1810 542 ab

411 583 520 627 hora
540 581 626 626 dici
646 582 802 643 quinta
823 596 963 641 usque
983 578 1038 624 ad
1059 577 1162 624 solis
1186 595 1390 624 occasum
1405 613 1416 635 ‚
1439 588 1504 623 est
1522 578 1809 624 decertatum.

410 666 462 708 In
485 680 537 708 eo
563 662 718 725 proelio
745 663 944 707 Petreius
973 661 1166 723 graviter
1190 661 1301 704 ictus
1327 677 1378 704 ex
1405 661 1497 704 acie
1521 662 1711 705 recessit.

475 746 576 790 XX.
605 747 751 790 Caesar
777 744 952 787 interim
982 752 1126 786 castra
1153 742 1327 786 munire
1353 740 1633 802 diligentius,
1660 743 1810 803 praesi-

411 826 481 871 dia
505 826 683 871 firmare
706 825 950 887 majoribus
975 825 1139 885 copiis,
1163 822 1417 884 vallumque
1437 823 1490 866 ab
1513 823 1678 885 oppido
1702 825 1812 867 Rus-

410 909 514 969 pina
550 925 690 969 usque
719 908 775 952 ad
798 923 919 950 mare
950 905 1192 960 deducere,
1221 915 1262 948 et
1290 922 1313 948 a
1340 905 1493 948 castris
1520 903 1706 948 alterum
1732 921 1807 948 eo-

410 989 538 1046 dem3
566 1006 654 1050 quo
683 989 819 1033 tutius
854 987 970 1031 ultro
1009 988 1210 1046 citroque
1247 1002 1520 1042 commeare,
1558 985 1809 1047 auxiliaque

409 1071 502 1114 sine
527 1069 723 1131 periculo
750 1069 831 1113 sibi
859 1083 1116 1112 succurrere
1146 1076 1324 1127 possent
1351 1083 1360 1109 :
1386 1065 1474 1110 tela
1502 1076 1810 1127 tormentaque

409 1168 461 1196 ex
485 1152 670 1196 navibus
697 1153 741 1195 in
767 1160 909 1195 castra
937 1159 1216 1210 comportare
1255 1165 1263 1191 :
1299 1148 1519 1208 remigum
1556 1158 1729 1209 partem
1759 1165 1811 1192 ex

408 1234 569 1291 classe,
595 1232 831 1279 Gallorum
849 1267 860 1286 ,
885 1230 1192 1284 Rhodiorum,
1218 1229 1584 1290 epibatarumque
1609 1245 1781 1273 armare
1798 1263 1809 1284 ‚

407 1326 450 1360 et
475 1317 519 1359 in
549 1325 690 1359 castra
714 1329 923 1369 evocare,
948 1312 1034 1367 uti,
1063 1312 1097 1355 si
1124 1320 1291 1371 posset,
1317 1309 1471 1354 eadem
1498 1310 1696 1366 ratione,
1723 1325 1810 1370 qua

407 1397 677 1453 adversarii,
709 1396 815 1441 levis
845 1404 1071 1439 armatura
1101 1393 1326 1453 interjecta
1357 1393 1473 1436 inter
1509 1393 1677 1453 equites
1707 1408 1808 1436 suos

408 1480 765 1541 interponeretur
791 1496 799 1521 :
829 1476 1154 1538 sagittariisque
1182 1491 1233 1517 ex
1258 1473 1463 1518 omnibus
1490 1473 1698 1529 navibus,
1725 1474 1812 1534 Ity-

408 1561 517 1618 reis‚
538 1561 673 1621 Syriis
688 1594 700 1616 ,
722 1569 764 1603 et
785 1558 997 1618 cujusque
1020 1556 1191 1618 generis
1214 1555 1355 1598 ductis
1379 1556 1425 1598 in
1445 1564 1588 1599 castra
1609 1553 1810 1614 complu-

408 1642 529 1686 ribus
558 1639 864 1701 frequentabat
888 1654 988 1682 suas
1015 1637 1163 1697 copias
1192 1635 1430 1698 (audiebat
1457 1636 1575 1678 enim
1592 1669 1603 1690 ‚
1633 1634 1806 1695 Scipio-

411 1739 510 1766 nem
541 1732 639 1783 post
669 1721 783 1765 diem
811 1720 992 1763 tertium
1022 1718 1115 1778 ejus
1144 1716 1258 1773 diei,
1289 1733 1377 1776 quo
1405 1714 1609 1776 proelium
1640 1715 1809 1758 factum

409 1813 527 1859 erat,
567 1803 957 1864 appropinquare,
993 1799 1140 1858 copias
1173 1814 1271 1840 suas
1299 1813 1400 1840 cum
1430 1796 1627 1839 Labieno
1655 1805 1697 1839 et
1724 1797 1808 1839 Pe-

410 1884 521 1928 treio
539 1884 827 1944 conjungere,
850 1882 976 1942 cujus
996 1879 1133 1940 copiae
1155 1877 1376 1939 legionum
1401 1886 1521 1933 octo,
1543 1885 1585 1920 et
1608 1877 1809 1936 equitum

410 1966 544 2009 trium
582 1963 769 2008 millium
803 1979 895 2007 esse
933 1957 1283 2019 nuntiabantur)
1322 1976 1330 2001 :
1370 1957 1569 2002 officinas
1606 1957 1809 2001 ferrarias

411 2049 647 2102 instruere,
676 2047 945 2107 sagittasque
972 2052 1015 2086 et
1040 2041 1151 2097 tela,
1178 2041 1242 2084 uti
1269 2040 1424 2084 fierent
1449 2037 1703 2100 complura,
1731 2054 1810 2081 cu-

410 2145 533 2185 rare,
555 2126 734 2189 glandes
756 2125 964 2177 fundere,
987 2122 1115 2168 sudes
1137 2137 1394 2182 comparare
1412 2155 1422 2175 ,
1446 2119 1612 2163 litteras
1635 2119 1676 2161 in
1699 2118 1810 2162 Sici-

410 2208 513 2254 liam
557 2210 825 2268 nuntiosque
864 2207 1066 2261 mittere,
1113 2213 1160 2248 ut
1196 2202 1277 2247 sibi
1317 2211 1459 2246 crates
1493 2201 1811 2259 materiemque

411 2299 702 2353 congererent
730 2288 785 2333 ad
814 2288 998 2343 arietes,
1036 2286 1160 2346 cujus
1197 2284 1346 2345 inopia
1387 2284 1432 2326 in
1470 2281 1616 2327 Africa
1655 2289 1768 2324 esset
1802 2297 1811 2322 :

412 2382 622 2433 praeterea
659 2371 825 2415 ferrum
855 2368 1177 2431 plumbumque
1218 2366 1479 2409 mitteretur.
1524 2365 1580 2407 Et
1613 2362 1811 2406 animum

413 2453 544 2497 etiam
573 2452 828 2496 advertebat
857 2451 1079 2494 frumento
1107 2464 1151 2491 sc
1182 2447 1224 2490 in
1252 2445 1425 2500 Africa,
1455 2445 1538 2488 nisi
1566 2440 1812 2504 importati-

413 2535 495 2590 tio,
521 2535 584 2578 uti
612 2551 701 2577 non
729 2549 854 2594 posse
880 2549 888 2575 :
916 2530 1062 2592 priore
1092 2530 1207 2572 enim
1237 2544 1374 2582 anno,
1405 2534 1586 2586 propter
1611 2522 1814 2566 adversa-

415 2617 583 2659 riorum
604 2614 789 2659 dilectus
804 2649 814 2669 ‚
836 2611 955 2674 quod
973 2610 1246 2672 stipendiarii
1272 2617 1467 2652 aratores
1489 2604 1649 2649 milites
1671 2611 1816 2646 essent

416 2697 542 2754 sacti,
571 2712 756 2740 messem
781 2711 871 2738 non
896 2708 986 2737 esse
1013 2690 1172 2735 factam
1200 2708 1208 2733 ;
1230 2698 1439 2751 praeterea
1457 2703 1509 2730 ex
1525 2684 1643 2729 omni
1668 2682 1816 2727 Africa
