1972 3356
567 221 633 257 DE
662 221 824 257 BELLO
854 221 1007 258 CIVILI
1035 221 1127 257 LIB.
1152 221 1222 256 111.
1515 236 1553 258 11
1570 237 1583 259 1

200 313 299 374 quis
325 311 369 355 in
391 310 540 373 fugam
564 311 795 372 conjectis,
818 309 984 365 nostri,
1014 308 1187 353 duobus
1210 309 1406 367 amissis,
1431 310 1474 354 in
1510 327 1584 354 ca-

201 405 291 439 stra
316 410 360 438 se
385 402 662 454 receperunt.

263 477 519 520 XXXVIII.
556 475 635 518 His
660 474 789 517 rebus
821 473 974 534 gestis,
1010 473 1251 528 Domitius,
1281 490 1460 535 sperans
1493 475 1588 519 Sci-

200 557 377 618 pionem
406 554 462 599 ad
493 570 688 615 pugnam
722 553 818 597 elici
853 569 1007 614 posse,
1049 552 1292 610 simulavit,
1326 570 1417 598 sese
1447 572 1587 616 angu-

201 638 291 682 stiis
314 636 378 680 rei
405 635 700 680 frumentariae
729 633 966 678 adductum
995 643 1136 677 castra
1164 650 1367 691 movere3
1388 636 1590 696 vasisque

201 716 379 762 militari
413 731 536 759 more
571 713 881 767 conclamatis,
918 730 1177 775 progressus
1214 713 1353 758 millia
1381 731 1589 776 passuum

201 800 306 854 tria,
341 797 438 842 loco
470 796 630 841 idoneo
659 805 700 840 et
731 794 906 840 occulto
941 811 1117 840 omnem
1155 796 1396 840 exercitum
1425 796 1592 857 equita—

200 890 384 940 tumque
404 877 647 922 collocavit.
669 878 818 939 Scipio
835 912 846 934 ,
868 875 922 921 ad
946 876 1220 939 sequendum
1246 887 1450 939 paratus,
1476 879 1594 939 equi-

201 969 340 1004 tatum
365 975 657 1021 magnamque
686 969 856 1021 partem
887 957 994 1003 levis
1021 969 1255 1004 armaturae
1281 959 1335 1003 ad
1361 958 1594 1021 exploran-

199 1040 306 1086 dum
334 1041 416 1086 iter
434 1041 620 1086 Domitii
645 1053 686 1084 et
708 1039 1066 1102 cognoscendum
1087 1041 1309 1103 praemisit.
1339 1041 1428 1098 Qui
1454 1057 1593 1102 quum

199 1132 343 1166 essent
367 1123 614 1184 progressi,
637 1122 878 1184 primaeque
903 1131 1058 1165 turmae
1082 1121 1261 1165 insidias
1286 1122 1593 1176 intravissent,

202 1219 254 1247 ex
282 1203 458 1247 fremitu
489 1219 704 1264 equorum
735 1201 853 1246 illata
883 1203 1155 1264 suspicione,
1195 1202 1250 1246 ad
1278 1219 1379 1246 suos
1415 1219 1459 1247 se
1488 1203 1595 1246 reci-

201 1301 306 1347 pere
325 1295 575 1347 coeperunt3
597 1286 761 1346 quique
781 1286 860 1329 lios
881 1285 1204 1346 sequebantur,
1226 1284 1414 1329 celerem
1440 1301 1593 1330 eorum

202 1376 425 1427 receptum
450 1367 711 1428 conspicati,
739 1367 1011 1410 restiterunt.
1049 1367 1223 1421 Nostri,
1257 1366 1446 1428 cognitis
1480 1367 1595 1411 hosti

201 1447 390 1503 insidiis,
429 1464 485 1491 ne
525 1447 689 1491 frustra
724 1447 919 1508 reliquos
955 1457 1284 1508 exspectarent,
1327 1447 1436 1492 duas
1477 1449 1595 1492 nacti

200 1537 368 1573 turmas
391 1539 661 1590 exceperunt
690 1529 761 1591 (in
789 1528 856 1572 his
883 1528 966 1573 fuit
992 1530 1053 1572 M.
1093 1529 1300 1589 Opimius
1317 1563 1328 1585 ,
1362 1528 1596 1590 praefectus

200 1609 426 1671 equitum)
451 1627 460 1654 :
487 1608 681 1671 reliquos
707 1626 859 1654 omnes
884 1627 1037 1654 earum
1072 1619 1320 1654 turmarum
1356 1620 1434 1654 aut
1466 1610 1598 1654 inter-

199 1690 424 1746 fecerunt,
448 1702 526 1736 aut
549 1702 701 1753 captos
726 1691 780 1736 ad
808 1692 1055 1736 Domitium
1080 1689 1398 1753 perduxerunt.

263 1774 474 1818 XXXIX.
511 1772 727 1817 Deductis
767 1789 854 1816 01·ae
895 1773 1123 1816 maritimae
1160 1773 1394 1834 praesidiis,
1429 1775 1597 1827 Caesar,

203 1864 252 1899 ut
275 1871 410 1916 supra
435 1854 784 1898 demonstratum
811 1863 900 1903 est,
934 1863 1022 1897 tres
1048 1853 1254 1898 cohortes
1286 1855 1410 1899 Orici
1444 1855 1597 1916 oppidi

204 1935 357 1980 tuendi
380 1952 507 1980 causa
532 1934 735 1996 reliquit,
766 1934 1008 1996 iisdemque
1033 1934 1278 1979 custodiam
1306 1936 1486 1980 navium
1510 1934 1600 1980 lon·

204 2032 359 2078 garum
388 2016 650 2074 transdidit,
677 2033 785 2078 quas
812 2033 863 2060 ex
889 2015 1016 2061 Italia
1043 2015 1363 2061 transduxerat.
1403 2018 1519 2061 Huic
1542 2017 1601 2061 of-

204 2098 307 2143 ficio
335 2098 589 2160 oppidoque
628 2109 814 2161 praeerat
851 2098 1011 2144 Acilius
1048 2097 1234 2160 legatus.
1273 2102 1315 2144 Is
1356 2116 1488 2144 naves
1523 2115 1601 2143 no-

206 2190 316 2226 stras
340 2182 596 2226 interiorem
626 2182 670 2226 in
698 2191 866 2243 partem
893 2191 992 2244 post
1014 2182 1229 2244 oppidum
1251 2181 1450 2238 reduxit,
1474 2191 1517 2226 et
1544 2182 1600 2227 ad

205 2272 370 2308 terram
397 2262 619 2326 diligavit,
645 2263 933 2326 faucibusque
964 2274 1117 2326 portus
1156 2281 1314 2308 navem
1349 2264 1599 2309 onerariam

206 2346 478 2391 submersam
520 2346 703 2408 objecit,
738 2357 780 2391 et
821 2347 924 2392 huic
964 2346 1146 2391 alteram
1186 2346 1437 2408 conjunxit,
1467 2362 1601 2408 super

204 2443 294 2489 qua
322 2429 480 2473 turrim
511 2428 713 2474 effectam
742 2429 796 2473 ad
827 2430 971 2492 ipsum
1003 2430 1237 2474 introitum
1272 2439 1429 2490 portus
1457 2445 1600 2490 oppo-

204 2511 318 2567 suit,
347 2521 390 2556 et
414 2509 628 2556 militibus
654 2511 892 2575 complevit
908 2548 919 2568 ,
946 2510 1246 2573 tuendamque
1272 2510 1325 2556 ad
1353 2527 1509 2556 omnes
1534 2526 1603 2555 re-

206 2594 410 2655 pentinos
436 2611 562 2639 casus
587 2594 834 2640 transdidit.

271 2677 368 2720 XL.
404 2677 581 2735 Quibus
606 2677 794 2740 cognitis
819 2677 970 2737 rebus,
997 2681 1078 2724 Cn.
1104 2678 1339 2739 Pompeius
1365 2674 1501 2733 filius,
1524 2674 1600 2736 qui
