<?xml version="1.0" encoding="UTF-8"?>
<!DOCTYPE html PUBLIC "-//W3C//DTD XHTML 1.0 Transitional//EN"
    "http://www.w3.org/TR/xhtml1/DTD/xhtml1-transitional.dtd">
<html xmlns="http://www.w3.org/1999/xhtml" xml:lang="en" lang="en">
 <head>
  <title>
</title>
<meta http-equiv="Content-Type" content="text/html;charset=utf-8" />
  <meta name='ocr-system' content='tesseract 3.04.00' />
  <meta name='ocr-capabilities' content='ocr_page ocr_carea ocr_par ocr_line ocrx_word'/>
</head>
<body>
  <div class='ocr_page' id='page_1' title='image "./operajoh0102caesuoft_0172.png"; bbox 0 0 1972 3356; ppageno 0'>
   <div class='ocr_carea' id='block_1_1' title="bbox 395 304 1556 342">
    <p class='ocr_par' dir='ltr' id='par_1_1' title="bbox 395 304 1556 342">
     <span class='ocr_line' id='line_1_1' title="bbox 395 304 1556 342; baseline -0.001 -1"><span class='ocrx_word' id='word_1_1' title='bbox 395 307 464 342; x_wconf 83' lang='lat'>150</span> <span class='ocrx_word' id='word_1_2' title='bbox 599 306 638 339; x_wconf 81' lang='lat' dir='ltr'>C.</span> <span class='ocrx_word' id='word_1_3' title='bbox 669 304 793 339; x_wconf 84' lang='lat' dir='ltr'>JULII</span> <span class='ocrx_word' id='word_1_4' title='bbox 822 304 1037 339; x_wconf 87' lang='lat' dir='ltr'><strong>CAESARIS</strong></span> <span class='ocrx_word' id='word_1_5' title='bbox 1069 304 1556 340; x_wconf 84' lang='lat' dir='ltr'><strong>COMMENTARIORUM</strong></span> 
     </span>
    </p>
   </div>
   <div class='ocr_carea' id='block_1_2' title="bbox 389 385 1809 2622">
    <p class='ocr_par' dir='ltr' id='par_1_2' title="bbox 389 385 1786 1171">
     <span class='ocr_line' id='line_1_2' title="bbox 389 385 1768 448; baseline -0.001 -15"><span class='ocrx_word' id='word_1_6' title='bbox 389 406 485 434; x_wconf 87' lang='lat' dir='ltr'>rum</span> <span class='ocrx_word' id='word_1_7' title='bbox 521 388 704 443; x_wconf 82' lang='lat' dir='ltr'>finibus,</span> <span class='ocrx_word' id='word_1_8' title='bbox 738 396 941 447; x_wconf 87' lang='lat' dir='ltr'>rectaque</span> <span class='ocrx_word' id='word_1_9' title='bbox 978 385 1170 431; x_wconf 80' lang='lat' dir='ltr'>fluminis</span> <span class='ocrx_word' id='word_1_10' title='bbox 1200 387 1395 431; x_wconf 84' lang='lat' dir='ltr'>Danubii</span> <span class='ocrx_word' id='word_1_11' title='bbox 1430 388 1606 448; x_wconf 79' lang='lat' dir='ltr'>regione</span> <span class='ocrx_word' id='word_1_12' title='bbox 1638 389 1768 448; x_wconf 87' lang='lat' dir='ltr'>perti-</span> 
     </span>
     <span class='ocr_line' id='line_1_3' title="bbox 390 466 1771 512; baseline -0.001 0"><span class='ocrx_word' id='word_1_13' title='bbox 390 479 465 512; x_wconf 88' lang='lat' dir='ltr'>net</span> <span class='ocrx_word' id='word_1_14' title='bbox 486 468 541 512; x_wconf 88' lang='lat' dir='ltr'>ad</span> <span class='ocrx_word' id='word_1_15' title='bbox 563 467 670 511; x_wconf 87' lang='lat' dir='ltr'>fines</span> <span class='ocrx_word' id='word_1_16' title='bbox 690 469 915 511; x_wconf 85' lang='lat' dir='ltr'>Dacorum</span> <span class='ocrx_word' id='word_1_17' title='bbox 937 477 980 510; x_wconf 91' lang='lat' dir='ltr'>et</span> <span class='ocrx_word' id='word_1_18' title='bbox 1002 467 1235 511; x_wconf 83' lang='lat' dir='ltr'><strong>Anartium</strong></span> <span class='ocrx_word' id='word_1_19' title='bbox 1255 484 1264 510; x_wconf 81' lang='lat' dir='ltr'><strong><em>z</em></strong></span> <span class='ocrx_word' id='word_1_20' title='bbox 1288 467 1391 510; x_wconf 88' lang='lat' dir='ltr'>hinc</span> <span class='ocrx_word' id='word_1_21' title='bbox 1414 483 1457 510; x_wconf 90' lang='lat' dir='ltr'>se</span> <span class='ocrx_word' id='word_1_22' title='bbox 1483 466 1618 511; x_wconf 83' lang='lat' dir='ltr'>flectit</span> <span class='ocrx_word' id='word_1_23' title='bbox 1644 468 1771 512; x_wconf 84' lang='lat' dir='ltr'>sinis-</span> 
     </span>
     <span class='ocr_line' id='line_1_4' title="bbox 393 546 1776 608; baseline -0.001 -16"><span class='ocrx_word' id='word_1_24' title='bbox 393 558 584 604; x_wconf 84' lang='lat' dir='ltr'>trorsus,</span> <span class='ocrx_word' id='word_1_25' title='bbox 619 547 800 591; x_wconf 87' lang='lat' dir='ltr'>diversis</span> <span class='ocrx_word' id='word_1_26' title='bbox 836 547 890 591; x_wconf 88' lang='lat' dir='ltr'>ab</span> <span class='ocrx_word' id='word_1_27' title='bbox 926 547 1106 591; x_wconf 80' lang='lat' dir='ltr'>flumine</span> <span class='ocrx_word' id='word_1_28' title='bbox 1144 547 1416 608; x_wconf 80' lang='lat' dir='ltr'>regionibus,</span> <span class='ocrx_word' id='word_1_29' title='bbox 1450 546 1776 607; x_wconf 89' lang='lat' dir='ltr'>multarumque</span> 
     </span>
     <span class='ocr_line' id='line_1_5' title="bbox 392 627 1777 691; baseline -0.002 -18"><span class='ocrx_word' id='word_1_30' title='bbox 392 629 588 690; x_wconf 86' lang='lat' dir='ltr'>gentium</span> <span class='ocrx_word' id='word_1_31' title='bbox 622 628 730 672; x_wconf 88' lang='lat' dir='ltr'>fines</span> <span class='ocrx_word' id='word_1_32' title='bbox 768 638 948 691; x_wconf 92' lang='lat' dir='ltr'>propter</span> <span class='ocrx_word' id='word_1_33' title='bbox 987 627 1338 690; x_wconf 82' lang='lat' dir='ltr'>magnitudinem</span> <span class='ocrx_word' id='word_1_34' title='bbox 1378 628 1590 690; x_wconf 87' lang='lat' dir='ltr'>attingit:</span> <span class='ocrx_word' id='word_1_35' title='bbox 1636 644 1777 688; x_wconf 86' lang='lat' dir='ltr'>neque</span> 
     </span>
     <span class='ocr_line' id='line_1_6' title="bbox 392 708 1780 771; baseline -0.002 -17"><span class='ocrx_word' id='word_1_36' title='bbox 392 711 622 770; x_wconf 87' lang='lat' dir='ltr'>quisquam</span> <span class='ocrx_word' id='word_1_37' title='bbox 647 720 712 754; x_wconf 89' lang='lat' dir='ltr'>est</span> <span class='ocrx_word' id='word_1_38' title='bbox 733 710 865 771; x_wconf 87' lang='lat' dir='ltr'>hujus</span> <span class='ocrx_word' id='word_1_39' title='bbox 891 710 1159 766; x_wconf 67' lang='lat' dir='ltr'>Germafflae,</span> <span class='ocrx_word' id='word_1_40' title='bbox 1191 709 1267 769; x_wconf 91' lang='lat' dir='ltr'>qui</span> <span class='ocrx_word' id='word_1_41' title='bbox 1290 725 1334 752; x_wconf 89' lang='lat' dir='ltr'>se</span> <span class='ocrx_word' id='word_1_42' title='bbox 1356 718 1432 752; x_wconf 86' lang='lat' dir='ltr'>aut</span> <span class='ocrx_word' id='word_1_43' title='bbox 1458 708 1596 752; x_wconf 83' lang='lat' dir='ltr'>adisse</span> <span class='ocrx_word' id='word_1_44' title='bbox 1619 708 1674 752; x_wconf 88' lang='lat' dir='ltr'>ad</span> <span class='ocrx_word' id='word_1_45' title='bbox 1700 709 1780 751; x_wconf 81' lang='lat' dir='ltr'>ini-</span> 
     </span>
     <span class='ocr_line' id='line_1_7' title="bbox 395 789 1780 850; baseline -0.001 -17"><span class='ocrx_word' id='word_1_46' title='bbox 395 790 504 835; x_wconf 87' lang='lat' dir='ltr'>tium</span> <span class='ocrx_word' id='word_1_47' title='bbox 534 790 626 850; x_wconf 89' lang='lat' dir='ltr'>ejus</span> <span class='ocrx_word' id='word_1_48' title='bbox 649 789 766 834; x_wconf 82' lang='lat' dir='ltr'>silvae</span> <span class='ocrx_word' id='word_1_49' title='bbox 789 789 924 847; x_wconf 73' lang='lat' dir='ltr'>dicat,</span> <span class='ocrx_word' id='word_1_50' title='bbox 951 805 1089 850; x_wconf 90' lang='lat' dir='ltr'>quum</span> <span class='ocrx_word' id='word_1_51' title='bbox 1116 789 1289 833; x_wconf 88' lang='lat' dir='ltr'>dierum</span> <span class='ocrx_word' id='word_1_52' title='bbox 1311 789 1395 832; x_wconf 89' lang='lat' dir='ltr'>iter</span> <span class='ocrx_word' id='word_1_53' title='bbox 1423 806 1480 833; x_wconf 79' lang='lat' dir='ltr'>Lx</span> <span class='ocrx_word' id='word_1_54' title='bbox 1502 789 1780 849; x_wconf 85' lang='lat' dir='ltr'>processerit,</span> 
     </span>
     <span class='ocr_line' id='line_1_8' title="bbox 395 869 1783 931; baseline -0.001 -17"><span class='ocrx_word' id='word_1_55' title='bbox 395 880 492 927; x_wconf 83' lang='lat' dir='ltr'>aut,</span> <span class='ocrx_word' id='word_1_56' title='bbox 521 887 608 931; x_wconf 92' lang='lat' dir='ltr'>quo</span> <span class='ocrx_word' id='word_1_57' title='bbox 632 887 685 914; x_wconf 83' lang='lat' dir='ltr'>ex</span> <span class='ocrx_word' id='word_1_58' title='bbox 714 869 810 914; x_wconf 90' lang='lat' dir='ltr'>loco</span> <span class='ocrx_word' id='word_1_59' title='bbox 835 871 1023 926; x_wconf 83' lang='lat' dir='ltr'>oriatur,</span> <span class='ocrx_word' id='word_1_60' title='bbox 1047 870 1278 931; x_wconf 88' lang='lat' dir='ltr'>acceperit.</span> <span class='ocrx_word' id='word_1_61' title='bbox 1310 869 1452 914; x_wconf 85' lang='lat' dir='ltr'>Multa</span> <span class='ocrx_word' id='word_1_62' title='bbox 1475 870 1518 912; x_wconf 88' lang='lat' dir='ltr'>in</span> <span class='ocrx_word' id='word_1_63' title='bbox 1548 885 1596 912; x_wconf 89' lang='lat' dir='ltr'>ea</span> <span class='ocrx_word' id='word_1_64' title='bbox 1622 885 1783 930; x_wconf 85' lang='lat' dir='ltr'>genera</span> 
     </span>
     <span class='ocr_line' id='line_1_9' title="bbox 396 949 1782 1011; baseline -0.001 -17"><span class='ocrx_word' id='word_1_65' title='bbox 396 950 587 994; x_wconf 89' lang='lat' dir='ltr'>ferarum</span> <span class='ocrx_word' id='word_1_66' title='bbox 608 951 726 995; x_wconf 87' lang='lat' dir='ltr'>nasci</span> <span class='ocrx_word' id='word_1_67' title='bbox 746 959 941 1006; x_wconf 84' lang='lat' dir='ltr'>constat,</span> <span class='ocrx_word' id='word_1_68' title='bbox 958 967 1054 1011; x_wconf 86' lang='lat' dir='ltr'>quae</span> <span class='ocrx_word' id='word_1_69' title='bbox 1071 949 1251 1011; x_wconf 90' lang='lat' dir='ltr'>reliquis</span> <span class='ocrx_word' id='word_1_70' title='bbox 1271 951 1314 993; x_wconf 90' lang='lat' dir='ltr'>in</span> <span class='ocrx_word' id='word_1_71' title='bbox 1330 950 1436 993; x_wconf 83' lang='lat' dir='ltr'>locis</span> <span class='ocrx_word' id='word_1_72' title='bbox 1452 950 1543 993; x_wconf 85' lang='lat' dir='ltr'>visa</span> <span class='ocrx_word' id='word_1_73' title='bbox 1559 966 1649 994; x_wconf 92' lang='lat' dir='ltr'>non</span> <span class='ocrx_word' id='word_1_74' title='bbox 1668 950 1754 993; x_wconf 88' lang='lat' dir='ltr'>sint</span> <span class='ocrx_word' id='word_1_75' title='bbox 1773 966 1782 992; x_wconf 75' lang='grc' dir='ltr'><strong><em>ε</em></strong></span> 
     </span>
     <span class='ocr_line' id='line_1_10' title="bbox 397 1030 1786 1091; baseline -0.001 -17"><span class='ocrx_word' id='word_1_76' title='bbox 397 1047 449 1074; x_wconf 82' lang='lat' dir='ltr'>ex</span> <span class='ocrx_word' id='word_1_77' title='bbox 473 1031 631 1091; x_wconf 88' lang='lat' dir='ltr'>quibus</span> <span class='ocrx_word' id='word_1_78' title='bbox 658 1047 754 1091; x_wconf 83' lang='lat' dir='ltr'>quae</span> <span class='ocrx_word' id='word_1_79' title='bbox 778 1031 966 1074; x_wconf 82' lang='lat' dir='ltr'>maxime</span> <span class='ocrx_word' id='word_1_80' title='bbox 987 1030 1195 1074; x_wconf 90' lang='lat' dir='ltr'>differant</span> <span class='ocrx_word' id='word_1_81' title='bbox 1222 1030 1275 1074; x_wconf 88' lang='lat' dir='ltr'>ah</span> <span class='ocrx_word' id='word_1_82' title='bbox 1300 1030 1476 1085; x_wconf 86' lang='lat' dir='ltr'>ceteris,</span> <span class='ocrx_word' id='word_1_83' title='bbox 1501 1038 1543 1073; x_wconf 92' lang='lat' dir='ltr'>et</span> <span class='ocrx_word' id='word_1_84' title='bbox 1565 1030 1786 1073; x_wconf 83' lang='lat' dir='ltr'>memoriae</span> 
     </span>
     <span class='ocr_line' id='line_1_11' title="bbox 400 1110 1158 1171; baseline 0 -17"><span class='ocrx_word' id='word_1_85' title='bbox 400 1110 625 1171; x_wconf 90' lang='lat' dir='ltr'>prodenda</span> <span class='ocrx_word' id='word_1_86' title='bbox 642 1110 896 1167; x_wconf 83' lang='lat' dir='ltr'>videantur,</span> <span class='ocrx_word' id='word_1_87' title='bbox 922 1111 1014 1154; x_wconf 86' lang='lat' dir='ltr'>haec</span> <span class='ocrx_word' id='word_1_88' title='bbox 1043 1120 1158 1154; x_wconf 88' lang='lat' dir='ltr'>sunt.</span> 
     </span>
    </p>

    <p class='ocr_par' dir='ltr' id='par_1_3' title="bbox 401 1190 1793 1654">
     <span class='ocr_line' id='line_1_12' title="bbox 465 1190 1789 1253; baseline -0.002 -17"><span class='ocrx_word' id='word_1_89' title='bbox 465 1193 629 1236; x_wconf 87' lang='lat' dir='ltr'><strong>XXVI.</strong></span> <span class='ocrx_word' id='word_1_90' title='bbox 662 1193 738 1237; x_wconf 88' lang='lat' dir='ltr'>Est</span> <span class='ocrx_word' id='word_1_91' title='bbox 759 1192 838 1235; x_wconf 86' lang='lat' dir='ltr'>bos</span> <span class='ocrx_word' id='word_1_92' title='bbox 863 1192 980 1235; x_wconf 88' lang='lat' dir='ltr'>cervi</span> <span class='ocrx_word' id='word_1_93' title='bbox 1004 1191 1165 1253; x_wconf 81' lang='lat' dir='ltr'>figura,</span> <span class='ocrx_word' id='word_1_94' title='bbox 1185 1191 1310 1252; x_wconf 88' lang='lat' dir='ltr'>cujus</span> <span class='ocrx_word' id='word_1_95' title='bbox 1338 1208 1362 1234; x_wconf 90' lang='lat' dir='ltr'>a</span> <span class='ocrx_word' id='word_1_96' title='bbox 1388 1190 1531 1234; x_wconf 88' lang='lat' dir='ltr'>media</span> <span class='ocrx_word' id='word_1_97' title='bbox 1553 1190 1697 1234; x_wconf 89' lang='lat' dir='ltr'>fronte</span> <span class='ocrx_word' id='word_1_98' title='bbox 1728 1191 1789 1233; x_wconf 88' lang='lat' dir='ltr'>in-</span> 
     </span>
     <span class='ocr_line' id='line_1_13' title="bbox 401 1270 1791 1333; baseline -0.001 -19"><span class='ocrx_word' id='word_1_99' title='bbox 401 1282 467 1315; x_wconf 89' lang='lat' dir='ltr'>ter</span> <span class='ocrx_word' id='word_1_100' title='bbox 492 1288 618 1316; x_wconf 88' lang='lat' dir='ltr'>aures</span> <span class='ocrx_word' id='word_1_101' title='bbox 647 1288 784 1315; x_wconf 90' lang='lat' dir='ltr'>unum</span> <span class='ocrx_word' id='word_1_102' title='bbox 807 1288 946 1315; x_wconf 87' lang='lat' dir='ltr'>cornu</span> <span class='ocrx_word' id='word_1_103' title='bbox 978 1272 1164 1327; x_wconf 81' lang='lat' dir='ltr'>exsistit,</span> <span class='ocrx_word' id='word_1_104' title='bbox 1194 1270 1404 1315; x_wconf 82' lang='lat' dir='ltr'>excelsius</span> <span class='ocrx_word' id='word_1_105' title='bbox 1434 1270 1693 1333; x_wconf 84' lang='lat' dir='ltr'>magnisque</span> <span class='ocrx_word' id='word_1_106' title='bbox 1727 1270 1791 1313; x_wconf 92' lang='lat' dir='ltr'>di—</span> 
     </span>
     <span class='ocr_line' id='line_1_14' title="bbox 401 1350 1792 1412; baseline -0.001 -18"><span class='ocrx_word' id='word_1_107' title='bbox 401 1361 571 1396; x_wconf 88' lang='lat' dir='ltr'>rectum</span> <span class='ocrx_word' id='word_1_108' title='bbox 614 1352 680 1396; x_wconf 89' lang='lat' dir='ltr'>his</span> <span class='ocrx_word' id='word_1_109' title='bbox 717 1369 813 1412; x_wconf 86' lang='lat' dir='ltr'>quae</span> <span class='ocrx_word' id='word_1_110' title='bbox 848 1351 974 1396; x_wconf 89' lang='lat' dir='ltr'>nobis</span> <span class='ocrx_word' id='word_1_111' title='bbox 1010 1361 1115 1396; x_wconf 87' lang='lat' dir='ltr'>nota</span> <span class='ocrx_word' id='word_1_112' title='bbox 1154 1361 1282 1407; x_wconf 79' lang='lat' dir='ltr'>sunt,</span> <span class='ocrx_word' id='word_1_113' title='bbox 1327 1351 1545 1394; x_wconf 88' lang='lat' dir='ltr'>cornibus.</span> <span class='ocrx_word' id='word_1_114' title='bbox 1589 1350 1655 1394; x_wconf 90' lang='lat' dir='ltr'>Ab</span> <span class='ocrx_word' id='word_1_115' title='bbox 1699 1350 1792 1411; x_wconf 88' lang='lat' dir='ltr'>ejus</span> 
     </span>
     <span class='ocr_line' id='line_1_15' title="bbox 404 1431 1793 1493; baseline -0.003 -16"><span class='ocrx_word' id='word_1_116' title='bbox 404 1449 596 1490; x_wconf 86' lang='lat' dir='ltr'>summo,</span> <span class='ocrx_word' id='word_1_117' title='bbox 619 1433 734 1476; x_wconf 86' lang='lat' dir='ltr'>sieut</span> <span class='ocrx_word' id='word_1_118' title='bbox 756 1431 930 1493; x_wconf 66' lang='lat' dir='ltr'>palmae,</span> <span class='ocrx_word' id='word_1_119' title='bbox 955 1432 1066 1476; x_wconf 91' lang='lat' dir='ltr'>rami</span> <span class='ocrx_word' id='word_1_120' title='bbox 1100 1449 1231 1493; x_wconf 91' lang='lat' dir='ltr'>quam</span> <span class='ocrx_word' id='word_1_121' title='bbox 1257 1431 1342 1476; x_wconf 89' lang='lat' dir='ltr'>late</span> <span class='ocrx_word' id='word_1_122' title='bbox 1362 1431 1685 1475; x_wconf 85' lang='lat' dir='ltr'>diffunduntur.</span> <span class='ocrx_word' id='word_1_123' title='bbox 1716 1433 1793 1474; x_wconf 84' lang='lat' dir='ltr'>Ea-</span> 
     </span>
     <span class='ocr_line' id='line_1_16' title="bbox 404 1511 1793 1573; baseline -0.001 -17"><span class='ocrx_word' id='word_1_124' title='bbox 404 1513 504 1556; x_wconf 89' lang='lat' dir='ltr'>dem</span> <span class='ocrx_word' id='word_1_125' title='bbox 531 1522 595 1556; x_wconf 83' lang='lat' dir='ltr'>est</span> <span class='ocrx_word' id='word_1_126' title='bbox 624 1512 797 1556; x_wconf 85' lang='lat' dir='ltr'>feminae</span> <span class='ocrx_word' id='word_1_127' title='bbox 825 1513 1044 1573; x_wconf 86' lang='lat' dir='ltr'>marisque</span> <span class='ocrx_word' id='word_1_128' title='bbox 1071 1522 1251 1568; x_wconf 75' lang='lat' dir='ltr'>natura,</span> <span class='ocrx_word' id='word_1_129' title='bbox 1280 1512 1430 1556; x_wconf 87' lang='lat' dir='ltr'>eadem</span> <span class='ocrx_word' id='word_1_130' title='bbox 1460 1512 1598 1555; x_wconf 87' lang='lat' dir='ltr'>forma</span> <span class='ocrx_word' id='word_1_131' title='bbox 1622 1511 1793 1572; x_wconf 82' lang='lat' dir='ltr'>magni-</span> 
     </span>
     <span class='ocr_line' id='line_1_17' title="bbox 404 1594 857 1654; baseline 0 -16"><span class='ocrx_word' id='word_1_132' title='bbox 404 1594 602 1654; x_wconf 89' lang='lat' dir='ltr'>tudoque</span> <span class='ocrx_word' id='word_1_133' title='bbox 623 1610 857 1638; x_wconf 89' lang='lat' dir='ltr'>cornuum.</span> 
     </span>
    </p>

    <p class='ocr_par' dir='ltr' id='par_1_4' title="bbox 407 1672 1809 2622">
     <span class='ocr_line' id='line_1_18' title="bbox 469 1672 1794 1735; baseline -0.005 -14"><span class='ocrx_word' id='word_1_134' title='bbox 469 1678 659 1721; x_wconf 84' lang='lat' dir='ltr'>XXVII.</span> <span class='ocrx_word' id='word_1_135' title='bbox 704 1678 816 1721; x_wconf 90' lang='lat' dir='ltr'>Sunt</span> <span class='ocrx_word' id='word_1_136' title='bbox 855 1676 982 1732; x_wconf 79' lang='lat' dir='ltr'>item,</span> <span class='ocrx_word' id='word_1_137' title='bbox 1019 1691 1114 1735; x_wconf 83' lang='lat' dir='ltr'>quae</span> <span class='ocrx_word' id='word_1_138' title='bbox 1150 1672 1429 1735; x_wconf 83' lang='lat' dir='ltr'>appellantur</span> <span class='ocrx_word' id='word_1_139' title='bbox 1463 1672 1588 1716; x_wconf 88' lang='lat' dir='ltr'>alces.</span> <span class='ocrx_word' id='word_1_140' title='bbox 1626 1675 1794 1716; x_wconf 88' lang='lat' dir='ltr'>Harum</span> 
     </span>
     <span class='ocr_line' id='line_1_19' title="bbox 407 1752 1798 1817; baseline -0.004 -17"><span class='ocrx_word' id='word_1_141' title='bbox 407 1767 473 1801; x_wconf 65' lang='lat' dir='ltr'>est</span> <span class='ocrx_word' id='word_1_142' title='bbox 497 1755 738 1801; x_wconf 89' lang='lat' dir='ltr'>consimilis</span> <span class='ocrx_word' id='word_1_143' title='bbox 757 1757 899 1817; x_wconf 89' lang='lat' dir='ltr'>capris</span> <span class='ocrx_word' id='word_1_144' title='bbox 921 1756 1062 1817; x_wconf 83' lang='lat' dir='ltr'>figura</span> <span class='ocrx_word' id='word_1_145' title='bbox 1076 1790 1087 1812; x_wconf 79' lang='lat'><strong><em>‚</em></strong></span> <span class='ocrx_word' id='word_1_146' title='bbox 1108 1765 1150 1799; x_wconf 88' lang='lat' dir='ltr'>et</span> <span class='ocrx_word' id='word_1_147' title='bbox 1173 1755 1361 1798; x_wconf 87' lang='lat' dir='ltr'>varietas</span> <span class='ocrx_word' id='word_1_148' title='bbox 1385 1752 1590 1814; x_wconf 84' lang='lat' dir='ltr'>pellium,</span> <span class='ocrx_word' id='word_1_149' title='bbox 1610 1752 1685 1796; x_wconf 91' lang='lat' dir='ltr'>sed</span> <span class='ocrx_word' id='word_1_150' title='bbox 1707 1769 1798 1796; x_wconf 85' lang='lat' dir='ltr'>ma-</span> 
     </span>
     <span class='ocr_line' id='line_1_20' title="bbox 409 1833 1796 1899; baseline -0.004 -18"><span class='ocrx_word' id='word_1_151' title='bbox 409 1836 641 1899; x_wconf 84' lang='lat' dir='ltr'>gnitudine</span> <span class='ocrx_word' id='word_1_152' title='bbox 669 1835 802 1897; x_wconf 89' lang='lat' dir='ltr'>paulo</span> <span class='ocrx_word' id='word_1_153' title='bbox 832 1835 1118 1891; x_wconf 85' lang='lat' dir='ltr'>antecedunt,</span> <span class='ocrx_word' id='word_1_154' title='bbox 1149 1834 1401 1894; x_wconf 85' lang='lat' dir='ltr'>mutilaeque</span> <span class='ocrx_word' id='word_1_155' title='bbox 1430 1843 1531 1877; x_wconf 90' lang='lat' dir='ltr'>sunt</span> <span class='ocrx_word' id='word_1_156' title='bbox 1566 1833 1796 1889; x_wconf 85' lang='lat' dir='ltr'>cornibus,</span> 
     </span>
     <span class='ocr_line' id='line_1_21' title="bbox 409 1914 1800 1976; baseline -0.004 -15"><span class='ocrx_word' id='word_1_157' title='bbox 409 1927 450 1961; x_wconf 80' lang='lat' dir='ltr'>et</span> <span class='ocrx_word' id='word_1_158' title='bbox 492 1934 598 1961; x_wconf 85' lang='lat' dir='ltr'>cura</span> <span class='ocrx_word' id='word_1_159' title='bbox 634 1918 727 1960; x_wconf 90' lang='lat' dir='ltr'>sine</span> <span class='ocrx_word' id='word_1_160' title='bbox 761 1916 888 1960; x_wconf 88' lang='lat' dir='ltr'>nodis</span> <span class='ocrx_word' id='word_1_161' title='bbox 923 1915 1206 1976; x_wconf 84' lang='lat' dir='ltr'>articulisque</span> <span class='ocrx_word' id='word_1_162' title='bbox 1240 1915 1423 1968; x_wconf 82' lang='lat' dir='ltr'>habent3</span> <span class='ocrx_word' id='word_1_163' title='bbox 1461 1930 1603 1974; x_wconf 90' lang='lat' dir='ltr'>neque</span> <span class='ocrx_word' id='word_1_164' title='bbox 1643 1914 1800 1974; x_wconf 88' lang='lat' dir='ltr'>quietis</span> 
     </span>
     <span class='ocr_line' id='line_1_22' title="bbox 410 1993 1798 2059; baseline -0.004 -17"><span class='ocrx_word' id='word_1_165' title='bbox 410 2015 538 2043; x_wconf 84' lang='lat' dir='ltr'>causa</span> <span class='ocrx_word' id='word_1_166' title='bbox 562 1997 882 2059; x_wconf 85' lang='lat' dir='ltr'>procumbunt,</span> <span class='ocrx_word' id='word_1_167' title='bbox 908 2013 1070 2057; x_wconf 89' lang='lat' dir='ltr'>neque,</span> <span class='ocrx_word' id='word_1_168' title='bbox 1097 1996 1132 2039; x_wconf 88' lang='lat' dir='ltr'>si</span> <span class='ocrx_word' id='word_1_169' title='bbox 1159 2012 1245 2056; x_wconf 92' lang='lat' dir='ltr'>quo</span> <span class='ocrx_word' id='word_1_170' title='bbox 1276 1994 1446 2039; x_wconf 81' lang='lat' dir='ltr'>afflictae</span> <span class='ocrx_word' id='word_1_171' title='bbox 1473 2011 1575 2038; x_wconf 84' lang='lat' dir='ltr'>casu</span> <span class='ocrx_word' id='word_1_172' title='bbox 1599 1993 1798 2038; x_wconf 90' lang='lat' dir='ltr'>concide-</span> 
     </span>
     <span class='ocr_line' id='line_1_23' title="bbox 411 2075 1802 2140; baseline -0.004 -18"><span class='ocrx_word' id='word_1_173' title='bbox 411 2081 520 2135; x_wconf 83' lang='lat' dir='ltr'>rint,</span> <span class='ocrx_word' id='word_1_174' title='bbox 545 2080 713 2140; x_wconf 84' lang='lat' dir='ltr'>erigere</span> <span class='ocrx_word' id='word_1_175' title='bbox 736 2094 827 2122; x_wconf 90' lang='lat' dir='ltr'>sese</span> <span class='ocrx_word' id='word_1_176' title='bbox 846 2087 924 2122; x_wconf 91' lang='lat' dir='ltr'>aut</span> <span class='ocrx_word' id='word_1_177' title='bbox 946 2076 1172 2121; x_wconf 80' lang='lat' dir='ltr'>sublevare</span> <span class='ocrx_word' id='word_1_178' title='bbox 1189 2085 1386 2137; x_wconf 86' lang='lat' dir='ltr'>possunt.</span> <span class='ocrx_word' id='word_1_179' title='bbox 1409 2076 1487 2119; x_wconf 91' lang='lat' dir='ltr'>His</span> <span class='ocrx_word' id='word_1_180' title='bbox 1506 2084 1607 2118; x_wconf 87' lang='lat' dir='ltr'>sunt</span> <span class='ocrx_word' id='word_1_181' title='bbox 1626 2075 1802 2118; x_wconf 86' lang='lat' dir='ltr'>arbores</span> 
     </span>
     <span class='ocr_line' id='line_1_24' title="bbox 411 2153 1801 2220; baseline -0.005 -17"><span class='ocrx_word' id='word_1_182' title='bbox 411 2177 491 2220; x_wconf 88' lang='lat' dir='ltr'>pro</span> <span class='ocrx_word' id='word_1_183' title='bbox 519 2158 738 2203; x_wconf 83' lang='lat' dir='ltr'>cubilibus</span> <span class='ocrx_word' id='word_1_184' title='bbox 764 2176 773 2201; x_wconf 76' lang='grc' dir='ltr'>ε</span> <span class='ocrx_word' id='word_1_185' title='bbox 808 2158 864 2202; x_wconf 80' lang='lat' dir='ltr'>ad</span> <span class='ocrx_word' id='word_1_186' title='bbox 895 2174 966 2202; x_wconf 89' lang='lat' dir='ltr'>eas</span> <span class='ocrx_word' id='word_1_187' title='bbox 999 2175 1042 2203; x_wconf 85' lang='lat' dir='ltr'>se</span> <span class='ocrx_word' id='word_1_188' title='bbox 1074 2155 1319 2218; x_wconf 83' lang='lat' dir='ltr'>applicant,</span> <span class='ocrx_word' id='word_1_189' title='bbox 1352 2165 1484 2216; x_wconf 87' lang='lat' dir='ltr'>atque</span> <span class='ocrx_word' id='word_1_190' title='bbox 1512 2156 1592 2211; x_wconf 84' lang='lat' dir='ltr'>ita,</span> <span class='ocrx_word' id='word_1_191' title='bbox 1622 2153 1801 2216; x_wconf 87' lang='lat' dir='ltr'>paulum</span> 
     </span>
     <span class='ocr_line' id='line_1_25' title="bbox 412 2234 1803 2299; baseline -0.006 -16"><span class='ocrx_word' id='word_1_192' title='bbox 412 2240 544 2284; x_wconf 90' lang='lat' dir='ltr'>modo</span> <span class='ocrx_word' id='word_1_193' title='bbox 570 2237 810 2295; x_wconf 81' lang='lat' dir='ltr'>reclinatae,</span> <span class='ocrx_word' id='word_1_194' title='bbox 839 2238 1032 2299; x_wconf 88' lang='lat' dir='ltr'>quietem</span> <span class='ocrx_word' id='word_1_195' title='bbox 1063 2237 1247 2298; x_wconf 89' lang='lat' dir='ltr'>capiunt</span> <span class='ocrx_word' id='word_1_196' title='bbox 1275 2253 1284 2279; x_wconf 91' lang='lat'>:</span> <span class='ocrx_word' id='word_1_197' title='bbox 1310 2252 1498 2296; x_wconf 86' lang='lat' dir='ltr'>quarum</span> <span class='ocrx_word' id='word_1_198' title='bbox 1528 2251 1579 2278; x_wconf 80' lang='lat' dir='ltr'>ex</span> <span class='ocrx_word' id='word_1_199' title='bbox 1610 2234 1803 2294; x_wconf 80' lang='lat' dir='ltr'>vestigiis</span> 
     </span>
     <span class='ocr_line' id='line_1_26' title="bbox 412 2315 1803 2380; baseline -0.005 -17"><span class='ocrx_word' id='word_1_200' title='bbox 412 2337 550 2380; x_wconf 89' lang='lat' dir='ltr'>quum</span> <span class='ocrx_word' id='word_1_201' title='bbox 581 2330 647 2364; x_wconf 90' lang='lat' dir='ltr'>est</span> <span class='ocrx_word' id='word_1_202' title='bbox 673 2318 1027 2364; x_wconf 86' lang='lat' dir='ltr'>animadversum</span> <span class='ocrx_word' id='word_1_203' title='bbox 1054 2335 1078 2362; x_wconf 87' lang='lat' dir='ltr'>a</span> <span class='ocrx_word' id='word_1_204' title='bbox 1104 2317 1387 2361; x_wconf 86' lang='lat' dir='ltr'>venatoribus</span> <span class='ocrx_word' id='word_1_205' title='bbox 1416 2332 1504 2376; x_wconf 91' lang='lat' dir='ltr'>quo</span> <span class='ocrx_word' id='word_1_206' title='bbox 1536 2332 1579 2360; x_wconf 89' lang='lat' dir='ltr'>se</span> <span class='ocrx_word' id='word_1_207' title='bbox 1609 2315 1803 2374; x_wconf 84' lang='lat' dir='ltr'>recipere</span> 
     </span>
     <span class='ocr_line' id='line_1_27' title="bbox 414 2397 1804 2457; baseline -0.006 -11"><span class='ocrx_word' id='word_1_208' title='bbox 414 2402 692 2457; x_wconf 84' lang='lat' dir='ltr'>consuerint,</span> <span class='ocrx_word' id='word_1_209' title='bbox 718 2417 870 2444; x_wconf 88' lang='lat' dir='ltr'>omnes</span> <span class='ocrx_word' id='word_1_210' title='bbox 888 2416 939 2443; x_wconf 93' lang='lat' dir='ltr'>eo</span> <span class='ocrx_word' id='word_1_211' title='bbox 953 2399 1052 2443; x_wconf 86' lang='lat' dir='ltr'>loco</span> <span class='ocrx_word' id='word_1_212' title='bbox 1072 2409 1147 2442; x_wconf 89' lang='lat' dir='ltr'>aut</span> <span class='ocrx_word' id='word_1_213' title='bbox 1171 2415 1196 2442; x_wconf 87' lang='lat' dir='ltr'>a</span> <span class='ocrx_word' id='word_1_214' title='bbox 1214 2397 1435 2442; x_wconf 86' lang='lat' dir='ltr'>radicibus</span> <span class='ocrx_word' id='word_1_215' title='bbox 1459 2397 1705 2451; x_wconf 88' lang='lat' dir='ltr'>subruunt,</span> <span class='ocrx_word' id='word_1_216' title='bbox 1729 2404 1804 2438; x_wconf 87' lang='lat' dir='ltr'>aut</span> 
     </span>
     <span class='ocr_line' id='line_1_28' title="bbox 413 2477 1805 2540; baseline -0.005 -15"><span class='ocrx_word' id='word_1_217' title='bbox 413 2481 622 2525; x_wconf 87' lang='lat' dir='ltr'>accidunt</span> <span class='ocrx_word' id='word_1_218' title='bbox 646 2481 823 2524; x_wconf 88' lang='lat' dir='ltr'>arbores</span> <span class='ocrx_word' id='word_1_219' title='bbox 849 2490 1048 2536; x_wconf 87' lang='lat' dir='ltr'>tantum,</span> <span class='ocrx_word' id='word_1_220' title='bbox 1069 2489 1119 2523; x_wconf 86' lang='lat' dir='ltr'>ut</span> <span class='ocrx_word' id='word_1_221' title='bbox 1145 2494 1317 2523; x_wconf 89' lang='lat' dir='ltr'>summa</span> <span class='ocrx_word' id='word_1_222' title='bbox 1339 2477 1503 2540; x_wconf 86' lang='lat' dir='ltr'>species</span> <span class='ocrx_word' id='word_1_223' title='bbox 1522 2492 1673 2520; x_wconf 82' lang='lat' dir='ltr'>earum</span> <span class='ocrx_word' id='word_1_224' title='bbox 1692 2484 1805 2519; x_wconf 87' lang='lat' dir='ltr'>stan-</span> 
     </span>
     <span class='ocr_line' id='line_1_29' title="bbox 416 2554 1809 2622; baseline -0.004 -18"><span class='ocrx_word' id='word_1_225' title='bbox 416 2563 525 2605; x_wconf 87' lang='lat' dir='ltr'>tium</span> <span class='ocrx_word' id='word_1_226' title='bbox 551 2561 841 2622; x_wconf 88' lang='lat' dir='ltr'>relinquatur.</span> <span class='ocrx_word' id='word_1_227' title='bbox 867 2563 965 2605; x_wconf 89' lang='lat' dir='ltr'>Huc</span> <span class='ocrx_word' id='word_1_228' title='bbox 989 2577 1128 2621; x_wconf 91' lang='lat' dir='ltr'>quum</span> <span class='ocrx_word' id='word_1_229' title='bbox 1153 2576 1196 2603; x_wconf 92' lang='lat' dir='ltr'>se</span> <span class='ocrx_word' id='word_1_230' title='bbox 1225 2556 1543 2603; x_wconf 81' lang='lat' dir='ltr'>consuetudine</span> <span class='ocrx_word' id='word_1_231' title='bbox 1570 2554 1809 2599; x_wconf 88' lang='lat' dir='ltr'>reclinave-</span> 
     </span>
    </p>
   </div>
   <div class='ocr_carea' id='block_1_3' title="bbox 415 2636 1807 2764">
    <p class='ocr_par' dir='ltr' id='par_1_5' title="bbox 415 2636 1807 2764">
     <span class='ocr_line' id='line_1_30' title="bbox 415 2636 1807 2702; baseline -0.004 -19"><span class='ocrx_word' id='word_1_232' title='bbox 415 2642 530 2697; x_wconf 87' lang='lat' dir='ltr'>rint,</span> <span class='ocrx_word' id='word_1_233' title='bbox 554 2641 749 2686; x_wconf 80' lang='lat' dir='ltr'>infirmas</span> <span class='ocrx_word' id='word_1_234' title='bbox 777 2642 957 2686; x_wconf 83' lang='lat' dir='ltr'>arbores</span> <span class='ocrx_word' id='word_1_235' title='bbox 980 2640 1173 2702; x_wconf 88' lang='lat' dir='ltr'>pondere</span> <span class='ocrx_word' id='word_1_236' title='bbox 1200 2639 1422 2700; x_wconf 83' lang='lat' dir='ltr'>affligunt,</span> <span class='ocrx_word' id='word_1_237' title='bbox 1447 2645 1577 2697; x_wconf 87' lang='lat' dir='ltr'>atque</span> <span class='ocrx_word' id='word_1_238' title='bbox 1601 2652 1688 2680; x_wconf 88' lang='lat' dir='ltr'>una</span> <span class='ocrx_word' id='word_1_239' title='bbox 1704 2636 1807 2696; x_wconf 84' lang='lat' dir='ltr'>ipsae</span> 
     </span>
     <span class='ocr_line' id='line_1_31' title="bbox 416 2720 665 2764; baseline 0.004 -2"><span class='ocrx_word' id='word_1_240' title='bbox 416 2720 665 2764; x_wconf 58' lang='lat' dir='ltr'>considunt.</span> 
     </span>
    </p>
   </div>
  </div>
 </body>
</html>
