1972 3356
499 231 566 267 DE
594 230 760 267 BELLO
791 229 1016 266 GALLICO
1048 230 1140 265 LIB.
1166 229 1270 264 VIII.
1515 225 1589 263 223

177 333 324 360 secum
341 316 554 371 habebat,
572 317 618 361 in
633 316 831 361 hibernis
849 316 1026 360 Genabi
1043 313 1293 359 collocavit,
1309 316 1432 375 Ipse,
1453 329 1591 374 quum

179 398 346 442 crebris
373 397 671 460 legationibus
700 401 947 442 Remorum
969 397 1134 441 certior
1157 395 1282 440 fieret
1310 393 1592 447 Bellovacos,

179 480 256 541 qui
279 478 384 523 belli
409 478 549 541 gloria
570 478 725 524 Gallos
748 494 901 522 omnes
919 476 1165 539 Belgasque
1186 477 1482 537 praestabant,
1503 476 1595 520 fini-

180 561 400 622 timasque
434 559 502 603 his
526 560 749 614 civitates,
784 557 898 602 duce
927 559 1095 603 Correo
1128 556 1362 602 Bellovaco
1395 567 1435 602 et
1467 559 1596 602 Com-

182 642 272 685 mio
300 641 529 696 Atrebate,
566 640 784 684 exercitus
811 655 1091 700 comparare,
1122 647 1255 698 atque
1288 638 1333 681 in
1363 655 1503 682 unum
1533 638 1595 682 lo-

183 738 285 766 cum
314 738 498 782 cogere,
529 730 580 764 ut
609 720 729 764 omni
760 719 1050 763 multitudine
1070 720 1115 762 in
1142 719 1250 762 fines
1279 720 1595 771 Suessionum,

183 804 259 864 qui
290 803 441 847 Remis
469 811 594 846 erant
622 801 847 857 attributi,
883 800 1078 845 facerent
1106 801 1472 862 impressionem,
1502 816 1599 861 per-

183 885 323 928 tinere
353 893 502 928 autem
539 901 630 928 non
663 892 837 927 tantum
866 882 922 926 ad
951 882 1239 945 dignitatem,
1272 882 1346 927 sed
1384 883 1518 927 etiam
1543 882 1599 926 ad

182 961 370 1009 salutem
403 981 527 1009 suam
553 964 796 1026 judicaret,
826 961 991 1009 nullam
1021 962 1320 1009 calamitatem
1351 964 1493 1009 socios
1520 981 1599 1026 op-

182 1045 289 1089 time
313 1044 366 1089 de
392 1045 624 1107 republica
653 1047 835 1091 meritos
861 1046 1086 1107 accipere3
1119 1044 1340 1108 legionem
1370 1062 1423 1090 ex
1447 1045 1601 1090 hiber-

183 1127 251 1171 nis
271 1137 426 1172 evocat
447 1144 604 1172 rursus
627 1145 696 1186 xl,
727 1127 896 1172 litteras
926 1138 1076 1172 autem
1100 1127 1156 1171 ad
1180 1128 1231 1172 C.
1254 1127 1442 1172 Fabium
1462 1128 1601 1172 mittit

184 1218 236 1252 ut
270 1208 315 1252 in
346 1207 454 1253 fines
483 1210 770 1254 Suessionum
799 1208 995 1271 legiones
1019 1209 1128 1254 duas
1157 1225 1267 1270 quas
1297 1209 1489 1253 habebat
1526 1209 1602 1253 ad-

186 1287 388 1346 duceret,
417 1289 690 1352 alteramque
725 1307 777 1335 ex
807 1290 981 1335 duabus
1010 1290 1063 1334 ab
1095 1291 1145 1334 T.
1177 1290 1376 1334 Labieno
1407 1289 1599 1335 arcessit.

184 1371 277 1427 Ita,
317 1381 533 1432 quantum
572 1371 865 1416 hibernorum
903 1372 1217 1433 opportunitas
1253 1370 1448 1433 bellique
1489 1372 1603 1416 ratio

186 1451 459 1512 postulabat,
485 1462 702 1514 perpetuo
731 1469 810 1497 suo
836 1451 1008 1508 labore,
1033 1453 1222 1496 invicem
1253 1451 1502 1514 legionibus
1528 1469 1605 1496 ex-

186 1533 468 1595 peditionum
494 1551 606 1578 onus
631 1533 908 1596 injungebat.

251 1618 351 1661 VII.
388 1616 466 1661 His
505 1616 645 1677 copiis
680 1617 866 1673 coactis,
901 1615 957 1660 ad
989 1614 1246 1661 Bellovacos
1281 1615 1604 1678 proficiscitur,

185 1699 427 1759 castrisque
455 1698 500 1741 in
526 1714 681 1742 eorum
708 1697 873 1743 finibus
900 1698 1075 1759 positis,
1105 1698 1309 1760 equitum
1335 1707 1505 1742 turmas
1535 1698 1604 1742 di-

187 1781 326 1825 mittit
348 1780 393 1824 in
417 1796 572 1824 omnes
603 1789 751 1841 partes
777 1779 832 1824 ad
856 1778 1028 1841 aliquos
1049 1779 1335 1841 excipiendos
1364 1796 1416 1824 ex
1441 1780 1605 1842 quibus

188 1863 383 1907 hostium
409 1860 593 1905 consilia
616 1870 917 1923 cognosceret.
948 1862 1152 1921 Equites,
1178 1860 1326 1905 officio
1349 1861 1510 1919 functi,
1538 1878 1606 1906 re-

190 1944 402 1987 nuntiant
440 1959 604 2003 paucos
644 1943 686 1986 in
724 1941 921 1986 aedificiis
957 1958 1048 1986 esse
1084 1942 1311 1998 inventos,
1349 1952 1484 2003 atque
1523 1943 1605 1988 hos

194 2041 283 2068 non
307 2024 384 2085 qui
408 2040 619 2085 agrorum
644 2022 936 2068 colendorum
960 2040 1092 2068 causa
1114 2025 1432 2068 remansissent
1456 2024 1606 2087 (nam-

192 2122 278 2166 que
307 2122 399 2149 esse
429 2104 627 2166 undique
655 2104 892 2167 diligenter
923 2104 1267 2167 demigratum),
1295 2105 1367 2149 sed
1399 2106 1476 2167 qui
1506 2123 1606 2168 spe-

192 2185 371 2231 culandi
401 2187 541 2249 gratia
572 2196 717 2231 essent
745 2187 929 2231 remissi.
959 2188 997 2231 A
1023 2187 1185 2248 quibus
1216 2204 1356 2248 quum
1388 2198 1607 2248 quaereret

193 2270 339 2313 Caesar
374 2285 463 2330 quo
492 2267 591 2312 loco
618 2267 860 2313 multitudo
890 2278 1004 2313 esset
1033 2267 1396 2327 Bellovacorum,
1429 2269 1607 2331 quodve

193 2360 306 2393 esset
354 2348 588 2394 consilium
632 2367 812 2407 eorum,
855 2350 1110 2395 inveniebat
1154 2348 1413 2395 Bellovacos
1453 2368 1607 2396 omnes

195 2431 270 2492 qui
310 2447 433 2475 arma
479 2431 594 2476 ferre
636 2442 818 2493 possent
863 2433 908 2476 in
954 2449 1094 2476 unum
1135 2431 1283 2477 locum
1322 2434 1606 2489 convenisse,

196 2514 391 2574 itemque
410 2513 655 2558 Ambianos
670 2549 681 2571 ,
701 2512 935 2570 Aulercos,
958 2513 1154 2571 Caletos,
1176 2512 1460 2572 Velocasses,
1484 2516 1609 2559 Atre-

195 2595 346 2652 bates3
383 2594 532 2642 locum
557 2596 712 2640 castris
737 2594 982 2653 excelsum,
1009 2597 1054 2640 in
1088 2594 1197 2640 silva
1225 2595 1498 2640 circumdata
1530 2612 1606 2657 pa-

199 2674 322 2733 lude,
352 2676 581 2739 delegisse3
615 2677 765 2722 omnia
788 2676 1106 2739 impedimenta
1132 2678 1178 2721 in
1208 2676 1444 2722 ulteriores
1475 2675 1606 2724 silvas
