1972 3356
409 305 482 340 258
823 304 970 339 NOTAE
998 306 1048 340 IN
1078 305 1272 340 LIBRUM
1303 306 1358 339 ΙΙΙ

407 394 504 416 mum
518 382 577 415 vel
597 380 755 415 oximus
769 381 856 416 urbs
871 389 965 425 erat,
978 393 1167 429 pagusque
1186 382 1415 425 Ooeimensiv‚
1436 382 1550 417 hodie
1570 385 1710 419 Exmes
1729 386 1785 419 vel

408 443 555 476 Hiemes
568 448 603 476 et
621 442 808 477 l’Hie'mois
816 469 828 485 ,
845 442 947 488 cujus
966 455 1105 478 nomen
1119 444 1167 477 ab
1185 444 1361 487 ocimum,
1381 455 1497 491 graece
1511 441 1671 491 ὤκυμον,
1690 446 1787 480 basi-

405 503 530 547 liscus,
545 503 679 547 oritur3
698 503 786 538 iude
804 504 1012 540 Diablintes
1031 518 1051 540 a
1069 502 1268 549 hacanos,
1281 504 1381 553 apud
1392 517 1485 552 quos
1504 506 1683 541 cathedra
1692 508 1787 542 Dia—

405 564 496 607 boli,
522 566 562 599 la
586 564 712 600 chaire
734 577 783 600 au
800 566 955 609 Diable,
976 565 1021 601 iis
1045 567 1268 602 contermini
1287 574 1409 612 erant,
1428 574 1463 602 et
1481 568 1519 602 in
1534 568 1657 603 vicino
1679 581 1786 604 mons

405 625 530 661 Sancti
550 625 759 671 Michaelis,
781 627 840 674 qui
858 628 1054 663 Diabolum
1073 629 1173 664 vicit.

887 737 945 770 IN
971 737 1189 771 LIBRUM
1219 738 1294 771 III.

456 839 539 874 CAP.
559 840 642 874 VII.
668 841 829 875 Unellos.
854 842 953 876 Male
973 841 1108 888 legitur
1134 854 1202 887 pro
1219 842 1406 876 Eusebios.
1429 842 1520 876 Vide
1544 849 1622 877 not.
1645 855 1698 886 11,
1724 842 1783 883 325.

455 916 538 950 CAP.
565 917 628 951 IX.
652 917 888 952 Ambiliatos.
919 919 974 952 Ita
1000 917 1147 952 codices
1172 918 1340 964 plerique
1369 930 1461 964 quos
1494 918 1785 965 Oudendorpius

403 983 545 1012 secutus
571 984 635 1012 est.
662 979 734 1012 Alii
758 980 817 1013 vel
847 979 1092 1022 Ambialites,
1121 979 1181 1013 vel
1208 980 1470 1023 Ambc'alz‘ates‚
1496 988 1531 1014 et
1557 987 1639 1014 sunt
1662 980 1785 1026 plures

403 1037 608 1074 varietates.
630 1039 812 1083 Quaedam
833 1041 1059 1086 exemplaria
1084 1041 1225 1075 habent
1244 1041 1468 1084 Ambiliati;
1491 1041 1673 1088 interpres
1695 1054 1785 1088 grae-

403 1111 463 1134 cus
492 1095 578 1134 τοὺς
609 1097 879 1142 Ἀμζιλιάτοις.
910 1101 1010 1135 Nihil
1045 1101 1084 1134 in
1107 1113 1147 1134 ea
1171 1113 1211 1134 re
1236 1108 1375 1136 certum
1407 1102 1547 1136 censuit
1577 1102 1783 1136 D’Anville.

403 1161 482 1208 Ego
496 1173 586 1197 vero
605 1162 772 1209 suspicor
790 1163 991 1198 1⁰eosdem
1006 1175 1084 1197 esse
1103 1163 1167 1210 qui
1181 1163 1380 1197 Amhibari
1396 1175 1466 1210 pro
1486 1163 1785 1206 Ambiliati,v11‚

405 1221 451 1265 75
467 1222 524 1257 :hi
540 1223 639 1258 enim
654 1224 847 1259 Ambibari
857 1224 956 1260 inter
964 1225 1166 1260 armoricas
1176 1224 1343 1260 civitates
1354 1231 1614 1269 numerantur3
1633 1226 1676 1260 2⁰
1689 1227 1784 1260 Am-

400 1283 547 1319 bialites
560 1285 619 1319 vel
627 1285 875 1320 Ambialiates
882 1286 1081 1320 lectionem
1098 1298 1182 1321 vere
1191 1298 1406 1333 germanam
1418 1298 1494 1321 esse
1503 1299 1513 1330 3
1523 1285 1566 1320 3⁰
1576 1299 1707 1321 eorum
1714 1298 1783 1320 no—

398 1357 485 1380 men
505 1345 553 1380 ab
578 1344 777 1393 ἀμφίαλος
791 1374 800 1391 ,
826 1347 920 1381 mari
940 1346 1196 1390 circumfusus,
1210 1346 1318 1390 oriri3
1338 1346 1573 1394 proindeque
1593 1347 1688 1382 circa
1708 1347 1782 1382 duo

397 1407 532 1451 maria,
547 1409 587 1442 la
599 1408 766 1443 Manche
785 1415 822 1444 et
835 1410 876 1443 la
889 1420 969 1442 mer
989 1409 1038 1442 du
1061 1409 1158 1443 nord
1179 1408 1292 1443 hodie
1312 1408 1429 1452 dicta,
1444 1409 1673 1453 consedisse,
1688 1408 1783 1443 infra

399 1474 434 1502 et
452 1480 560 1515 supra
582 1470 732 1504 Fretum
755 1469 947 1517 gallicum,
969 1469 1008 1503 in
1029 1481 1127 1516 pago
1147 1469 1210 1516 qui
1228 1476 1358 1516 postea
1382 1470 1619 1504 Gessoriacus
1632 1476 1784 1505 vocatus

398 1535 470 1572 est;
498 1530 540 1571 4⁰
563 1530 821 1565 Gessoriacum
843 1531 901 1565 vel
930 1530 1192 1574 Gesoriacum,
1213 1537 1299 1577 post
1324 1531 1551 1574 Bononiam,
1570 1532 1779 1579 Boalogne,

398 1590 507 1624 Itium
529 1597 696 1637 portum,
723 1592 755 1624 V
756 1592 892 1633 issant,
909 1591 1139 1627 Ulteriorem
1157 1599 1327 1638 portum,
1352 1592 1497 1635 Calais,
1519 1592 1683 1638 ipsorum
1707 1604 1780 1638 op—

396 1650 485 1697 pida
516 1651 643 1696 fuisse,
673 1651 835 1699 itemque
870 1659 1021 1699 portum
1051 1652 1308 1695 Ambleteuse‚
1344 1652 1444 1698 cujus
1465 1665 1604 1687 nomen
1626 1658 1720 1696 erat,
1742 1652 1781 1686 in

396 1712 519 1748 media
544 1720 668 1757 aetate,
691 1714 877 1758 Amfleat,
905 1721 941 1749 et
966 1713 1135 1761 Amfleot.
1161 1714 1256 1749 Vide
1280 1721 1378 1758 not.‚
1402 1727 1455 1757 1v,
1480 1727 1523 1761 9,
1549 1721 1584 1748 et
1602 1726 1682 1757 vn,
1698 1712 1757 1757 75.

451 1791 534 1825 CAP.
549 1791 669 1825 XVII.
691 1790 891 1825 Viridovix.
913 1790 1085 1825 Editores
1107 1790 1346 1825 eruditissimi
1365 1790 1604 1826 Bibliothecae
1624 1791 1781 1826 classicae

396 1850 519 1885 latinae
538 1851 610 1885 hoc
634 1852 718 1886 loco
742 1850 1043 1886 animadvertunt
1067 1851 1246 1898 pleraque
1274 1851 1427 1886 nomina
1453 1851 1664 1898 principum
1685 1851 1782 1886 inter

395 1913 523 1947 Gallos
539 1912 708 1947 desinere
720 1912 760 1946 in
775 1913 860 1946 —rioe
872 1912 932 1947 vel
946 1913 1058 1955 -vix,
1073 1913 1133 1946 vel
1148 1912 1259 1947 etiam
1273 1913 1312 1946 in
1323 1924 1414 1946 -rex
1423 1925 1436 1954 ;
1450 1919 1485 1947 et
1499 1919 1666 1959 quaerunt
1683 1913 1781 1948 unde

397 1973 555 2008 exierint
573 1973 808 2021 istaesyllabae
821 1971 961 2009 finales.
977 1975 1060 2008 Jam
1079 1973 1158 2008 dixi
1176 1986 1285 2022 supra
1299 1974 1475 2022 syllabam
1491 1975 1577 2008 —rix
1589 1975 1649 2009 vel
1669 1986 1777 2017 -rex,

396 2047 475 2081 quae
499 2034 683 2082 reperitur
707 2041 851 2071 tantum
869 2035 908 2069 in
933 2035 1150 2070 nominibus
1175 2035 1356 2083 propriis,
1382 2048 1459 2071 esse
1480 2035 1648 2071 eamdem
1671 2043 1780 2083 atque

394 2108 526 2131 vocem
551 2096 703 2132 latinam
725 2108 803 2131 rex.
831 2096 966 2140 Quoad
991 2097 1171 2145 syllabam
1196 2098 1303 2141 -vix,
1325 2097 1363 2131 in
1383 2109 1492 2144 quam
1511 2096 1686 2133 desinunt
1708 2110 1780 2132 no-

393 2157 495 2192 mina
509 2158 663 2205 propria
682 2158 893 2205 principum
911 2158 1008 2193 inter
1021 2159 1167 2203 Gallos,
1188 2159 1280 2193 mihi
1303 2159 1450 2194 videtur
1470 2158 1620 2194 differre
1639 2159 1780 2194 solum—

394 2219 510 2254 modo
530 2232 686 2255 numero
710 2219 888 2267 singulari
910 2232 930 2254 a
949 2221 1090 2263 -vices,
1106 2221 1246 2269 syllaba
1260 2219 1363 2255 finali
1382 2227 1418 2256 et
1435 2219 1570 2268 plurali
1585 2221 1777 2256 nominum

395 2281 621 2327 populorum
646 2281 794 2325 Galliae,
818 2287 854 2316 et
878 2280 1075 2317 formatam
1099 2294 1177 2317 esse
1195 2294 1216 2317 a
1239 2294 1332 2317 voce
1352 2294 1467 2329 graeca
1492 2273 1603 2327 οἶκος,
1626 2282 1778 2325 domus,

394 2341 550 2386 familia,
568 2343 627 2377 vel
647 2354 667 2377 a
691 2342 806 2378 latina
829 2342 946 2384 vicus,
969 2355 1048 2389 quae
1067 2343 1144 2378 exit
1162 2355 1209 2378 ex
1233 2343 1363 2379 eadem
1377 2371 1387 2388 ‚
1411 2344 1488 2379 fere
1507 2344 1641 2379 eodem
1658 2355 1777 2378 sensu.

394 2404 539 2450 Itaque,
574 2410 613 2439 ut
643 2403 797 2439 afferam
833 2405 1045 2451 exemplum
1088 2405 1295 2453 utriusque,
1330 2406 1423 2441 mihi
1463 2406 1611 2441 videtur
1649 2406 1777 2440 nomi—

395 2477 442 2499 na
474 2465 664 2500 Viridovix
687 2472 723 2501 et
746 2465 955 2500 Lemovices
983 2467 1190 2514 composita
1218 2479 1315 2511 esse,
1345 2467 1465 2514 prius,
1497 2474 1536 2501 ut
1567 2467 1777 2501 Viridoma-

395 2538 476 2569 rus,
503 2539 524 2562 a
548 2539 640 2562 voce
663 2539 780 2575 graeca
799 2518 887 2574 ἶρις,
913 2525 1035 2572 aaa,
1057 2541 1161 2564 arcus
1179 2529 1354 2573 coelesfis,
1373 2529 1441 2564 Iris
1465 2528 1551 2571 dea,
1576 2527 1776 2574 gladiolus,

396 2588 542 2635 gallice,
553 2588 733 2636 stamme,
758 2591 803 2625 lis
828 2591 894 2625 des
919 2591 1073 2635 marais,
1085 2591 1145 2626 vel
1167 2604 1187 2625 a
1212 2590 1326 2626 latina
1351 2590 1486 2625 viridis·
1492 2601 1508 2631 ;
1531 2588 1731 2635 posterius,
1756 2602 1776 2624 a

396 2651 512 2685 verbo
532 2651 654 2696 λιμὸς,
676 2651 809 2697 fames,
826 2652 942 2687 homo
963 2651 1152 2696 sordidus,
1171 2652 1319 2700 gallice,
1327 2650 1498 2698 famine,
1519 2650 1666 2685 homme
1678 2649 1774 2685 tres-

396 2722 525 2754 avare,
541 2719 576 2747 et
595 2720 789 2760 utrumque
811 2714 857 2749 ab
877 2704 970 2749 oinos
983 2726 1045 2749 seu
1058 2715 1172 2748 vicus.
1189 2716 1243 2749 lta
1257 2714 1303 2750 de
1324 2712 1541 2748 Eburovices
1555 2719 1591 2747 et
1603 2713 1778 2747 Branno—
