1972 3356
339 340 359 379 l,
553 336 592 371 C.
618 335 749 371 JULII
779 334 999 369 CAESARJS
1028 334 1515 370 COMMENTARIORUM

404 422 456 463 V.
485 418 562 462 His
581 418 635 462 de
653 418 794 462 causis
816 427 1011 479 aguntur
1033 419 1184 461 omnia
1201 419 1362 479 raptim
1384 427 1516 479 atque
1539 417 1733 474 turbate3

336 516 416 543 nec
434 498 621 543 docendi
645 499 828 544 Caesaris
847 499 1110 560 propinquis
1137 499 1231 560 ejus
1255 499 1448 560 spatium
1481 497 1630 553 datur3
1653 515 1733 542 nec

336 580 526 623 tribunis
552 578 693 640 plebis
718 580 785 624 sui
809 578 996 640 periculi
1021 578 1308 641 deprecandi,
1335 595 1479 641 neque
1503 578 1636 622 etiam
1660 595 1734 622 ex-

335 660 464 704 tremi
489 661 602 721 juris
634 661 950 705 intercessione
982 660 1229 717 retinendi,
1255 661 1376 721 quod
1406 662 1456 704 L.
1487 658 1606 721 Sylla
1630 658 1735 703 reli-

335 750 513 801 querat,
538 739 723 785 facultas
749 741 962 785 tribuitur
983 759 992 785 :
1014 741 1089 786 sed
1113 741 1166 785 de
1191 757 1270 785 sua
1295 739 1435 785 salute
1460 741 1648 801 septimo
1665 739 1736 784 die

335 821 529 882 cogitare
560 831 810 883 coguntur3
846 821 967 883 quod
997 820 1061 865 illi
1094 820 1466 866 turbulentissimi
1503 821 1739 881 superiori·

336 902 418 945 bus
441 903 714 963 temporibus
730 904 898 947 tribuni
922 901 1061 964 plebis
1079 912 1235 947 octavo
1259 902 1450 963 denique
1471 919 1622 946 mense
1641 918 1739 946 sua-

336 999 436 1026 rum
465 984 692 1027 actionum
729 985 949 1045 respicere
977 1000 1028 1027 ac
1063 985 1218 1028 timere
1250 993 1533 1028 consuerant.
1567 985 1738 1028 Decur-

336 1063 450 1107 ritur
474 1063 530 1107 ad
555 1063 680 1108 illum
706 1074 952 1108 extremum
979 1075 1110 1125 atque
1136 1064 1344 1108 ultimum
1371 1066 1414 1108 S.
1441 1066 1494 1109 C.
1520 1081 1630 1125 quo,
1654 1065 1738 1108 nisi

336 1160 458 1203 paene
484 1145 530 1188 in
554 1145 649 1205 ipso
663 1145 799 1189 Urbis
824 1144 1034 1188 incendio
1052 1155 1185 1206 atque
1207 1144 1512 1206 desperatione
1536 1145 1738 1188 omnium

336 1223 506 1280 salutis,
534 1224 728 1269 latorum
753 1225 958 1281 audacia,
985 1242 1216 1286 nunquam
1243 1236 1346 1269 ante
1377 1225 1618 1269 discessum
1647 1235 1736 1268 est:

335 1324 354 1344 «
378 1307 499 1349 Dent
529 1322 713 1367 operam
742 1305 968 1363 consules,
995 1316 1222 1368 praetores,
1256 1306 1426 1350 tribuni
1456 1305 1617 1367 plebis,
1639 1305 1741 1367 qui-

334 1402 419 1445 que
447 1386 701 1431 consulares
732 1397 836 1431 sunt
860 1387 915 1431 ad
940 1388 1137 1445 Urbem,
1169 1404 1224 1431 ne
1250 1387 1359 1448 quid
1390 1385 1638 1448 respublica
1665 1386 1739 1430 de-

335 1467 535 1512 trimenti
562 1469 721 1528 capiat.
744 1487 765 1509 »
787 1471 890 1512 Haec
917 1470 959 1512 S.
977 1470 1026 1513 C.
1050 1469 1398 1529 praescribuntur
1423 1485 1460 1512 a.
1489 1468 1530 1512 d.
1552 1484 1615 1512 vn
1641 1467 1739 1512 idus

331 1547 570 1607 januarias.
594 1549 748 1609 Itaque
777 1550 974 1610 quinque
1005 1550 1158 1610 primis
1186 1549 1364 1605 diebus,
1395 1550 1556 1610 quibus
1584 1549 1739 1593 haberi

335 1637 512 1671 senatus
543 1629 708 1689 potuit,
745 1645 831 1689 qua
866 1645 919 1672 ex
956 1629 1026 1673 die
1058 1629 1336 1673 consulatum
1368 1630 1467 1673 iniit
1499 1628 1738 1685 Lentulus,

335 1706 473 1751 biduo
511 1718 693 1770 excepto
725 1708 961 1764 comitiali,
991 1719 1034 1753 et
1063 1710 1116 1754 de
1145 1711 1332 1771 imperio
1367 1710 1572 1766 Caesaris,
1607 1720 1651 1754 et
1686 1710 1740 1754 de

335 1787 616 1849 amplissimis
644 1790 774 1843 viris,
806 1790 994 1833 tribunis
1027 1789 1189 1850 plebis,
1225 1791 1479 1851 gravissime
1510 1791 1740 1835 acerbissi-

336 1885 494 1929 meque
529 1869 798 1912 decernitur.
829 1869 1098 1931 Profugiunt
1143 1872 1291 1914 statim
1331 1888 1383 1914 ex
1415 1871 1536 1916 Urbe
1571 1872 1740 1915 tribuni

337 1947 499 2009 plebis,
535 1966 714 2010 seseque
747 1948 802 1993 ad
832 1952 1050 1994 Caesarem
1091 1950 1341 1995 conferunt.
1376 1953 1418 1995 Is
1455 1968 1506 1995 eo
1540 1961 1740 2013 tempore

336 2040 429 2074 erat
457 2033 703 2088 Ravennae,
734 2032 1100 2092 exspectabatque
1128 2033 1217 2076 suis
1247 2032 1480 2077 lenissimis
1506 2033 1740 2094 postulatis

338 2128 571 2172 responsa,
595 2111 630 2155 si
653 2128 742 2172 qua
765 2107 1226 2173 hominum‘aequitate
1252 2130 1318 2157 res
1342 2113 1398 2157 ad
1415 2114 1555 2158 otium
1583 2113 1739 2159 deduci

335 2203 496 2252 posset.

400 2275 476 2317 VI.
514 2275 733 2319 Proximis
771 2274 924 2319 diebus
962 2276 1151 2321 habetur
1190 2287 1367 2322 senatus
1404 2287 1527 2322 extra
1567 2277 1736 2322 urbem.

336 2354 572 2414 Pompeius
605 2354 759 2399 eadem
792 2354 884 2412 illa,
920 2373 1017 2416 quae
1054 2374 1132 2418 per
1168 2359 1421 2419 Scipionem
1460 2358 1738 2414 ostenderat,

336 2436 426 2496 agit
457 2452 465 2479 :
505 2446 682 2480 senatus
719 2437 931 2481 virtutem
967 2441 1350 2501 constantiamque
1386 2439 1628 2497 collaudat;
1664 2457 1737 2484 co·

337 2517 430 2577 pias
458 2533 556 2560 suas
587 2517 789 2578 exponit;
818 2515 1012 2578 legiones
1044 2520 1205 2564 habere
1233 2537 1324 2565 sese
1351 2531 1526 2582 paratas
1548 2537 1600 2575 x;
1627 2536 1737 2581 prae-

338 2608 454 2641 terea
484 2599 714 2659 cognitum
753 2609 1119 2661 compertumque
1155 2601 1258 2658 sibi,
1290 2601 1433 2645 alieno
1464 2617 1556 2645 esse
1588 2601 1736 2644 animo

338 2677 380 2719 in
408 2679 626 2722 Caesarem
649 2678 830 2735 milites,
855 2695 996 2740 neque
1018 2681 1070 2724 iis
1097 2698 1221 2742 posse
1244 2680 1520 2743 persuaderi,
1546 2680 1609 2724 uti
1635 2697 1736 2724 eum

338 2756 576 2802 defendant
610 2769 686 2803 aut
719 2770 974 2820 sequantur.
1006 2760 1172 2806 Saltem
1211 2761 1264 2805 de
1298 2760 1479 2821 reliquis
1513 2761 1645 2805 rebus
1680 2761 1734 2805 ad
