1972 3356
408 297 482 332 260
756 295 902 329 NOTAE
933 295 986 329 IN
1013 297 1103 331 LIB.
1136 297 1211 341 ΙΙΙ,
1242 297 1291 331 IV
1326 299 1389 333 ET
1421 300 1453 332 V

408 370 454 403 de
482 368 677 403 Celtiberis
700 369 812 404 habet
833 371 1002 406 'Valerius
1030 372 1232 417 Maximus,
1253 373 1316 408 lib.
1343 387 1424 418 ΧΠ,
1451 387 1530 421 cap.
1557 374 1579 408 6
1599 388 1605 408 :
1630 375 1791 409 Celtiberi

409 429 517 475 nefas
547 441 628 463 esse
658 430 841 464 ducebant
863 433 1002 478 proelio
1027 446 1237 480 superesse,
1265 447 1374 481 quum
1412 436 1443 469 is
1476 435 1698 470 occubuisset
1719 449 1793 482 pro

409 489 511 535 cujus
528 491 651 524 salute
671 491 836 538 spiritum
854 492 1075 528 devoverant.
1095 494 1245 541 Aliquid
1265 502 1343 530 erat
1362 495 1480 530 simile
1502 495 1540 529 in
1560 496 1713 531 cohorte
1734 509 1792 530 sa-

412 563 473 585 cra
486 550 755 586 Thebanorum
774 563 853 586 ccc.

907 688 966 721 IN
989 688 1204 723 LIBRUM
1229 689 1298 723 IV.

467 816 551 850 CAP.
573 817 600 850 Ι.
636 816 870 852 Tenclztheri.
897 818 978 853 Hoc
1003 830 1142 852 nomen
1167 819 1277 854 variis
1302 818 1423 853 modis
1452 818 1586 866 legitur
1610 818 1709 865 apud
1733 831 1800 852 va-

415 876 490 911 rios
515 876 730 924 scriptores,
749 878 814 913 sed
832 886 1004 925 corrupte
1030 879 1244 914 admodum.
1268 880 1498 924 Plutarchus,
1523 880 1562 914 in
1587 879 1686 914 Julio
1717 879 1800 914 Cae-

418 950 516 981 sare,
535 937 758 984 Tevnpihct
779 940 909 983 habet,
933 941 1017 975 loco
1037 940 1138 986 cujus
1151 939 1403 988 Tevyssept'csoet
1423 941 1597 975 nonnulli
1616 953 1799 988 reponere

418 999 569 1043 volunt,
583 1013 653 1047 ego
667 1013 756 1036 vero
770 999 1068 1049 Τεγχτερι’ἓαι;
1082 1002 1133 1036 sic
1152 1010 1187 1037 et
1200 1015 1270 1049 pro
1289 1003 1522 1046 Tenchtlzesi‚
1540 1001 1731 1037 Tenchceri
1747 1002 1802 1035 le-

420 1060 583 1106 gendum
606 1073 756 1104 censeo,
779 1074 824 1096 ex
853 1062 1119 1109 orthographia
1149 1063 1333 1097 Plutarchi
1355 1064 1469 1110 ipsius
1500 1070 1535 1097 et
1563 1062 1800 1110 etymologia.

425 1121 571 1155 Nomen
598 1122 698 1156 enim
721 1134 850 1156 eorum
871 1123 1099 1169 populorum
1118 1124 1210 1158 mihi
1230 1124 1377 1159 videtur
1396 1137 1439 1159 ex
1459 1136 1580 1171 graeco
1600 1123 1804 1172 τεγχτὸς,

420 1182 570 1225 tinctus,
593 1183 812 1217 derivatum.
833 1184 1050 1228 Tenchteri,
1073 1184 1151 1219 sine
1171 1185 1286 1219 dubio
1294 1212 1303 1229 ,
1324 1198 1362 1220 se
1382 1186 1507 1220 colore
1520 1184 1754 1229 inficiebant,
1768 1192 1806 1219 ut

420 1243 607 1287 Britanni,
626 1243 790 1288 Pictavi,
815 1245 1029 1292 Agathyrsi,
1050 1246 1209 1281 Thraces
1233 1254 1267 1281 et
1286 1246 1412 1294 Illyrii.
1447 1246 1540 1280 Vide
1560 1253 1638 1280 not.
1654 1273 1664 1289 ,
1677 1259 1720 1290 v,
1747 1250 1804 1287 14.

475 1328 558 1362 CAP.
573 1328 636 1363 IX.
657 1326 919 1364 Ambivaritos.
934 1329 1199 1364 Ambivaritiet
1217 1331 1438 1364 Ambivareti
1456 1337 1553 1365 certe
1578 1330 1690 1365 iidem
1706 1338 1807 1372 sunt,

425 1389 489 1424 sed
516 1390 605 1424 situs
635 1402 766 1425 eorum
790 1397 891 1427 trans
915 1393 1062 1426 Mosam
1089 1391 1203 1426 hodie
1228 1391 1432 1438 ignoratur.
1459 1394 1633 1426 Attamen
1672 1392 1808 1426 diversi

426 1458 510 1485 sunt
542 1452 589 1486 ab
614 1452 857 1488 Ambz'varetc's
885 1453 1094 1488 AEduorum
1119 1453 1332 1497 clientibus,
1364 1466 1445 1496 vn,
1481 1452 1547 1497 75,
1573 1465 1642 1500 pro
1674 1453 1807 1499 quibus

427 1513 687 1559 reponendum
707 1521 761 1548 est
774 1515 951 1549 Ambarri
967 1514 1030 1561 qui
1042 1514 1164 1561 reipsa
1175 1514 1215 1548 in
1229 1515 1398 1550 clientela
1413 1515 1623 1550 AEduorum
1637 1522 1758 1558 erant,
1772 1522 1808 1549 et

429 1573 567 1608 circum
587 1574 731 1609 Ararim
750 1575 983 1619 incolebant,
1004 1582 1043 1609 ut
1065 1575 1160 1610 bene
1186 1575 1412 1621 conjectatur
1430 1576 1643 1619 D'Anville‚
1665 1583 1699 1610 et
1720 1575 1811 1609 mihi

430 1634 615 1669 indicatur
628 1636 676 1670 ab
690 1636 913 1683 etymologia
923 1636 1086 1671 nominis
1094 1636 1338 1680 Ambarri,ex
1353 1637 1476 1680 amlſs,
1490 1637 1643 1680 circum,
1657 1643 1691 1671 et
1702 1637 1812 1678 Arar,

435 1696 618 1730 contracti
631 1696 669 1730 in
689 1698 781 1741 Arr,
807 1697 1019 1745 compositi.
1040 1699 1187 1734 Nomen
1206 1710 1225 1732 e
1248 1705 1377 1733 contra
1397 1699 1622 1733 Ambit-aretz·
1637 1699 1695 1733 vel
1715 1699 1811 1732 Am—

432 1757 578 1791 bivariu'
597 1770 642 1792 ex
662 1759 926 1805 praepositione
949 1770 1066 1805 graeca
1079 1752 1195 1806 ἀμᾳῖ,
1209 1766 1244 1794 et
1264 1757 1413 1806 ἀρητός,
1428 1760 1660 1803 maledictus,
1673 1759 1815 1793 forma-

434 1825 511 1852 tum
531 1825 602 1862 est3
618 1818 719 1864 quod
738 1820 869 1854 alludit
888 1832 976 1855 sane
1003 1820 1050 1854 ad
1069 1833 1207 1856 nomen
1227 1822 1350 1855 Mosoe
1369 1819 1492 1864 fluvii,
1506 1834 1525 1853 a
1545 1832 1664 1866 graeco
1683 1816 1815 1862 μνᾶ-ἔς,

437 1879 692 1923 detestandus,
730 1880 1024 1923 abominandus,
1051 1882 1297 1925 execrandus,
1318 1888 1451 1916 ortum.
1484 1880 1677 1928 Oppidum
1704 1881 1817 1927 igitur

437 1952 563 1975 eorum
589 1947 667 1976 erat
690 1942 804 1976 Mons
827 1943 1062 1985 maledictus,
1090 1944 1313 1987 Montme'di,
1343 1950 1445 1977 trans
1472 1943 1640 1986 Mosam3
1665 1949 1700 1977 et
1728 1942 1814 1989 qui-

437 2000 522 2036 dem
542 2001 638 2037 forte
654 2002 903 2046 satanacam,
923 2003 1061 2046 Stenai,
1084 2017 1104 2038 a
1121 2005 1301 2047 Satanas,
1328 2005 1465 2046 Satan,
1487 2011 1523 2038 et
1546 2004 1670 2039 Se'dan
1693 2004 1741 2038 ab
1758 2016 1819 2039 ea-

437 2061 523 2096 dem
549 2075 659 2108 voce;
682 2071 878 2111 utrumque
898 2064 998 2099 enim
1019 2072 1103 2100 sunt
1126 2066 1173 2100 ad
1197 2066 1317 2114 ripam
1336 2068 1451 2100 Mosae
1472 2066 1638 2101 dextram
1655 2093 1664 2110 ,
1683 2065 1817 2112 proin-

439 2123 557 2170 deque
581 2131 682 2160 trans
704 2126 862 2161 Mosam.
888 2126 978 2160 Vide
1000 2134 1097 2170 not.‚
1120 2140 1199 2171 v11,
1224 2127 1282 2172 75.
1309 2127 1369 2162 Sic
1388 2127 1502 2162 hodie
1525 2127 1571 2162 ad
1591 2129 1819 2174 Scarponam

439 2186 677 2233 Mosellaeque
695 2186 815 2234 ripam
834 2187 985 2234 quidam
1004 2200 1152 2235 campus
1174 2189 1290 2224 dictus
1308 2195 1361 2224 est
1381 2191 1421 2223 la
1443 2190 1549 2223 Terre
1566 2189 1739 2223 maudite.
1761 2188 1821 2223 Sic

441 2248 556 2290 Am‘i,
570 2247 633 2294 qui
645 2248 890 2283 Diablintihus
902 2249 1125 2284 contermini
1139 2257 1261 2293 erant,
1278 2257 1312 2284 et
1326 2249 1525 2284 Diabolum
1538 2261 1601 2284 seu
1614 2249 1821 2296 Pythonem

444 2320 590 2356 quoque
604 2309 789 2354 colebant,
804 2322 824 2344 a
837 2322 955 2358 graeco
969 2307 1101 2356 ἀραῖσι,
1113 2310 1312 2356 maledicti,
1327 2311 1416 2345 diris
1430 2310 1569 2354 devoti,
1581 2310 1821 2345 vocabantur.

496 2401 580 2434 CAP.
601 2401 650 2435 X.
677 2401 829 2449 Vosego.
849 2401 959 2437 Varie
984 2403 1156 2439 scribitur
1187 2404 1365 2451 Vosegus,
1389 2403 1425 2435 V
1422 2415 1557 2450 osagus
1576 2415 1639 2437 seu
1664 2402 1823 2449 Vogesus

445 2460 656 2506 metathesi,
675 2473 791 2508 graece
810 2460 974 2500 Βοσὴκος.
996 2464 1091 2499 Mihi
1114 2465 1259 2499 videtur
1283 2464 1528 2499 derivandum
1551 2475 1627 2498 esse
1655 2474 1675 2497 a
1706 2474 1823 2508 graeco

445 2518 635 2567 βοῦςῴοε,
656 2528 691 2558 et
711 2521 827 2573 ἀγὸς,
847 2524 941 2568 dux,
959 2525 1030 2559 Bos
1056 2525 1200 2570 ductor,
1219 2525 1309 2560 sicut
1330 2525 1398 2559 bos
1419 2525 1564 2567 Cadmi,
1578 2524 1637 2558 vel
1656 2522 1785 2556 melius
1805 2536 1823 2556 a

447 2579 531 2625 βοῦς
556 2590 592 2618 et
611 2580 740 2628 σῖὄιιος,
765 2592 928 2632 septum,
955 2585 1099 2630 fanum,
1124 2586 1387 2629 sanctuarium,
1415 2585 1523 2620 bovis
1547 2583 1639 2619 sacri
1664 2590 1826 2630 septum,

451 2645 596 2690 gallice,
605 2647 644 2680 la
657 2645 785 2681 creclze
797 2646 846 2680 du
859 2646 968 2686 boeuf.
983 2647 1184 2683 Glareanus
1193 2647 1314 2694 itaque
1327 2648 1422 2682 male
1431 2646 1712 2692 legitMosegus,
1724 2645 1828 2691 quasi

452 2717 471 2739 a
491 2707 602 2740 ‚Mosa
621 2707 825 2742 derivatum
846 2714 950 2743 esset.
