1972 3356
322 177 368 213 56
532 179 570 211 C.
601 176 729 210 JULII
759 175 981 209 CAESARIS
1011 174 1502 211 COMMENTARIORUM

319 278 417 305 rum
444 259 498 303 ad
523 258 688 302 bellum
715 266 955 319 apparatus
971 291 982 313 ,
1008 266 1219 318 tantaque
1243 256 1483 302 multitudo
1517 269 1711 305 tormen-

320 350 492 395 torum,
518 347 567 382 ut
595 354 749 381 eorum
782 338 870 380 vim
902 335 1031 381 nullae
1057 347 1272 381 contextae
1302 337 1540 382 viminibus
1576 341 1714 385 vineae

318 419 534 464 sustinere
565 428 758 480 possent.
792 421 972 463 Asseres
1001 419 1119 462 enim
1147 417 1310 480 pedum
1335 435 1426 474 xii,
1461 418 1714 480 cuspidibus

317 499 505 561 praefixi,
532 509 664 561 atque
690 499 734 543 hi
756 500 956 544 maximis
985 498 1168 543 ballistis
1200 499 1339 555 missi,
1371 515 1446 560 per
1467 515 1513 543 iv
1537 499 1714 544 ordines

317 581 505 625 cratium
530 581 575 624 in
614 589 734 624 terra
759 579 1078 642 defigebantur.
1121 582 1296 640 Itaque,
1325 578 1553 640 pedalibus
1586 579 1716 641 lignis

317 662 565 723 conjunctis
608 663 721 705 inter
757 678 820 717 se,
863 661 1063 722 porticus
1098 661 1429 722 integebantur3
1467 670 1598 722 atque
1631 661 1714 706 hac

317 760 451 805 agger
475 744 589 786 inter
614 759 771 786 manus
798 741 1118 803 proferebatur.
1137 740 1434 786 Antecedebat
1448 741 1621 786 testudo
1640 758 1715 804 pe—

317 823 424 867 dum
445 840 523 880 Lx,
559 822 761 884 aequandi
794 822 878 867 loci
912 839 1070 878 causa,
1093 822 1209 867 facta
1245 824 1351 866 item
1383 839 1436 866 ex
1465 822 1714 867 fortissimis

317 904 473 966 lignis,
509 903 707 949 involuta
735 904 941 947 omnibus
980 904 1112 947 rebus
1135 938 1145 960 ,
1176 903 1336 963 quibus
1363 904 1475 965 ignis
1499 904 1643 964 jactus
1671 916 1715 948 et

316 984 481 1046 lapides
501 984 672 1029 defendi
696 994 891 1045 possent.
920 984 1005 1028 Sed
1022 983 1281 1045 magnitudo
1304 1001 1509 1045 operum,
1526 983 1714 1029 altitudo

316 1066 432 1109 muri
468 1075 600 1126 atque
637 1066 849 1119 turrium,
901 1063 1142 1107 multitudo
1184 1074 1505 1108 tormentoruni
1537 1081 1713 1109 omnem

316 1145 744 1190 administrationem
795 1144 1011 1188 tardabat.
1062 1146 1173 1188 Tum
1219 1144 1381 1188 crebrae
1418 1161 1498 1205 per
1540 1144 1716 1189 Albicos

315 1227 568 1288 eruptiones
590 1225 749 1269 fiebant
778 1242 829 1269 ex
851 1225 1037 1287 oppido,
1055 1227 1265 1287 ignesque
1288 1226 1437 1287 aggeri
1460 1236 1502 1269 et
1519 1226 1715 1270 turribus

315 1307 641 1363 inferebantur,
671 1324 767 1368 quae
795 1305 920 1350 facile
950 1308 1090 1351 nostri
1120 1306 1391 1368 repellebant
1418 1306 1597 1365 milites,
1626 1325 1718 1353 ma-

315 1389 505 1450 gnisque
536 1388 654 1432 ultro
692 1386 825 1432 illatis
855 1387 1158 1442 detrimentis,
1188 1406 1286 1443 eos,
1325 1390 1398 1449 qui
1435 1389 1714 1449 eruptionem

316 1469 536 1525 fecerant,
559 1469 773 1530 oppidum
803 1469 1070 1529 rejiciebant.

382 1552 459 1594 III.
487 1552 669 1594 Interim
695 1553 744 1595 L.
771 1550 1003 1607 Nasidius,
1031 1550 1086 1594 ab
1107 1553 1187 1595 Cn.
1220 1552 1430 1611 Pompeio
1456 1567 1557 1594 cum
1581 1549 1716 1595 classe

319 1632 498 1675 navium
522 1649 627 1689 xvi,
658 1633 702 1675 in
726 1633 888 1692 quibus
915 1648 1064 1692 paucae
1089 1642 1215 1676 erant
1240 1641 1405 1685 aeratae,
1435 1634 1484 1676 L.
1517 1633 1716 1677 Domitio

318 1711 758 1772 Massiliensibusque
784 1712 981 1756 subsidio
1005 1715 1185 1769 missus,
1205 1712 1316 1756 freto
1335 1711 1492 1757 Siciliae
1507 1748 1518 1769 ,
1542 1713 1714 1774 impru-

317 1792 448 1838 dente
471 1803 604 1853 atque
632 1794 895 1854 inopinante
928 1795 1148 1848 Curione,
1182 1794 1435 1854 pervehitur·
1461 1812 1469 1837 :
1501 1793 1717 1856 appulsis-

318 1891 402 1934 qne
428 1875 677 1917 Messanam
704 1874 890 1918 navibus
907 1909 917 1929 ,
945 1884 1078 1935 atque
1102 1874 1203 1918 inde
1225 1884 1407 1935 propter
1435 1877 1716 1935 repentinum

319 1964 532 1998 terrorem
560 1956 811 2019 principum
839 1973 889 1999 ac
916 1966 1092 2000 senatus
1117 1956 1220 2017 fuga
1243 1955 1376 2013 facta,
1407 1972 1460 1999 ex
1486 1955 1716 2000 navalibus

319 2053 473 2080 eorum
498 2053 632 2080 unam
672 2035 862 2080 deducit.
897 2040 988 2081 Hac
1017 2037 1227 2097 adjuncta
1253 2036 1308 2080 ad
1336 2035 1528 2097 reliquas
1565 2053 1716 2093 naves,

319 2133 499 2160 cursum
524 2116 766 2161 Massiliam
789 2134 937 2161 versus
960 2118 1133 2179 perficit
1155 2137 1163 2162 :
1185 2120 1496 2179 praemissaque
1511 2117 1623 2162 clam
1647 2135 1718 2162 na-

319 2197 485 2254 vicula,
520 2199 767 2242 Domitium
795 2199 1179 2260 Massiliensesque
1207 2199 1261 2243 de
1287 2216 1366 2243 suo
1401 2199 1594 2243 adventu
1622 2216 1715 2243 cer-

320 2280 452 2322 tiores
481 2279 604 2334 facit,
631 2297 792 2340 eosque
818 2295 1087 2341 magnopere
1114 2281 1338 2337 hortatur,
1366 2291 1414 2325 ut
1438 2297 1592 2325 rursus
1615 2297 1715 2325 cum

328 2361 448 2403 Bruti
479 2358 638 2417 classe,
666 2360 823 2404 additis
854 2362 943 2404 suis
967 2361 1164 2417 auxiliis,
1200 2362 1452 2424 confligant.

386 2442 459 2483 IV.
491 2440 921 2503 Massilienses,post
947 2445 1149 2504 superius
1175 2443 1530 2499 incommodum,
1549 2454 1716 2487 veteres

321 2519 372 2562 ad
402 2522 603 2565 eumdem
636 2540 869 2567 numerum
892 2540 940 2567 ex
974 2524 1200 2568 navalibus
1228 2524 1463 2586 productas
1488 2540 1619 2567 naves
1645 2540 1715 2567 re-

321 2600 535 2658 fecerant,
552 2620 812 2663 summaque
836 2604 1048 2649 industria
1070 2615 1350 2651 armaverant
1369 2606 1607 2666 (remigum
1639 2621 1717 2666 gu-
