1972 3356
388 323 458 362 144
596 321 636 354 0.
666 319 793 353 JUL11
823 318 1038 354 CAEsAffls
1070 318 1555 354 COMMENTARIORUM

383 403 457 463 qui
478 418 692 445 summam
716 402 831 445 inter
854 418 927 445 eos
946 402 1078 445 hahet
1103 403 1424 445 auctoritatem.
1451 405 1545 445 Hoc
1570 413 1767 457 mortuo,

382 484 416 525 si
438 483 513 542 qui
537 498 589 525 ex
610 480 791 541 reliquis
808 480 988 525 excellit
1011 481 1246 542 dignitate,
1270 481 1464 525 succedit
1483 499 1492 525 τ
1517 492 1594 525 aut
1609 484 1644 526 si
1665 495 1766 528 sunt

380 561 526 623 plures
552 579 702 622 pares,
728 561 937 623 suffragio
962 561 1169 605 druidum
1200 561 1420 623 adlegitur
1446 579 1764 624 nonnunquam

379 645 511 688 etiam
535 644 668 687 armis
691 643 744 687 de
767 643 1019 704 principatu
1044 642 1283 687 contendit.
1306 643 1362 686 Hi
1387 651 1506 686 certo
1537 644 1640 686 anni
1665 653 1767 687 tem—

375 741 504 785 pore,
532 725 576 766 in
600 723 760 767 finibus
783 725 1051 779 Carnutum,
1076 740 1171 783 quae
1197 723 1317 784 regio
1342 723 1476 766 totius
1499 721 1655 767 Galliae
1675 740 1766 767 me-

378 803 449 848 dia
477 805 684 860 habetur,
712 804 950 848 considunt
982 805 1027 847 in
1056 803 1152 847 loco
1180 813 1450 847 consecrato,
1484 806 1583 847 Huc
1613 820 1765 847 omnes

379 885 593 946 undique,
615 886 690 946 qui
717 885 1037 928 controversias
1067 884 1252 939 habent,
1279 885 1566 940 conveniunt,
1591 900 1763 927 eorum-

375 983 461 1027 que
483 966 658 1027 judiciis
687 965 961 1025 decretisque
992 974 1160 1025 parent.
1190 963 1436 1024 Disciplina
1464 965 1507 1007 in
1536 965 1763 1008 Britannia

375 1056 568 1107 reperta,
598 1057 729 1105 atque
759 1045 859 1089 inde
891 1046 934 1088 in
964 1043 1156 1088 Galliam
1183 1043 1395 1088 translata
1424 1061 1515 1087 esse
1544 1046 1763 1088 existima-

374 1137 448 1171 tur
479 1144 487 1170 :
520 1137 561 1170 et
590 1143 731 1182 nunc,
761 1126 836 1186 qui
870 1124 1123 1186 diligentius
1150 1141 1245 1169 eam
1274 1141 1364 1168 rem
1395 1141 1657 1186 cognoscere
1685 1142 1763 1169 vo-

373 1206 489 1263 lunt,
512 1206 773 1267 plerumque
799 1205 874 1249 illo
899 1204 1095 1249 discendi
1119 1221 1247 1249 causa
1267 1205 1619 1266 proficiscuntur.

436 1289 555 1332 XIV.
592 1286 783 1332 Druides
813 1303 836 1330 a
866 1284 983 1330 bello
1010 1286 1160 1329 abesse
1189 1296 1476 1343 consuerunt,
1508 1303 1652 1346 neque
1682 1289 1762 1330 tri-

371 1369 478 1413 buta
503 1385 590 1412 una
614 1385 714 1412 cum
739 1366 917 1428 reliquis
944 1366 1165 1428 pendunt3
1188 1366 1354 1410 militiae
1377 1367 1652 1411 vacationem
1677 1383 1764 1411 om-

377 1450 585 1510 niumque
625 1466 773 1493 rerum
816 1449 979 1492 habent
1016 1449 1355 1492 immunitatem.
1396 1449 1548 1492 Tantis
1585 1450 1763 1493 excitati

371 1530 580 1590 praemiis,
607 1539 650 1573 et
669 1546 746 1573 sua
771 1538 927 1590 sponte
947 1528 1073 1573 multi
1099 1530 1143 1572 in
1168 1528 1443 1589 disciplinam
1468 1529 1762 1579 conveniunt.

369 1619 411 1653 et
442 1626 466 1653 a
496 1610 751 1671 parentibus
783 1610 1132 1670 propinquisque
1168 1610 1419 1653 mittuntur.
1452 1611 1667 1670 Magnum
1697 1610 1753 1653 ibi

371 1706 606 1733 numerum
625 1706 831 1734 versuum
851 1689 1044 1733 ediscere
1062 1688 1272 1732 dicuntur
1298 1706 1306 1732 :
1332 1690 1480 1749 itaque
1495 1706 1634 1734 annos
1649 1706 1761 1733 non-

371 1769 481 1814 nulli
503 1772 678 1814 vicenos
697 1772 741 1813 in
757 1769 990 1830 disciplina
1007 1779 1282 1830 permanent.
1301 1770 1455 1829 Neque
1469 1769 1531 1813 fas
1548 1787 1639 1813 esse
1656 1771 1761 1814 exis-

371 1852 547 1907 timant⁷
570 1868 620 1895 ea
646 1850 802 1894 litteris
825 1850 1033 1894 mandare
1044 1863 1059 1905 ‚'
1080 1867 1217 1909 quum
1239 1852 1282 1893 in
1306 1849 1486 1910 reliquis
1510 1850 1600 1894 fere
1627 1852 1757 1895 rebus

368 1931 578 1992 publicis,
606 1931 876 1991 privatisque
904 1931 1171 1986 rationibus⁷
1200 1931 1352 1991 graecis
1380 1938 1561 1974 utantur
1587 1930 1756 1974 litteris.

366 2013 417 2056 Id
441 2013 549 2056 mihi
572 2012 740 2055 duabus
771 2011 824 2054 de
847 2012 987 2055 causis
1017 2012 1257 2055 instituisse
1285 2010 1516 2067 videntur3
1540 2010 1660 2071 quod
1683 2027 1759 2055 ne-

367 2110 452 2153 que
476 2094 521 2136 in
545 2091 728 2154 vulgum
754 2091 1035 2153 disciplinam
1058 2091 1206 2136 efferri
1233 2092 1388 2149 velint,
1412 2109 1554 2153 neque
1582 2109 1655 2137 eos
1681 2093 1758 2153 qui

367 2174 558 2229 discant,
583 2172 742 2217 litteris
763 2173 972 2227 confisos,
990 2174 1136 2217 minus
1160 2174 1383 2217 memoriae
1407 2172 1581 2219 studere
1606 2190 1614 2216 :
1639 2172 1757 2234 quod

365 2255 454 2299 fere
478 2254 699 2316 plerisque
714 2254 896 2311 accidit,
918 2264 965 2297 ut
987 2254 1190 2315 praesidio
1212 2253 1463 2298 litterarum
1483 2253 1756 2316 diligentiam

363 2336 410 2379 in
442 2335 729 2398 perdiscendo
763 2352 812 2379 ac
845 2337 1103 2379 memoriam
1135 2336 1376 2379 remittant.
1407 2336 1459 2378 In
1493 2336 1647 2396 primis
1675 2335 1758 2378 hoc

363 2415 518 2461 volunt
540 2416 830 2478 persuadere,
852 2433 941 2460 non
962 2416 1144 2460 interire
1166 2417 1355 2472 animas,
1376 2415 1452 2459 sed
1471 2416 1525 2459 ab
1547 2414 1641 2459 aliis
1660 2424 1755 2475 post

363 2508 551 2542 mortem
575 2498 763 2542 transire
792 2497 847 2541 ad
875 2496 983 2540 alios
1011 2514 1019 2539 z
1049 2506 1180 2557 atquc
1209 2497 1295 2540 hoc
1325 2497 1512 2539 maxime
1535 2494 1588 2538 ad
1612 2496 1755 2538 virtu-

364 2588 449 2622 tem
471 2579 652 2623 excitari
681 2588 862 2639 putant,
894 2587 1013 2622 metu
1047 2579 1201 2621 mortis
1230 2576 1443 2638 neglecto.
1476 2574 1622 2619 Multa
1647 2589 1757 2633 prae-

365 2669 480 2703 terea
509 2660 561 2703 de
590 2659 807 2703 sideribus
832 2669 964 2719 atque
990 2675 1143 2702 eorum
1171 2668 1315 2713 motu,
1340 2657 1392 2700 de
1418 2655 1571 2699 mundi
1596 2672 1645 2699 ac
1669 2665 1755 2699 ter-

366 2756 511 2783 rarum
544 2740 876 2801 magnitudine,
902 2739 954 2783 de
984 2757 1133 2783 rerum
1164 2749 1349 2792 natura,
1378 2737 1431 2780 dc
1461 2735 1645 2780 deorum
1679 2738 1756 2779 im-
