<?xml version="1.0" encoding="UTF-8"?>
<!DOCTYPE html PUBLIC "-//W3C//DTD XHTML 1.0 Transitional//EN"
    "http://www.w3.org/TR/xhtml1/DTD/xhtml1-transitional.dtd">
<html xmlns="http://www.w3.org/1999/xhtml" xml:lang="en" lang="en">
 <head>
  <title>
</title>
<meta http-equiv="Content-Type" content="text/html;charset=utf-8" />
  <meta name='ocr-system' content='tesseract 3.04.00' />
  <meta name='ocr-capabilities' content='ocr_page ocr_carea ocr_par ocr_line ocrx_word'/>
</head>
<body>
  <div class='ocr_page' id='page_1' title='image "./operajoh0102caesuoft_0312.png"; bbox 0 0 1972 3356; ppageno 0'>
   <div class='ocr_carea' id='block_1_1' title="bbox 331 270 1505 310">
    <p class='ocr_par' dir='ltr' id='par_1_1' title="bbox 331 270 1505 310">
     <span class='ocr_line' id='line_1_1' title="bbox 331 270 1505 310; baseline -0.002 0"><span class='ocrx_word' id='word_1_1' title='bbox 331 274 353 310; x_wconf 83' lang='lat'>6</span> <span class='ocrx_word' id='word_1_2' title='bbox 542 275 581 310; x_wconf 90' lang='lat' dir='ltr'>C.</span> <span class='ocrx_word' id='word_1_3' title='bbox 607 273 739 308; x_wconf 89' lang='lat' dir='ltr'><strong>JULII</strong></span> <span class='ocrx_word' id='word_1_4' title='bbox 766 270 985 306; x_wconf 89' lang='lat' dir='ltr'><strong>CAESARIS</strong></span> <span class='ocrx_word' id='word_1_5' title='bbox 1017 270 1505 310; x_wconf 76' lang='lat' dir='ltr'><strong>COMMENTARIORUM</strong></span> 
     </span>
    </p>
   </div>
   <div class='ocr_carea' id='block_1_2' title="bbox 323 355 1733 2688">
    <p class='ocr_par' dir='ltr' id='par_1_2' title="bbox 324 355 1733 1716">
     <span class='ocr_line' id='line_1_2' title="bbox 326 355 1726 416; baseline -0.001 -12"><span class='ocrx_word' id='word_1_6' title='bbox 326 359 497 414; x_wconf 81' lang='lat' dir='ltr'>buerit,</span> <span class='ocrx_word' id='word_1_7' title='bbox 533 357 764 402; x_wconf 85' lang='lat' dir='ltr'>ademisse.</span> <span class='ocrx_word' id='word_1_8' title='bbox 797 355 1165 416; x_wconf 85' lang='lat' dir='ltr'>Quotiescunque</span> <span class='ocrx_word' id='word_1_9' title='bbox 1197 357 1254 401; x_wconf 91' lang='lat' dir='ltr'>sit</span> <span class='ocrx_word' id='word_1_10' title='bbox 1288 356 1537 415; x_wconf 91' lang='lat' dir='ltr'>decretum,</span> <span class='ocrx_word' id='word_1_11' title='bbox 1569 358 1726 403; x_wconf 88' lang='lat' dir='ltr'>darent</span> 
     </span>
     <span class='ocr_line' id='line_1_3' title="bbox 325 435 1726 500; baseline 0 -16"><span class='ocrx_word' id='word_1_12' title='bbox 325 440 608 500; x_wconf 86' lang='lat' dir='ltr'>magistratus</span> <span class='ocrx_word' id='word_1_13' title='bbox 635 453 836 499; x_wconf 84' lang='lat' dir='ltr'>operam,</span> <span class='ocrx_word' id='word_1_14' title='bbox 867 453 921 480; x_wconf 90' lang='lat' dir='ltr'>ne</span> <span class='ocrx_word' id='word_1_15' title='bbox 950 435 1058 497; x_wconf 90' lang='lat' dir='ltr'>quid</span> <span class='ocrx_word' id='word_1_16' title='bbox 1089 435 1340 498; x_wconf 87' lang='lat' dir='ltr'>respublica</span> <span class='ocrx_word' id='word_1_17' title='bbox 1370 437 1626 483; x_wconf 85' lang='lat' dir='ltr'>detrimenti</span> <span class='ocrx_word' id='word_1_18' title='bbox 1654 457 1726 484; x_wconf 91' lang='lat' dir='ltr'>ca-</span> 
     </span>
     <span class='ocr_line' id='line_1_4' title="bbox 326 516 1728 582; baseline 0 -17"><span class='ocrx_word' id='word_1_19' title='bbox 326 529 449 581; x_wconf 86' lang='lat' dir='ltr'>peret</span> <span class='ocrx_word' id='word_1_20' title='bbox 477 519 586 582; x_wconf 87' lang='lat' dir='ltr'>(qua</span> <span class='ocrx_word' id='word_1_21' title='bbox 611 536 718 564; x_wconf 89' lang='lat' dir='ltr'>voce</span> <span class='ocrx_word' id='word_1_22' title='bbox 747 528 790 564; x_wconf 89' lang='lat' dir='ltr'>et</span> <span class='ocrx_word' id='word_1_23' title='bbox 812 535 902 580; x_wconf 90' lang='lat' dir='ltr'>quo</span> <span class='ocrx_word' id='word_1_24' title='bbox 925 520 968 563; x_wconf 93' lang='lat' dir='ltr'>S.</span> <span class='ocrx_word' id='word_1_25' title='bbox 999 519 1050 563; x_wconf 91' lang='lat' dir='ltr'>C.</span> <span class='ocrx_word' id='word_1_26' title='bbox 1077 516 1266 580; x_wconf 85' lang='lat' dir='ltr'>populus</span> <span class='ocrx_word' id='word_1_27' title='bbox 1294 535 1503 564; x_wconf 90' lang='lat' dir='ltr'>romanus</span> <span class='ocrx_word' id='word_1_28' title='bbox 1527 519 1582 564; x_wconf 91' lang='lat' dir='ltr'>ad</span> <span class='ocrx_word' id='word_1_29' title='bbox 1605 536 1728 565; x_wconf 90' lang='lat' dir='ltr'>arma</span> 
     </span>
     <span class='ocr_line' id='line_1_5' title="bbox 325 598 1728 664; baseline -0.001 -17"><span class='ocrx_word' id='word_1_30' title='bbox 325 604 380 648; x_wconf 91' lang='lat' dir='ltr'>sit</span> <span class='ocrx_word' id='word_1_31' title='bbox 415 600 641 664; x_wconf 86' lang='lat' dir='ltr'>vocatus),</span> <span class='ocrx_word' id='word_1_32' title='bbox 668 600 835 645; x_wconf 90' lang='lat' dir='ltr'>factum</span> <span class='ocrx_word' id='word_1_33' title='bbox 867 600 910 644; x_wconf 92' lang='lat' dir='ltr'>in</span> <span class='ocrx_word' id='word_1_34' title='bbox 947 600 1202 661; x_wconf 88' lang='lat' dir='ltr'>perniciosis</span> <span class='ocrx_word' id='word_1_35' title='bbox 1226 598 1418 662; x_wconf 87' lang='lat' dir='ltr'>legibus,</span> <span class='ocrx_word' id='word_1_36' title='bbox 1443 601 1488 644; x_wconf 92' lang='lat' dir='ltr'>in</span> <span class='ocrx_word' id='word_1_37' title='bbox 1512 601 1556 644; x_wconf 90' lang='lat' dir='ltr'>vi</span> <span class='ocrx_word' id='word_1_38' title='bbox 1585 601 1728 646; x_wconf 90' lang='lat' dir='ltr'>tribu-</span> 
     </span>
     <span class='ocr_line' id='line_1_6' title="bbox 325 679 1728 743; baseline 0 -16"><span class='ocrx_word' id='word_1_39' title='bbox 325 683 454 739; x_wconf 89' lang='lat' dir='ltr'>nitia,</span> <span class='ocrx_word' id='word_1_40' title='bbox 480 683 527 726; x_wconf 91' lang='lat' dir='ltr'>in</span> <span class='ocrx_word' id='word_1_41' title='bbox 555 681 799 727; x_wconf 90' lang='lat' dir='ltr'>secessione</span> <span class='ocrx_word' id='word_1_42' title='bbox 829 680 1008 743; x_wconf 90' lang='lat' dir='ltr'>populi,</span> <span class='ocrx_word' id='word_1_43' title='bbox 1038 679 1213 742; x_wconf 90' lang='lat' dir='ltr'>templis</span> <span class='ocrx_word' id='word_1_44' title='bbox 1242 679 1438 743; x_wconf 89' lang='lat' dir='ltr'>locisque</span> <span class='ocrx_word' id='word_1_45' title='bbox 1467 681 1728 728; x_wconf 84' lang='lat' dir='ltr'>editioribus</span> 
     </span>
     <span class='ocr_line' id='line_1_7' title="bbox 325 762 1730 826; baseline 0 -17"><span class='ocrx_word' id='word_1_46' title='bbox 325 764 575 826; x_wconf 82' lang='lat' dir='ltr'>occupatis3</span> <span class='ocrx_word' id='word_1_47' title='bbox 611 774 745 825; x_wconf 90' lang='lat' dir='ltr'>atque</span> <span class='ocrx_word' id='word_1_48' title='bbox 771 764 863 808; x_wconf 85' lang='lat' dir='ltr'>haec</span> <span class='ocrx_word' id='word_1_49' title='bbox 892 764 1132 825; x_wconf 90' lang='lat' dir='ltr'>superioris</span> <span class='ocrx_word' id='word_1_50' title='bbox 1161 764 1299 807; x_wconf 85' lang='lat' dir='ltr'>aetatis</span> <span class='ocrx_word' id='word_1_51' title='bbox 1326 762 1529 825; x_wconf 86' lang='lat' dir='ltr'>exempla</span> <span class='ocrx_word' id='word_1_52' title='bbox 1555 765 1730 826; x_wconf 86' lang='lat' dir='ltr'>expiata</span> 
     </span>
     <span class='ocr_line' id='line_1_8' title="bbox 326 843 1729 907; baseline 0 -17"><span class='ocrx_word' id='word_1_53' title='bbox 326 846 556 890; x_wconf 90' lang='lat' dir='ltr'>Saturnini</span> <span class='ocrx_word' id='word_1_54' title='bbox 591 855 723 907; x_wconf 88' lang='lat' dir='ltr'>atque</span> <span class='ocrx_word' id='word_1_55' title='bbox 762 845 1071 890; x_wconf 84' lang='lat' dir='ltr'>Gracchorum</span> <span class='ocrx_word' id='word_1_56' title='bbox 1115 844 1287 888; x_wconf 88' lang='lat' dir='ltr'>casibus</span> <span class='ocrx_word' id='word_1_57' title='bbox 1327 843 1455 889; x_wconf 92' lang='lat' dir='ltr'>docet</span> <span class='ocrx_word' id='word_1_58' title='bbox 1492 862 1500 889; x_wconf 74' lang='grc' dir='ltr'>ε</span> <span class='ocrx_word' id='word_1_59' title='bbox 1539 862 1729 907; x_wconf 89' lang='lat' dir='ltr'>quarum</span> 
     </span>
     <span class='ocr_line' id='line_1_9' title="bbox 325 925 1729 988; baseline -0.001 -16"><span class='ocrx_word' id='word_1_60' title='bbox 325 944 475 972; x_wconf 86' lang='lat' dir='ltr'>rerum</span> <span class='ocrx_word' id='word_1_61' title='bbox 498 925 575 971; x_wconf 90' lang='lat' dir='ltr'>illo</span> <span class='ocrx_word' id='word_1_62' title='bbox 597 937 795 988; x_wconf 87' lang='lat' dir='ltr'>tempore</span> <span class='ocrx_word' id='word_1_63' title='bbox 822 925 932 970; x_wconf 88' lang='lat' dir='ltr'>nihil</span> <span class='ocrx_word' id='word_1_64' title='bbox 954 925 1143 981; x_wconf 82' lang='lat' dir='ltr'>factum,</span> <span class='ocrx_word' id='word_1_65' title='bbox 1169 942 1224 969; x_wconf 90' lang='lat' dir='ltr'>ne</span> <span class='ocrx_word' id='word_1_66' title='bbox 1253 927 1496 987; x_wconf 89' lang='lat' dir='ltr'>cogitatum</span> <span class='ocrx_word' id='word_1_67' title='bbox 1523 926 1729 988; x_wconf 88' lang='lat' dir='ltr'>quidem;</span> 
     </span>
     <span class='ocr_line' id='line_1_10' title="bbox 325 1005 1730 1069; baseline 0 -17"><span class='ocrx_word' id='word_1_68' title='bbox 325 1007 449 1052; x_wconf 88' lang='lat' dir='ltr'>nulla</span> <span class='ocrx_word' id='word_1_69' title='bbox 467 1006 536 1052; x_wconf 86' lang='lat' dir='ltr'>lex</span> <span class='ocrx_word' id='word_1_70' title='bbox 555 1006 859 1069; x_wconf 87' lang='lat' dir='ltr'>promulgata,</span> <span class='ocrx_word' id='word_1_71' title='bbox 881 1023 972 1050; x_wconf 92' lang='lat' dir='ltr'>non</span> <span class='ocrx_word' id='word_1_72' title='bbox 993 1023 1093 1050; x_wconf 89' lang='lat' dir='ltr'>cum</span> <span class='ocrx_word' id='word_1_73' title='bbox 1109 1005 1277 1068; x_wconf 89' lang='lat' dir='ltr'>populo</span> <span class='ocrx_word' id='word_1_74' title='bbox 1295 1007 1366 1068; x_wconf 88' lang='lat' dir='ltr'>agi</span> <span class='ocrx_word' id='word_1_75' title='bbox 1380 1016 1595 1068; x_wconf 90' lang='lat' dir='ltr'>coeptum,</span> <span class='ocrx_word' id='word_1_76' title='bbox 1608 1006 1730 1052; x_wconf 91' lang='lat' dir='ltr'>nulla</span> 
     </span>
     <span class='ocr_line' id='line_1_11' title="bbox 327 1088 1730 1148; baseline 0 -16"><span class='ocrx_word' id='word_1_77' title='bbox 327 1090 514 1133; x_wconf 87' lang='lat' dir='ltr'>secessio</span> <span class='ocrx_word' id='word_1_78' title='bbox 538 1088 665 1132; x_wconf 91' lang='lat' dir='ltr'>facta.</span> <span class='ocrx_word' id='word_1_79' title='bbox 690 1090 930 1145; x_wconf 86' lang='lat' dir='ltr'>Hortatur,</span> <span class='ocrx_word' id='word_1_80' title='bbox 954 1088 1078 1148; x_wconf 87' lang='lat' dir='ltr'>cujus</span> <span class='ocrx_word' id='word_1_81' title='bbox 1103 1088 1383 1148; x_wconf 85' lang='lat' dir='ltr'>imperatoris</span> <span class='ocrx_word' id='word_1_82' title='bbox 1407 1088 1543 1132; x_wconf 91' lang='lat' dir='ltr'>ductu</span> <span class='ocrx_word' id='word_1_83' title='bbox 1569 1105 1730 1133; x_wconf 91' lang='lat' dir='ltr'>novem</span> 
     </span>
     <span class='ocr_line' id='line_1_12' title="bbox 325 1166 1731 1230; baseline 0 -17"><span class='ocrx_word' id='word_1_84' title='bbox 325 1170 453 1213; x_wconf 91' lang='lat' dir='ltr'>annis</span> <span class='ocrx_word' id='word_1_85' title='bbox 500 1168 824 1229; x_wconf 85' lang='lat' dir='ltr'>rempublicam</span> <span class='ocrx_word' id='word_1_86' title='bbox 875 1166 1125 1212; x_wconf 87' lang='lat' dir='ltr'>felicissime</span> <span class='ocrx_word' id='word_1_87' title='bbox 1170 1169 1403 1229; x_wconf 80' lang='lat' dir='ltr'>gesserint,</span> <span class='ocrx_word' id='word_1_88' title='bbox 1449 1167 1731 1230; x_wconf 89' lang='lat' dir='ltr'>plurimaque</span> 
     </span>
     <span class='ocr_line' id='line_1_13' title="bbox 324 1247 1732 1311; baseline 0.001 -18"><span class='ocrx_word' id='word_1_89' title='bbox 324 1249 480 1311; x_wconf 85' lang='lat' dir='ltr'>proelia</span> <span class='ocrx_word' id='word_1_90' title='bbox 503 1248 696 1309; x_wconf 85' lang='lat' dir='ltr'>secunda</span> <span class='ocrx_word' id='word_1_91' title='bbox 716 1249 920 1305; x_wconf 83' lang='lat' dir='ltr'>fecerint,</span> <span class='ocrx_word' id='word_1_92' title='bbox 941 1265 1120 1293; x_wconf 90' lang='lat' dir='ltr'>omnem</span> <span class='ocrx_word' id='word_1_93' title='bbox 1141 1247 1334 1292; x_wconf 89' lang='lat' dir='ltr'>Galliam</span> <span class='ocrx_word' id='word_1_94' title='bbox 1354 1251 1732 1311; x_wconf 83' lang='lat' dir='ltr'>Germaniamque</span> 
     </span>
     <span class='ocr_line' id='line_1_14' title="bbox 325 1329 1733 1392; baseline 0.001 -18"><span class='ocrx_word' id='word_1_95' title='bbox 325 1331 601 1391; x_wconf 82' lang='lat' dir='ltr'>pacaverint,</span> <span class='ocrx_word' id='word_1_96' title='bbox 627 1341 677 1375; x_wconf 89' lang='lat' dir='ltr'>ut</span> <span class='ocrx_word' id='word_1_97' title='bbox 696 1331 789 1392; x_wconf 90' lang='lat' dir='ltr'>ejus</span> <span class='ocrx_word' id='word_1_98' title='bbox 809 1331 1182 1375; x_wconf 87' lang='lat' dir='ltr'>existimationem</span> <span class='ocrx_word' id='word_1_99' title='bbox 1203 1329 1553 1392; x_wconf 84' lang='lat' dir='ltr'>dignitatemque</span> <span class='ocrx_word' id='word_1_100' title='bbox 1571 1331 1626 1375; x_wconf 91' lang='lat' dir='ltr'>ab</span> <span class='ocrx_word' id='word_1_101' title='bbox 1650 1331 1733 1375; x_wconf 90' lang='lat' dir='ltr'>ini-</span> 
     </span>
     <span class='ocr_line' id='line_1_15' title="bbox 325 1411 1732 1473; baseline 0.001 -18"><span class='ocrx_word' id='word_1_102' title='bbox 325 1412 450 1456; x_wconf 87' lang='lat' dir='ltr'>micis</span> <span class='ocrx_word' id='word_1_103' title='bbox 484 1412 734 1456; x_wconf 85' lang='lat' dir='ltr'>defendant.</span> <span class='ocrx_word' id='word_1_104' title='bbox 766 1411 1059 1458; x_wconf 86' lang='lat' dir='ltr'>Conclamant</span> <span class='ocrx_word' id='word_1_105' title='bbox 1087 1411 1274 1473; x_wconf 84' lang='lat' dir='ltr'>legionis</span> <span class='ocrx_word' id='word_1_106' title='bbox 1299 1428 1404 1469; x_wconf 84' lang='lat' dir='ltr'>xm,</span> <span class='ocrx_word' id='word_1_107' title='bbox 1434 1429 1530 1473; x_wconf 85' lang='lat' dir='ltr'>quae</span> <span class='ocrx_word' id='word_1_108' title='bbox 1558 1411 1732 1467; x_wconf 89' lang='lat' dir='ltr'>aderat,</span> 
     </span>
     <span class='ocr_line' id='line_1_16' title="bbox 327 1492 1732 1555; baseline 0.001 -19"><span class='ocrx_word' id='word_1_109' title='bbox 327 1492 490 1537; x_wconf 88' lang='lat' dir='ltr'>milites</span> <span class='ocrx_word' id='word_1_110' title='bbox 520 1493 658 1555; x_wconf 74' lang='lat' dir='ltr'>(hanc</span> <span class='ocrx_word' id='word_1_111' title='bbox 686 1494 806 1537; x_wconf 90' lang='lat' dir='ltr'>enim</span> <span class='ocrx_word' id='word_1_112' title='bbox 836 1494 964 1537; x_wconf 90' lang='lat' dir='ltr'>initio</span> <span class='ocrx_word' id='word_1_113' title='bbox 993 1492 1212 1537; x_wconf 91' lang='lat' dir='ltr'>tumultus</span> <span class='ocrx_word' id='word_1_114' title='bbox 1242 1503 1522 1549; x_wconf 79' lang='lat' dir='ltr'>evocaverat,</span> <span class='ocrx_word' id='word_1_115' title='bbox 1551 1492 1732 1555; x_wconf 83' lang='lat' dir='ltr'>reliquae</span> 
     </span>
     <span class='ocr_line' id='line_1_17' title="bbox 326 1572 1732 1635; baseline 0.001 -19"><span class='ocrx_word' id='word_1_116' title='bbox 326 1572 527 1617; x_wconf 89' lang='lat' dir='ltr'>nondum</span> <span class='ocrx_word' id='word_1_117' title='bbox 569 1573 898 1634; x_wconf 77' lang='lat' dir='ltr'>convenerant)</span> <span class='ocrx_word' id='word_1_118' title='bbox 938 1592 958 1614; x_wconf 91' lang='lat'>«</span> <span class='ocrx_word' id='word_1_119' title='bbox 987 1591 1078 1617; x_wconf 82' lang='lat' dir='ltr'>sese</span> <span class='ocrx_word' id='word_1_120' title='bbox 1111 1584 1288 1635; x_wconf 87' lang='lat' dir='ltr'>paratos</span> <span class='ocrx_word' id='word_1_121' title='bbox 1324 1591 1416 1618; x_wconf 87' lang='lat' dir='ltr'>esse</span> <span class='ocrx_word' id='word_1_122' title='bbox 1452 1575 1732 1635; x_wconf 87' lang='lat' dir='ltr'>imperatoris</span> 
     </span>
     <span class='ocr_line' id='line_1_18' title="bbox 327 1654 1481 1716; baseline -0.002 -18"><span class='ocrx_word' id='word_1_123' title='bbox 327 1655 394 1698; x_wconf 90' lang='lat' dir='ltr'>sui</span> <span class='ocrx_word' id='word_1_124' title='bbox 419 1655 792 1716; x_wconf 86' lang='lat' dir='ltr'>tribunorumque</span> <span class='ocrx_word' id='word_1_125' title='bbox 814 1654 955 1716; x_wconf 89' lang='lat' dir='ltr'>plebis</span> <span class='ocrx_word' id='word_1_126' title='bbox 978 1656 1162 1716; x_wconf 84' lang='lat' dir='ltr'>injurias</span> <span class='ocrx_word' id='word_1_127' title='bbox 1189 1655 1434 1699; x_wconf 85' lang='lat' dir='ltr'>defendere.</span> <span class='ocrx_word' id='word_1_128' title='bbox 1463 1676 1481 1697; x_wconf 73' lang='lat' dir='ltr'>n</span> 
     </span>
    </p>

    <p class='ocr_par' dir='ltr' id='par_1_3' title="bbox 323 1735 1733 2688">
     <span class='ocr_line' id='line_1_19' title="bbox 392 1735 1731 1798; baseline 0.001 -19"><span class='ocrx_word' id='word_1_129' title='bbox 392 1738 513 1780; x_wconf 85' lang='lat' dir='ltr'><strong>VIII.</strong></span> <span class='ocrx_word' id='word_1_130' title='bbox 541 1737 733 1798; x_wconf 85' lang='lat' dir='ltr'>Cognita</span> <span class='ocrx_word' id='word_1_131' title='bbox 764 1735 956 1780; x_wconf 87' lang='lat' dir='ltr'>militum</span> <span class='ocrx_word' id='word_1_132' title='bbox 988 1735 1235 1792; x_wconf 87' lang='lat' dir='ltr'>voluntate,</span> <span class='ocrx_word' id='word_1_133' title='bbox 1268 1737 1522 1780; x_wconf 80' lang='lat' dir='ltr'>Ariminum</span> <span class='ocrx_word' id='word_1_134' title='bbox 1549 1753 1651 1780; x_wconf 90' lang='lat' dir='ltr'>cum</span> <span class='ocrx_word' id='word_1_135' title='bbox 1681 1754 1731 1781; x_wconf 87' lang='lat' dir='ltr'>ca</span> 
     </span>
     <span class='ocr_line' id='line_1_20' title="bbox 326 1815 1730 1878; baseline 0.001 -19"><span class='ocrx_word' id='word_1_136' title='bbox 326 1816 501 1878; x_wconf 86' lang='lat' dir='ltr'>legione</span> <span class='ocrx_word' id='word_1_137' title='bbox 530 1817 845 1878; x_wconf 82' lang='lat' dir='ltr'>proficiscitur,</span> <span class='ocrx_word' id='word_1_138' title='bbox 869 1818 1016 1877; x_wconf 90' lang='lat' dir='ltr'>ibique</span> <span class='ocrx_word' id='word_1_139' title='bbox 1037 1818 1240 1860; x_wconf 85' lang='lat' dir='ltr'>tribunos</span> <span class='ocrx_word' id='word_1_140' title='bbox 1267 1815 1425 1877; x_wconf 87' lang='lat' dir='ltr'>plebis,</span> <span class='ocrx_word' id='word_1_141' title='bbox 1450 1818 1525 1877; x_wconf 92' lang='lat' dir='ltr'>qui</span> <span class='ocrx_word' id='word_1_142' title='bbox 1551 1817 1606 1860; x_wconf 92' lang='lat' dir='ltr'>ad</span> <span class='ocrx_word' id='word_1_143' title='bbox 1629 1834 1730 1861; x_wconf 84' lang='lat' dir='ltr'>curn</span> 
     </span>
     <span class='ocr_line' id='line_1_21' title="bbox 327 1895 1732 1958; baseline 0 -17"><span class='ocrx_word' id='word_1_144' title='bbox 327 1896 639 1958; x_wconf 83' lang='lat' dir='ltr'>confugerant,</span> <span class='ocrx_word' id='word_1_145' title='bbox 663 1899 893 1952; x_wconf 70' lang='lat' dir='ltr'>convenit,</span> <span class='ocrx_word' id='word_1_146' title='bbox 914 1896 1105 1957; x_wconf 80' lang='lat' dir='ltr'>reliquas</span> <span class='ocrx_word' id='word_1_147' title='bbox 1127 1895 1320 1958; x_wconf 82' lang='lat' dir='ltr'>legiones</span> <span class='ocrx_word' id='word_1_148' title='bbox 1341 1914 1392 1940; x_wconf 84' lang='lat' dir='ltr'>ex</span> <span class='ocrx_word' id='word_1_149' title='bbox 1415 1897 1611 1941; x_wconf 83' lang='lat' dir='ltr'>hibernis</span> <span class='ocrx_word' id='word_1_150' title='bbox 1629 1914 1732 1941; x_wconf 80' lang='lat' dir='ltr'>evo—</span> 
     </span>
     <span class='ocr_line' id='line_1_22' title="bbox 327 1976 1733 2039; baseline 0.001 -17"><span class='ocrx_word' id='word_1_151' title='bbox 327 1988 417 2034; x_wconf 89' lang='lat' dir='ltr'>cat,</span> <span class='ocrx_word' id='word_1_152' title='bbox 439 1988 482 2022; x_wconf 87' lang='lat' dir='ltr'>et</span> <span class='ocrx_word' id='word_1_153' title='bbox 500 1978 706 2039; x_wconf 85' lang='lat' dir='ltr'>subsequi</span> <span class='ocrx_word' id='word_1_154' title='bbox 728 1978 868 2039; x_wconf 86' lang='lat' dir='ltr'>jubet.</span> <span class='ocrx_word' id='word_1_155' title='bbox 888 1980 952 2022; x_wconf 87' lang='lat' dir='ltr'>Eo</span> <span class='ocrx_word' id='word_1_156' title='bbox 976 1980 1025 2022; x_wconf 89' lang='lat' dir='ltr'>L.</span> <span class='ocrx_word' id='word_1_157' title='bbox 1051 1978 1198 2021; x_wconf 81' lang='lat' dir='ltr'>Caesar</span> <span class='ocrx_word' id='word_1_158' title='bbox 1217 1976 1472 2022; x_wconf 84' lang='lat' dir='ltr'>adolescens</span> <span class='ocrx_word' id='word_1_159' title='bbox 1493 1978 1631 2033; x_wconf 80' lang='lat' dir='ltr'>venit,</span> <span class='ocrx_word' id='word_1_160' title='bbox 1656 1995 1733 2023; x_wconf 91' lang='lat' dir='ltr'>cu-</span> 
     </span>
     <span class='ocr_line' id='line_1_23' title="bbox 323 2057 1731 2121; baseline 0 -17"><span class='ocrx_word' id='word_1_161' title='bbox 323 2061 394 2120; x_wconf 84' lang='lat' dir='ltr'>jus</span> <span class='ocrx_word' id='word_1_162' title='bbox 419 2070 545 2120; x_wconf 88' lang='lat' dir='ltr'>pater</span> <span class='ocrx_word' id='word_1_163' title='bbox 567 2060 749 2104; x_wconf 82' lang='lat' dir='ltr'>Caesaris</span> <span class='ocrx_word' id='word_1_164' title='bbox 775 2069 869 2103; x_wconf 89' lang='lat' dir='ltr'>erat</span> <span class='ocrx_word' id='word_1_165' title='bbox 897 2057 1080 2121; x_wconf 82' lang='lat' dir='ltr'>legatus.</span> <span class='ocrx_word' id='word_1_166' title='bbox 1110 2062 1171 2115; x_wconf 88' lang='lat' dir='ltr'>Is,</span> <span class='ocrx_word' id='word_1_167' title='bbox 1202 2057 1373 2120; x_wconf 89' lang='lat' dir='ltr'>reliquo</span> <span class='ocrx_word' id='word_1_168' title='bbox 1398 2075 1600 2104; x_wconf 85' lang='lat' dir='ltr'>scrmone</span> <span class='ocrx_word' id='word_1_169' title='bbox 1626 2075 1731 2104; x_wconf 90' lang='lat' dir='ltr'>con-</span> 
     </span>
     <span class='ocr_line' id='line_1_24' title="bbox 327 2139 1732 2202; baseline 0.001 -19"><span class='ocrx_word' id='word_1_170' title='bbox 327 2140 468 2195; x_wconf 86' lang='lat' dir='ltr'>fecto,</span> <span class='ocrx_word' id='word_1_171' title='bbox 496 2142 621 2202; x_wconf 87' lang='lat' dir='ltr'>cujus</span> <span class='ocrx_word' id='word_1_172' title='bbox 650 2139 711 2185; x_wconf 86' lang='lat' dir='ltr'>rei</span> <span class='ocrx_word' id='word_1_173' title='bbox 747 2157 878 2185; x_wconf 85' lang='lat' dir='ltr'>causa</span> <span class='ocrx_word' id='word_1_174' title='bbox 904 2151 1104 2193; x_wconf 78' lang='lat' dir='ltr'>venerat,</span> <span class='ocrx_word' id='word_1_175' title='bbox 1133 2140 1295 2184; x_wconf 88' lang='lat' dir='ltr'>habere</span> <span class='ocrx_word' id='word_1_176' title='bbox 1319 2157 1362 2184; x_wconf 88' lang='lat' dir='ltr'>se</span> <span class='ocrx_word' id='word_1_177' title='bbox 1389 2156 1413 2183; x_wconf 90' lang='lat' dir='ltr'>a</span> <span class='ocrx_word' id='word_1_178' title='bbox 1436 2140 1648 2201; x_wconf 88' lang='lat' dir='ltr'>Pompeio</span> <span class='ocrx_word' id='word_1_179' title='bbox 1676 2141 1732 2185; x_wconf 86' lang='lat' dir='ltr'>ad</span> 
     </span>
     <span class='ocr_line' id='line_1_25' title="bbox 328 2220 1731 2284; baseline 0 -18"><span class='ocrx_word' id='word_1_180' title='bbox 328 2239 428 2266; x_wconf 80' lang='lat' dir='ltr'>eum</span> <span class='ocrx_word' id='word_1_181' title='bbox 460 2224 619 2284; x_wconf 87' lang='lat' dir='ltr'>privati</span> <span class='ocrx_word' id='word_1_182' title='bbox 649 2222 783 2267; x_wconf 84' lang='lat' dir='ltr'>offleii</span> <span class='ocrx_word' id='word_1_183' title='bbox 819 2222 1025 2266; x_wconf 83' lang='lat' dir='ltr'>mandata</span> <span class='ocrx_word' id='word_1_184' title='bbox 1060 2221 1337 2266; x_wconf 84' lang='lat' dir='ltr'>demonstrat</span> <span class='ocrx_word' id='word_1_185' title='bbox 1367 2240 1375 2265; x_wconf 75' lang='grc' dir='ltr'>ε</span> <span class='ocrx_word' id='word_1_186' title='bbox 1407 2242 1427 2262; x_wconf 88' lang='lat'>«</span> <span class='ocrx_word' id='word_1_187' title='bbox 1453 2220 1566 2265; x_wconf 87' lang='lat' dir='ltr'>velle</span> <span class='ocrx_word' id='word_1_188' title='bbox 1599 2223 1731 2266; x_wconf 89' lang='lat' dir='ltr'>Pom-</span> 
     </span>
     <span class='ocr_line' id='line_1_26' title="bbox 329 2301 1731 2366; baseline 0 -20"><span class='ocrx_word' id='word_1_189' title='bbox 329 2304 477 2363; x_wconf 88' lang='lat' dir='ltr'>peium</span> <span class='ocrx_word' id='word_1_190' title='bbox 499 2321 544 2348; x_wconf 90' lang='lat' dir='ltr'>se</span> <span class='ocrx_word' id='word_1_191' title='bbox 565 2304 726 2349; x_wconf 82' lang='lat' dir='ltr'>Caesari</span> <span class='ocrx_word' id='word_1_192' title='bbox 752 2313 1014 2366; x_wconf 83' lang='lat' dir='ltr'>purgatum,</span> <span class='ocrx_word' id='word_1_193' title='bbox 1038 2321 1090 2347; x_wconf 88' lang='lat' dir='ltr'>ne</span> <span class='ocrx_word' id='word_1_194' title='bbox 1110 2320 1179 2358; x_wconf 89' lang='lat' dir='ltr'>ea,</span> <span class='ocrx_word' id='word_1_195' title='bbox 1205 2320 1303 2363; x_wconf 84' lang='lat' dir='ltr'>quae</span> <span class='ocrx_word' id='word_1_196' title='bbox 1327 2301 1580 2363; x_wconf 68' lang='lat' dir='ltr'>reipublicae</span> <span class='ocrx_word' id='word_1_197' title='bbox 1600 2319 1731 2347; x_wconf 86' lang='lat' dir='ltr'>causa</span> 
     </span>
     <span class='ocr_line' id='line_1_27' title="bbox 329 2384 1731 2445; baseline 0 -18"><span class='ocrx_word' id='word_1_198' title='bbox 329 2385 488 2445; x_wconf 84' lang='lat' dir='ltr'>egerit,</span> <span class='ocrx_word' id='word_1_199' title='bbox 517 2386 560 2428; x_wconf 91' lang='lat' dir='ltr'>in</span> <span class='ocrx_word' id='word_1_200' title='bbox 595 2402 718 2430; x_wconf 87' lang='lat' dir='ltr'>suam</span> <span class='ocrx_word' id='word_1_201' title='bbox 753 2384 1068 2428; x_wconf 84' lang='lat' dir='ltr'>contumeliam</span> <span class='ocrx_word' id='word_1_202' title='bbox 1103 2394 1268 2439; x_wconf 87' lang='lat' dir='ltr'>vertat;</span> <span class='ocrx_word' id='word_1_203' title='bbox 1302 2400 1476 2444; x_wconf 85' lang='lat' dir='ltr'>semper</span> <span class='ocrx_word' id='word_1_204' title='bbox 1509 2400 1553 2428; x_wconf 88' lang='lat' dir='ltr'>se</span> <span class='ocrx_word' id='word_1_205' title='bbox 1580 2384 1731 2444; x_wconf 90' lang='lat' dir='ltr'>reipu-</span> 
     </span>
     <span class='ocr_line' id='line_1_28' title="bbox 329 2464 1729 2527; baseline -0.001 -19"><span class='ocrx_word' id='word_1_206' title='bbox 329 2464 454 2509; x_wconf 80' lang='lat' dir='ltr'>blicae</span> <span class='ocrx_word' id='word_1_207' title='bbox 473 2466 706 2510; x_wconf 84' lang='lat' dir='ltr'>commoda</span> <span class='ocrx_word' id='word_1_208' title='bbox 733 2466 916 2527; x_wconf 86' lang='lat' dir='ltr'>privatis</span> <span class='ocrx_word' id='word_1_209' title='bbox 940 2466 1274 2510; x_wconf 82' lang='lat' dir='ltr'>necessitatibus</span> <span class='ocrx_word' id='word_1_210' title='bbox 1297 2465 1503 2509; x_wconf 81' lang='lat' dir='ltr'>habuisse</span> <span class='ocrx_word' id='word_1_211' title='bbox 1526 2466 1699 2525; x_wconf 87' lang='lat' dir='ltr'>potiora</span> <span class='ocrx_word' id='word_1_212' title='bbox 1721 2481 1729 2506; x_wconf 94' lang='lat'>:</span> 
     </span>
     <span class='ocr_line' id='line_1_29' title="bbox 332 2543 1732 2609; baseline -0.001 -20"><span class='ocrx_word' id='word_1_213' title='bbox 332 2549 548 2590; x_wconf 79' lang='lat' dir='ltr'>Caesarem</span> <span class='ocrx_word' id='word_1_214' title='bbox 574 2563 752 2607; x_wconf 88' lang='lat' dir='ltr'>quoque</span> <span class='ocrx_word' id='word_1_215' title='bbox 775 2564 856 2608; x_wconf 85' lang='lat' dir='ltr'>pro</span> <span class='ocrx_word' id='word_1_216' title='bbox 880 2563 957 2590; x_wconf 87' lang='lat' dir='ltr'>sua</span> <span class='ocrx_word' id='word_1_217' title='bbox 981 2546 1196 2609; x_wconf 85' lang='lat' dir='ltr'>dignitate</span> <span class='ocrx_word' id='word_1_218' title='bbox 1220 2546 1378 2590; x_wconf 88' lang='lat' dir='ltr'>debere</span> <span class='ocrx_word' id='word_1_219' title='bbox 1400 2554 1444 2589; x_wconf 89' lang='lat' dir='ltr'>et</span> <span class='ocrx_word' id='word_1_220' title='bbox 1467 2543 1661 2588; x_wconf 84' lang='lat' dir='ltr'>studium</span> <span class='ocrx_word' id='word_1_221' title='bbox 1687 2554 1732 2588; x_wconf 91' lang='lat' dir='ltr'>et</span> 
     </span>
     <span class='ocr_line' id='line_1_30' title="bbox 334 2623 1733 2688; baseline -0.001 -20"><span class='ocrx_word' id='word_1_222' title='bbox 334 2627 607 2672; x_wconf 87' lang='lat' dir='ltr'>iracundiam</span> <span class='ocrx_word' id='word_1_223' title='bbox 637 2643 761 2672; x_wconf 89' lang='lat' dir='ltr'>suam</span> <span class='ocrx_word' id='word_1_224' title='bbox 787 2626 1039 2688; x_wconf 83' lang='lat' dir='ltr'>reipublicae</span> <span class='ocrx_word' id='word_1_225' title='bbox 1063 2628 1305 2681; x_wconf 76' lang='lat' dir='ltr'>dimittere,</span> <span class='ocrx_word' id='word_1_226' title='bbox 1331 2641 1475 2685; x_wconf 88' lang='lat' dir='ltr'>neque</span> <span class='ocrx_word' id='word_1_227' title='bbox 1499 2623 1610 2668; x_wconf 87' lang='lat' dir='ltr'>adeo</span> <span class='ocrx_word' id='word_1_228' title='bbox 1639 2640 1733 2686; x_wconf 86' lang='lat' dir='ltr'>gra-</span> 
     </span>
    </p>
   </div>
   <div class='ocr_carea' id='block_1_3' title="bbox 332 2705 1731 2769">
    <p class='ocr_par' dir='ltr' id='par_1_4' title="bbox 332 2705 1731 2769">
     <span class='ocr_line' id='line_1_31' title="bbox 332 2705 1731 2769; baseline -0.001 -20"><span class='ocrx_word' id='word_1_229' title='bbox 332 2707 443 2751; x_wconf 83' lang='lat' dir='ltr'>viter</span> <span class='ocrx_word' id='word_1_230' title='bbox 466 2709 593 2752; x_wconf 87' lang='lat' dir='ltr'>irasci</span> <span class='ocrx_word' id='word_1_231' title='bbox 617 2709 829 2763; x_wconf 87' lang='lat' dir='ltr'>inimicis,</span> <span class='ocrx_word' id='word_1_232' title='bbox 850 2724 926 2764; x_wconf 82' lang='lat' dir='ltr'>nc,</span> <span class='ocrx_word' id='word_1_233' title='bbox 948 2725 1083 2769; x_wconf 83' lang='lat' dir='ltr'>quum</span> <span class='ocrx_word' id='word_1_234' title='bbox 1106 2708 1190 2752; x_wconf 82' lang='lat' dir='ltr'>illis</span> <span class='ocrx_word' id='word_1_235' title='bbox 1214 2722 1371 2751; x_wconf 78' lang='lat' dir='ltr'>nocere</span> <span class='ocrx_word' id='word_1_236' title='bbox 1396 2721 1439 2749; x_wconf 89' lang='lat' dir='ltr'>se</span> <span class='ocrx_word' id='word_1_237' title='bbox 1464 2714 1627 2764; x_wconf 77' lang='lat' dir='ltr'>speret,</span> <span class='ocrx_word' id='word_1_238' title='bbox 1648 2705 1731 2748; x_wconf 86' lang='lat' dir='ltr'>rei-</span> 
     </span>
    </p>
   </div>
   <div class='ocr_carea' id='block_1_4' title="bbox 1893 0 1972 3356">
    <p class='ocr_par' dir='ltr' id='par_1_5' title="bbox 1893 0 1972 3356">
     <span class='ocr_line' id='line_1_32' title="bbox 1893 0 1972 3356; baseline 0 0"><span class='ocrx_word' id='word_1_239' title='bbox 1893 0 1972 3356; x_wconf 95' lang='lat' dir='ltr'> </span> 
     </span>
    </p>
   </div>
  </div>
 </body>
</html>
