1972 3356
374 204 445 241 158
583 205 623 238 C.
652 203 780 238 JULII
810 202 1030 237 (JAESARIS
1060 199 1546 236 COMMENTARIORUM

369 289 444 332 sed
467 290 623 341 Caesar,
656 285 875 346 dispositis
903 300 979 345 per
1005 285 1095 328 vias
1127 283 1402 338 cohortibus,
1428 284 1639 345 impetum
1664 286 1755 345 ejus

369 366 587 412 sustinuit.
615 365 782 409 Eodem
813 374 1009 425 tempore
1038 373 1282 425 pugnatum
1310 372 1375 407 est
1399 363 1455 406 ad
1483 373 1679 424 portum3
1706 381 1755 409 ac

370 447 498 508 longe
542 446 776 490 maximam
814 461 865 489 ea
914 461 979 488 res
1029 443 1176 488 attulit
1225 443 1564 487 dimicationem.
1617 443 1756 488 Simul

369 528 510 584 enini,
559 526 748 570 diductis
797 526 955 587 copiis,
994 523 1193 586 pluribus
1238 525 1317 568 viis
1361 524 1669 586 pugnabatur,
1715 533 1758 568 et

370 625 528 669 magna
566 605 848 651 multitudine
874 622 1004 650 naves
1041 605 1190 668 longas
1215 622 1429 667 occupare
1457 605 1601 648 hostes
1630 620 1759 648 cona-

371 689 554 744 bantur,
592 704 780 749 quarum
819 696 945 731 erant
973 687 1294 748 quinquaginta
1331 683 1493 730 auxilio
1529 685 1668 729 missae
1703 685 1758 729 ad

372 770 654 831 Pompeium,
679 768 923 830 proelioque
946 769 989 812 in
1012 766 1232 812 Thessalia
1257 767 1392 824 facto,
1421 765 1600 811 domum
1627 766 1759 810 redie-

372 861 483 894 rant.
503 849 592 894 Illae
618 851 813 894 triremes
843 866 995 894 omnes
1032 859 1074 893 et
1103 849 1441 910 quinqueremes
1470 857 1619 904 erant,
1648 858 1759 909 aptae

373 932 682 991 instructaeque
697 931 900 974 omnibus
924 930 1053 974 rebus
1073 931 1127 973 ad
1144 929 1457 991 navigandum.
1479 931 1639 972 Praeter
1659 929 1759 983 has,

371 1011 468 1055 duae
492 1022 534 1055 et
559 1012 738 1072 viginti,
766 1027 862 1071 quae
880 1009 1071 1072 praesidii
1095 1026 1224 1053 causa
1247 1009 1521 1053 Alexandriae
1545 1026 1638 1053 esse
1659 1026 1761 1053 eon-

372 1101 636 1148 sueverant,
677 1099 907 1134 constratae
940 1106 1132 1134 omnes:
1174 1105 1282 1150 quas
1329 1090 1363 1132 si
1404 1089 1760 1149 occupavissent,

372 1172 507 1217 classe
531 1172 691 1217 Caesari
717 1181 893 1233 erepta,
918 1180 1097 1233 portum
1122 1187 1170 1214 ac
1200 1186 1318 1214 mare
1343 1179 1481 1214 totum
1514 1169 1558 1212 in
1579 1185 1656 1213 sua
1681 1186 1760 1230 po-

376 1262 524 1297 testate
551 1252 785 1306 haberent,
812 1261 1056 1296 commeatu
1084 1250 1343 1311 auxiliisque
1369 1251 1586 1294 Caesarem
1615 1249 1764 1310 prohi-

376 1334 544 1378 berent.
574 1335 726 1394 ltaque
757 1343 876 1377 tanta
911 1342 975 1376 est
1006 1333 1287 1376 contentione
1313 1340 1478 1387 actum,
1506 1339 1668 1391 quanta
1693 1331 1763 1391 agi

374 1415 546 1472 debuit,
564 1431 699 1475 quum
726 1412 788 1457 illi
813 1412 997 1457 celerem
1024 1414 1067 1456 in
1091 1429 1139 1456 ea
1161 1429 1207 1456 re
1232 1412 1481 1468 victoriam,
1505 1411 1549 1455 hi
1576 1410 1762 1455 salutem

373 1511 494 1539 suam
523 1495 757 1539 consistere
784 1494 995 1537 viderent.
1028 1492 1112 1537 Sed
1139 1509 1229 1536 rem
1259 1492 1450 1536 obtinuit
1478 1494 1644 1550 Caesar3
1671 1508 1764 1535 om-

375 1592 536 1636 nesque
563 1592 634 1619 eas
659 1591 811 1631 naves,
846 1584 887 1618 et
912 1573 1121 1634 reliquas,
1155 1589 1252 1633 quae
1283 1582 1410 1616 erant
1439 1574 1483 1616 in
1510 1571 1762 1629 navalibus,

375 1655 589 1714 incendit,
608 1655 729 1717 quod
753 1666 840 1699 tam
870 1654 954 1699 late
970 1656 1082 1699 tueri
1114 1664 1200 1698 tam
1234 1670 1367 1715 parva
1403 1670 1536 1698 manu
1562 1671 1650 1698 non
1686 1670 1764 1716 po-

377 1747 508 1794 terat3
529 1737 848 1797 confestimque
868 1736 923 1779 ad
949 1736 1140 1779 Pharum
1163 1735 1346 1777 navibus
1372 1733 1528 1778 milites
1545 1736 1760 1796 exposuit.

439 1819 577 1862 CXII.
604 1817 772 1861 Pharus
796 1826 860 1860 est
887 1818 929 1859 in
960 1815 1101 1860 insula
1127 1816 1284 1870 turris,
1315 1831 1472 1876 magna
1507 1813 1764 1872 altitudine,

377 1898 568 1943 mirificis
604 1899 810 1960 operibus
845 1907 1087 1953 exstructa,
1116 1913 1211 1957 quae
1247 1912 1406 1939 nomen
1441 1895 1495 1939 ab
1524 1894 1664 1940 insula
1697 1912 1766 1940 ac-

375 1980 505 2041 ecpit.
537 1981 639 2023 Haec
673 1977 834 2035 insula,
859 1978 1030 2038 objecta
1059 1976 1355 2033 Alexandriae,
1384 1987 1561 2037 portum
1593 1976 1726 2022 efficit
1754 1995 1764 2022 :

379 2061 452 2104 sed
495 2077 520 2104 a
553 2059 853 2121 superioribus
893 2058 1067 2119 regibus
1113 2059 1156 2101 in
1188 2057 1508 2119 longitudinem
1555 2074 1763 2120 passuum

380 2157 524 2187 Deccc
549 2142 592 2185 in
628 2157 746 2185 mare
768 2140 897 2201 jactis
926 2138 1135 2195 molibus,
1168 2147 1355 2200 angusto
1382 2139 1536 2183 itinere
1561 2148 1603 2183 et
1631 2148 1766 2201 ponte

380 2240 478 2266 cuni
508 2222 671 2283 oppido
699 2221 996 2282 conjungitur.
1024 2222 1074 2264 In
1111 2220 1192 2264 hac
1223 2229 1326 2264 sunt
1367 2218 1508 2264 insula
1546 2218 1767 2264 domicilia

383 2305 711 2365 AEgyptiorum,
745 2312 787 2346 et
826 2303 967 2357 vicus,
1008 2301 1159 2362 oppidi
1199 2299 1501 2362 magnitudine
1537 2318 1546 2344 ε
1584 2316 1767 2361 quaeque

384 2386 546 2445 ubique
574 2400 704 2428 naves
731 2382 1023 2444 imprudentia
1049 2392 1124 2427 aut
1150 2392 1406 2444 tempestate
1429 2380 1657 2443 paululum
1685 2397 1765 2426 suo

383 2482 514 2510 cursu
535 2464 817 2521 decesserint,
841 2464 918 2507 has
945 2480 1065 2507 more
1088 2463 1347 2525 praedonum
1373 2463 1562 2524 diripere
1589 2478 1767 2506 consue-

386 2555 557 2590 verunt.
583 2547 640 2589 Iis
665 2557 811 2589 autem
840 2544 1009 2598 invitis,
1032 2561 1054 2587 a
1078 2544 1237 2605 quibus
1260 2545 1428 2588 Pharus
1453 2552 1648 2595 tenetur,
1675 2559 1764 2587 non

387 2637 528 2688 potest
554 2645 664 2683 esse,
688 2637 868 2688 propter
885 2627 1129 2687 angustias,
1152 2627 1336 2670 navibus
1368 2625 1572 2669 introitus
1596 2625 1639 2668 in
1663 2641 1766 2685 por-
