1972 3356
466 289 533 326 DE
561 289 723 325 BELLO
756 288 976 325 GALLICO
1006 288 1097 323 LIB.
1122 287 1188 323 VI.
1453 284 1524 329 ¹39

132 374 322 418 timahat.
358 373 615 435 Augebatur
647 371 914 418 auxiliorum
941 372 1140 434 quotidie
1167 387 1277 432 spes.
1304 367 1525 429 Loquitur

131 456 174 499 in
213 454 403 499 concilio
439 453 605 516 palam,
630 474 651 496 »
682 454 892 514 quoniam
925 453 1135 498 Germani
1167 449 1525 513 appropinquare

131 534 355 592 dicantur,
378 552 470 580 sese
493 551 592 579 suas
617 536 922 593 exercitusque
945 533 1142 577 fortunas
1162 533 1207 576 in
1230 531 1415 575 dubium
1436 546 1525 573 non

131 614 468 673 devocaturum,
499 626 543 660 et
578 625 755 677 postero
794 614 864 658 die
894 614 1037 675 prima
1066 612 1164 657 luce
1200 622 1341 657 castra
1383 620 1529 655 motu-

130 714 243 742 rum.
269 718 290 739 »
314 696 528 742 Celeriter
551 697 644 741 haec
669 696 724 739 ad
743 696 891 740 hostes
913 695 1192 750 deferuntur,
1217 703 1268 737 ut
1291 710 1343 736 ex
1365 708 1527 753 magno

132 776 365 823 Gallorum
387 778 609 838 equitatus
633 792 819 821 numero
845 774 1084 820 nonnullos
1108 773 1290 820 Gallicis
1314 772 1446 817 rebus
1469 773 1530 815 fa-

131 876 232 903 vere
262 867 421 903 natura
445 858 643 921 cogebat.
676 857 897 902 Labienus
926 865 1088 912 noctu,
1116 855 1305 900 tribunis
1333 852 1527 897 militum

131 940 373 1002 primisque
399 939 631 984 ordinibus
658 939 842 994 coactis,
868 937 975 999 quid
1002 937 1089 981 suis
1116 936 1173 981 sit
1201 934 1392 991 consilii,
1423 951 1528 997 pro-

133 1020 275 1082 ponit,
307 1031 350 1066 et
373 1037 462 1082 quo
488 1019 658 1065 facilius
687 1019 887 1065 hostibus
911 1018 1083 1063 timoris
1108 1017 1184 1062 det
1204 1017 1499 1078 suspicionem
1518 1052 1528 1067 ,

136 1103 300 1164 majore
328 1103 516 1164 strepitu
544 1111 585 1146 et
623 1100 840 1158 tumultu,
874 1117 1006 1162 quam
1043 1097 1197 1161 populi
1234 1098 1409 1142 romani
1444 1097 1528 1140 fert

132 1184 428 1241 consuetudo,
444 1193 588 1229 castra
607 1184 777 1228 moveri
796 1182 935 1243 jubet.
958 1181 1036 1225 His
1057 1180 1187 1224 rebus
1210 1179 1324 1241 fugae
1343 1177 1529 1223 similem

133 1265 451 1326 profectionem
484 1265 631 1310 efficit.
656 1267 761 1309 Haec
784 1279 961 1324 quoque
992 1278 1071 1323 per
1098 1259 1399 1322 exploratores
1429 1269 1530 1304 ante

133 1344 305 1403 lucem,
331 1348 376 1390 in
403 1356 524 1391 tanta
553 1346 887 1407 propinquitate
910 1351 1178 1398 castrorum,
1202 1342 1258 1386 ad
1283 1342 1429 1386 hostes
1459 1340 1532 1385 de-

134 1426 346 1472 feruntur.

196 1509 316 1553 VIII.
347 1507 435 1552 Vix
466 1526 625 1571 agmen
659 1510 950 1554 novissimum
974 1518 1097 1553 extra
1127 1507 1400 1551 munitiones
1430 1521 1533 1566 pro-

132 1599 338 1646 cesserat,
368 1607 506 1650 quum
531 1589 672 1647 Galli,
705 1590 927 1635 cohortati
956 1591 1072 1634 inter
1096 1606 1161 1645 se,
1188 1605 1282 1632 «ne
1311 1596 1533 1648 speratam

132 1671 324 1731 praedam
345 1689 397 1716 ex
419 1660 626 1717 'manibus
650 1671 954 1728 dimitterent3
976 1671 1160 1734 longum
1187 1686 1299 1727 esse,
1324 1668 1534 1730 perterri-

132 1752 186 1796 tis
218 1754 449 1809 Romanis,
477 1755 809 1799 Germanorum
845 1752 1060 1798 auxilium
1083 1761 1364 1813 exspectare;
1391 1766 1534 1810 neque

130 1849 252 1877 suam
277 1835 373 1895 pati
401 1834 687 1896 dignitatem,
708 1845 759 1880 ut
782 1836 915 1879 tantis
937 1835 1075 1895 copiis
1099 1844 1187 1878 tam
1213 1834 1417 1895 exiguam
1443 1847 1529 1874 ma-

131 1930 257 1970 num,
279 1917 522 1976 praesertim
542 1916 787 1978 fugientem
810 1925 944 1976 atque
965 1915 1246 1975 impeditam,
1265 1914 1430 1958 adoriri
1445 1929 1535 1956 non

130 1994 376 2051 audeant3»
398 1996 565 2041 flumen
590 1998 798 2051 transire,
823 2007 864 2040 et
894 1996 1047 2057 iniquo
1070 1994 1167 2040 loco
1190 1993 1397 2056 proelium
1420 2010 1536 2038 com-

130 2075 306 2120 mittere
330 2094 419 2121 non
447 2077 667 2122 dubitant.
692 2078 805 2136 Quae
834 2077 928 2123 fore
951 2077 1197 2138 suspicatus
1222 2076 1465 2129 Labienus,
1489 2084 1536 2118 ut

130 2173 283 2202 omnes
308 2159 417 2202 citra
443 2158 608 2203 flumen
629 2158 830 2214 eliceret,
855 2158 1007 2203 eadem
1030 2174 1135 2202 usus
1160 2155 1443 2201 simulatione
1468 2156 1536 2199 iti-

130 2239 267 2295 neris,
295 2238 469 2300 placide
501 2239 882 2302 progrediebatur.
911 2242 1046 2296 Tum,
1080 2239 1316 2300 praemissis
1350 2236 1535 2299 paulum

129 2319 476 2381 impedimentis,
498 2318 632 2382 atque
652 2322 698 2365 in
720 2321 893 2366 tumulo
912 2320 1110 2382 quodam
1131 2318 1359 2364 collocatis
1379 2336 1387 2362 :
1406 2338 1427 2361 c<
1445 2321 1534 2363 Ha-

127 2400 240 2445 betis
256 2436 267 2457 ,
292 2401 464 2462 inquit,
485 2401 670 2459 milites,
693 2420 826 2464 quam
846 2404 1018 2464 petistis
1034 2437 1045 2459 ,
1066 2400 1347 2454 facultatem3
1362 2402 1534 2445 hostem

128 2481 345 2543 impedito
365 2493 498 2544 atque
514 2484 668 2544 iniquo
690 2482 787 2528 loco
809 2485 966 2529 tenetis
989 2502 999 2528 ι
1018 2493 1222 2546 praestate
1241 2481 1443 2527 eamdem
1462 2499 1536 2525 no-

127 2564 192 2607 bis
210 2563 394 2608 ducibus
414 2565 628 2609 virtutem
645 2601 656 2621 ,
674 2582 809 2626 quam
828 2581 1131 2626 saepenumero
1150 2564 1410 2625 imperatori
1428 2579 1535 2624 prae-

127 2644 299 2716 stitistis
320 2661 330 2688 :
350 2646 502 2690 adesse
521 2663 643 2700 eum,
665 2656 709 2690 et
728 2646 821 2690 haec
839 2663 989 2691 coram
1009 2662 1209 2701 cernere,
1231 2645 1491 2689 existimate.
1511 2663 1534 2685 »

128 2725 267 2769 Simul
291 2727 413 2788 signa
444 2727 498 2771 ad
529 2728 700 2771 hostem
728 2728 928 2772 converti
954 2728 1183 2789 aciemque
1215 2726 1346 2788 dirigi
1368 2724 1522 2786 jubet:
