<?xml version="1.0" encoding="UTF-8"?>
<!DOCTYPE html PUBLIC "-//W3C//DTD XHTML 1.0 Transitional//EN"
    "http://www.w3.org/TR/xhtml1/DTD/xhtml1-transitional.dtd">
<html xmlns="http://www.w3.org/1999/xhtml" xml:lang="en" lang="en">
 <head>
  <title>
</title>
<meta http-equiv="Content-Type" content="text/html;charset=utf-8" />
  <meta name='ocr-system' content='tesseract 3.04.00' />
  <meta name='ocr-capabilities' content='ocr_page ocr_carea ocr_par ocr_line ocrx_word'/>
</head>
<body>
  <div class='ocr_page' id='page_1' title='image "./operajoh0102caesuoft_0500.png"; bbox 0 0 1972 3356; ppageno 0'>
   <div class='ocr_carea' id='block_1_1' title="bbox 389 265 1550 321">
    <p class='ocr_par' dir='ltr' id='par_1_1' title="bbox 389 265 1550 321">
     <span class='ocr_line' id='line_1_1' title="bbox 389 265 1550 321; baseline -0.005 -14"><span class='ocrx_word' id='word_1_1' title='bbox 389 276 458 321; x_wconf 74' lang='lat'>194</span> <span class='ocrx_word' id='word_1_2' title='bbox 620 271 659 303; x_wconf 90' lang='lat' dir='ltr'>C.</span> <span class='ocrx_word' id='word_1_3' title='bbox 687 267 815 303; x_wconf 82' lang='lat' dir='ltr'>JULII</span> <span class='ocrx_word' id='word_1_4' title='bbox 846 266 1073 302; x_wconf 82' lang='lat' dir='ltr'>CAESARIS</span> <span class='ocrx_word' id='word_1_5' title='bbox 1103 265 1370 301; x_wconf 86' lang='lat' dir='ltr'>COMMENT.</span> <span class='ocrx_word' id='word_1_6' title='bbox 1403 267 1550 301; x_wconf 79' lang='lat' dir='ltr'>LIBER</span> 
     </span>
    </p>
   </div>
   <div class='ocr_carea' id='block_1_2' title="bbox 373 349 1784 2749">
    <p class='ocr_par' dir='ltr' id='par_1_2' title="bbox 381 349 1782 1382">
     <span class='ocr_line' id='line_1_2' title="bbox 382 349 1776 413; baseline -0.004 -13"><span class='ocrx_word' id='word_1_7' title='bbox 382 374 437 401; x_wconf 83' lang='lat' dir='ltr'>aes</span> <span class='ocrx_word' id='word_1_8' title='bbox 461 355 651 399; x_wconf 89' lang='lat' dir='ltr'>alienum</span> <span class='ocrx_word' id='word_1_9' title='bbox 678 351 948 413; x_wconf 87' lang='lat' dir='ltr'>gravissimis</span> <span class='ocrx_word' id='word_1_10' title='bbox 970 349 1177 394; x_wconf 85' lang='lat' dir='ltr'>oneribus</span> <span class='ocrx_word' id='word_1_11' title='bbox 1200 349 1436 410; x_wconf 82' lang='lat' dir='ltr'>provinciae</span> <span class='ocrx_word' id='word_1_12' title='bbox 1461 350 1690 394; x_wconf 88' lang='lat' dir='ltr'>constituit</span> <span class='ocrx_word' id='word_1_13' title='bbox 1707 368 1776 395; x_wconf 87' lang='lat' dir='ltr'>ex—</span> 
     </span>
     <span class='ocr_line' id='line_1_3' title="bbox 383 429 1776 493; baseline -0.004 -12"><span class='ocrx_word' id='word_1_14' title='bbox 383 435 570 492; x_wconf 85' lang='lat' dir='ltr'>solvere,</span> <span class='ocrx_word' id='word_1_15' title='bbox 599 444 667 491; x_wconf 90' lang='lat' dir='ltr'>et,</span> <span class='ocrx_word' id='word_1_16' title='bbox 695 442 744 477; x_wconf 87' lang='lat' dir='ltr'>ut</span> <span class='ocrx_word' id='word_1_17' title='bbox 771 430 1017 493; x_wconf 83' lang='lat' dir='ltr'>largitionis</span> <span class='ocrx_word' id='word_1_18' title='bbox 1044 429 1240 492; x_wconf 88' lang='lat' dir='ltr'>postulat</span> <span class='ocrx_word' id='word_1_19' title='bbox 1259 429 1557 487; x_wconf 81' lang='lat' dir='ltr'>consuetudo,</span> <span class='ocrx_word' id='word_1_20' title='bbox 1581 447 1660 491; x_wconf 91' lang='lat' dir='ltr'>per</span> <span class='ocrx_word' id='word_1_21' title='bbox 1679 448 1776 476; x_wconf 85' lang='lat' dir='ltr'>cau-</span> 
     </span>
     <span class='ocr_line' id='line_1_4' title="bbox 383 509 1777 575; baseline -0.004 -14"><span class='ocrx_word' id='word_1_22' title='bbox 383 534 473 561; x_wconf 92' lang='lat' dir='ltr'>sam</span> <span class='ocrx_word' id='word_1_23' title='bbox 500 514 773 560; x_wconf 81' lang='lat' dir='ltr'>liberalitatis</span> <span class='ocrx_word' id='word_1_24' title='bbox 797 512 1039 575; x_wconf 83' lang='lat' dir='ltr'>speciosam</span> <span class='ocrx_word' id='word_1_25' title='bbox 1063 510 1191 574; x_wconf 90' lang='lat' dir='ltr'>plura</span> <span class='ocrx_word' id='word_1_26' title='bbox 1220 509 1420 572; x_wconf 85' lang='lat' dir='ltr'>largitori</span> <span class='ocrx_word' id='word_1_27' title='bbox 1446 511 1777 571; x_wconf 81' lang='lat' dir='ltr'>quaerebantur,</span> 
     </span>
     <span class='ocr_line' id='line_1_5' title="bbox 381 592 1776 658; baseline -0.004 -17"><span class='ocrx_word' id='word_1_28' title='bbox 381 597 576 658; x_wconf 84' lang='lat' dir='ltr'>pecuniae</span> <span class='ocrx_word' id='word_1_29' title='bbox 602 593 897 657; x_wconf 84' lang='lat' dir='ltr'>locupletibus</span> <span class='ocrx_word' id='word_1_30' title='bbox 920 592 1280 654; x_wconf 74' lang='lat' dir='ltr'>imperabantur,</span> <span class='ocrx_word' id='word_1_31' title='bbox 1309 608 1419 652; x_wconf 88' lang='lat' dir='ltr'>quas</span> <span class='ocrx_word' id='word_1_32' title='bbox 1442 592 1672 653; x_wconf 84' lang='lat' dir='ltr'>Longinus</span> <span class='ocrx_word' id='word_1_33' title='bbox 1695 592 1776 636; x_wconf 89' lang='lat' dir='ltr'>sibi</span> 
     </span>
     <span class='ocr_line' id='line_1_6' title="bbox 381 672 1774 740; baseline -0.004 -18"><span class='ocrx_word' id='word_1_34' title='bbox 381 694 590 740; x_wconf 87' lang='lat' dir='ltr'>expensas</span> <span class='ocrx_word' id='word_1_35' title='bbox 611 676 712 721; x_wconf 85' lang='lat' dir='ltr'>ferri</span> <span class='ocrx_word' id='word_1_36' title='bbox 735 693 824 720; x_wconf 92' lang='lat' dir='ltr'>non</span> <span class='ocrx_word' id='word_1_37' title='bbox 847 684 1018 719; x_wconf 90' lang='lat' dir='ltr'>tantum</span> <span class='ocrx_word' id='word_1_38' title='bbox 1036 673 1306 735; x_wconf 88' lang='lat' dir='ltr'>patiebatur,</span> <span class='ocrx_word' id='word_1_39' title='bbox 1327 672 1401 716; x_wconf 89' lang='lat' dir='ltr'>sed</span> <span class='ocrx_word' id='word_1_40' title='bbox 1417 673 1548 716; x_wconf 89' lang='lat' dir='ltr'>etiam</span> <span class='ocrx_word' id='word_1_41' title='bbox 1574 672 1774 734; x_wconf 85' lang='lat' dir='ltr'>cogebat.</span> 
     </span>
     <span class='ocr_line' id='line_1_7' title="bbox 381 754 1771 820; baseline -0.004 -17"><span class='ocrx_word' id='word_1_42' title='bbox 381 761 432 803; x_wconf 92' lang='lat' dir='ltr'>In</span> <span class='ocrx_word' id='word_1_43' title='bbox 459 775 637 820; x_wconf 84' lang='lat' dir='ltr'><strong>gregem</strong></span> <span class='ocrx_word' id='word_1_44' title='bbox 663 755 953 819; x_wconf 84' lang='lat' dir='ltr'>locupletium</span> <span class='ocrx_word' id='word_1_45' title='bbox 980 754 1255 800; x_wconf 84' lang='lat' dir='ltr'>simultatum</span> <span class='ocrx_word' id='word_1_46' title='bbox 1283 771 1422 799; x_wconf 87' lang='lat' dir='ltr'>causae</span> <span class='ocrx_word' id='word_1_47' title='bbox 1453 764 1602 798; x_wconf 91' lang='lat' dir='ltr'>tenues</span> <span class='ocrx_word' id='word_1_48' title='bbox 1630 754 1771 815; x_wconf 85' lang='lat' dir='ltr'>conji-</span> 
     </span>
     <span class='ocr_line' id='line_1_8' title="bbox 382 835 1780 899; baseline -0.004 -16"><span class='ocrx_word' id='word_1_49' title='bbox 382 839 631 894; x_wconf 86' lang='lat' dir='ltr'>ciebantur;</span> <span class='ocrx_word' id='word_1_50' title='bbox 656 855 796 899; x_wconf 88' lang='lat' dir='ltr'>neque</span> <span class='ocrx_word' id='word_1_51' title='bbox 821 836 961 882; x_wconf 90' lang='lat' dir='ltr'>ullum</span> <span class='ocrx_word' id='word_1_52' title='bbox 982 853 1119 898; x_wconf 90' lang='lat' dir='ltr'>genus</span> <span class='ocrx_word' id='word_1_53' title='bbox 1140 845 1352 897; x_wconf 78' lang='lat' dir='ltr'>quaestus,</span> <span class='ocrx_word' id='word_1_54' title='bbox 1372 846 1448 879; x_wconf 91' lang='lat' dir='ltr'>aut</span> <span class='ocrx_word' id='word_1_55' title='bbox 1463 835 1613 897; x_wconf 87' lang='lat' dir='ltr'>magni</span> <span class='ocrx_word' id='word_1_56' title='bbox 1632 845 1674 879; x_wconf 90' lang='lat' dir='ltr'>et</span> <span class='ocrx_word' id='word_1_57' title='bbox 1696 835 1780 879; x_wconf 90' lang='lat' dir='ltr'>evi-</span> 
     </span>
     <span class='ocr_line' id='line_1_9' title="bbox 382 914 1779 978; baseline -0.004 -14"><span class='ocrx_word' id='word_1_58' title='bbox 382 920 554 978; x_wconf 88' lang='lat' dir='ltr'>dentis,</span> <span class='ocrx_word' id='word_1_59' title='bbox 578 929 654 964; x_wconf 87' lang='lat' dir='ltr'>aut</span> <span class='ocrx_word' id='word_1_60' title='bbox 674 919 844 963; x_wconf 83' lang='lat' dir='ltr'>minimi</span> <span class='ocrx_word' id='word_1_61' title='bbox 866 928 908 962; x_wconf 85' lang='lat' dir='ltr'>et</span> <span class='ocrx_word' id='word_1_62' title='bbox 930 916 1115 973; x_wconf 80' lang='lat' dir='ltr'>sordidi,</span> <span class='ocrx_word' id='word_1_63' title='bbox 1137 916 1574 978; x_wconf 63' lang='lat' dir='ltr'>praetermittebatur,</span> <span class='ocrx_word' id='word_1_64' title='bbox 1595 933 1684 977; x_wconf 91' lang='lat' dir='ltr'>quo</span> <span class='ocrx_word' id='word_1_65' title='bbox 1705 914 1779 959; x_wconf 93' lang='lat' dir='ltr'>do-</span> 
     </span>
     <span class='ocr_line' id='line_1_10' title="bbox 383 997 1778 1059; baseline -0.004 -14"><span class='ocrx_word' id='word_1_66' title='bbox 383 1018 480 1045; x_wconf 84' lang='lat' dir='ltr'>mus</span> <span class='ocrx_word' id='word_1_67' title='bbox 508 1010 550 1045; x_wconf 88' lang='lat' dir='ltr'>et</span> <span class='ocrx_word' id='word_1_68' title='bbox 591 998 784 1044; x_wconf 89' lang='lat' dir='ltr'>tribunal</span> <span class='ocrx_word' id='word_1_69' title='bbox 824 998 1103 1059; x_wconf 87' lang='lat' dir='ltr'>imperatoris</span> <span class='ocrx_word' id='word_1_70' title='bbox 1144 1007 1329 1041; x_wconf 85' lang='lat' dir='ltr'>vacaret.</span> <span class='ocrx_word' id='word_1_71' title='bbox 1367 999 1509 1042; x_wconf 89' lang='lat' dir='ltr'>Nemo</span> <span class='ocrx_word' id='word_1_72' title='bbox 1547 1007 1657 1053; x_wconf 90' lang='lat' dir='ltr'>erat,</span> <span class='ocrx_word' id='word_1_73' title='bbox 1702 997 1778 1057; x_wconf 89' lang='lat' dir='ltr'>qui</span> 
     </span>
     <span class='ocr_line' id='line_1_11' title="bbox 383 1077 1780 1140; baseline -0.004 -15"><span class='ocrx_word' id='word_1_74' title='bbox 383 1081 515 1125; x_wconf 86' lang='lat' dir='ltr'>modo</span> <span class='ocrx_word' id='word_1_75' title='bbox 540 1079 733 1140; x_wconf 88' lang='lat' dir='ltr'>aliquam</span> <span class='ocrx_word' id='word_1_76' title='bbox 752 1079 972 1140; x_wconf 81' lang='lat' dir='ltr'>jacturam</span> <span class='ocrx_word' id='word_1_77' title='bbox 999 1077 1144 1121; x_wconf 86' lang='lat' dir='ltr'>facere</span> <span class='ocrx_word' id='word_1_78' title='bbox 1167 1087 1334 1138; x_wconf 88' lang='lat' dir='ltr'>posset,</span> <span class='ocrx_word' id='word_1_79' title='bbox 1360 1078 1468 1137; x_wconf 90' lang='lat' dir='ltr'>quin</span> <span class='ocrx_word' id='word_1_80' title='bbox 1494 1087 1570 1121; x_wconf 88' lang='lat' dir='ltr'>aut</span> <span class='ocrx_word' id='word_1_81' title='bbox 1590 1077 1780 1121; x_wconf 87' lang='lat' dir='ltr'>vadimo-</span> 
     </span>
     <span class='ocr_line' id='line_1_12' title="bbox 384 1157 1780 1219; baseline -0.004 -14"><span class='ocrx_word' id='word_1_82' title='bbox 384 1163 457 1205; x_wconf 84' lang='lat' dir='ltr'>nio</span> <span class='ocrx_word' id='word_1_83' title='bbox 485 1171 735 1215; x_wconf 80' lang='lat' dir='ltr'>teneretur,</span> <span class='ocrx_word' id='word_1_84' title='bbox 761 1168 836 1203; x_wconf 91' lang='lat' dir='ltr'>aut</span> <span class='ocrx_word' id='word_1_85' title='bbox 867 1159 911 1202; x_wconf 90' lang='lat' dir='ltr'>in</span> <span class='ocrx_word' id='word_1_86' title='bbox 940 1174 1037 1202; x_wconf 86' lang='lat' dir='ltr'>reos</span> <span class='ocrx_word' id='word_1_87' title='bbox 1072 1157 1325 1202; x_wconf 84' lang='lat' dir='ltr'>referretur.</span> <span class='ocrx_word' id='word_1_88' title='bbox 1354 1159 1422 1201; x_wconf 90' lang='lat' dir='ltr'>Ita</span> <span class='ocrx_word' id='word_1_89' title='bbox 1450 1173 1609 1219; x_wconf 86' lang='lat' dir='ltr'>magna</span> <span class='ocrx_word' id='word_1_90' title='bbox 1649 1157 1780 1201; x_wconf 89' lang='lat' dir='ltr'>etiam</span> 
     </span>
     <span class='ocr_line' id='line_1_13' title="bbox 383 1237 1782 1301; baseline -0.004 -16"><span class='ocrx_word' id='word_1_91' title='bbox 383 1240 631 1285; x_wconf 88' lang='lat' dir='ltr'>sollicitudo</span> <span class='ocrx_word' id='word_1_92' title='bbox 661 1238 959 1301; x_wconf 81' lang='lat' dir='ltr'>periculorum</span> <span class='ocrx_word' id='word_1_93' title='bbox 989 1237 1044 1282; x_wconf 90' lang='lat' dir='ltr'>ad</span> <span class='ocrx_word' id='word_1_94' title='bbox 1067 1238 1262 1299; x_wconf 86' lang='lat' dir='ltr'>jacturas</span> <span class='ocrx_word' id='word_1_95' title='bbox 1287 1247 1330 1281; x_wconf 91' lang='lat' dir='ltr'>et</span> <span class='ocrx_word' id='word_1_96' title='bbox 1355 1237 1618 1282; x_wconf 83' lang='lat' dir='ltr'>detrimenta</span> <span class='ocrx_word' id='word_1_97' title='bbox 1635 1238 1697 1282; x_wconf 88' lang='lat' dir='ltr'>rei</span> <span class='ocrx_word' id='word_1_98' title='bbox 1724 1237 1782 1281; x_wconf 90' lang='lat' dir='ltr'>fa-</span> 
     </span>
     <span class='ocr_line' id='line_1_14' title="bbox 385 1320 932 1382; baseline -0.002 -17"><span class='ocrx_word' id='word_1_99' title='bbox 385 1320 566 1366; x_wconf 88' lang='lat' dir='ltr'>miliaris</span> <span class='ocrx_word' id='word_1_100' title='bbox 594 1320 932 1382; x_wconf 84' lang='lat' dir='ltr'>adjungebatur.</span> 
     </span>
    </p>

    <p class='ocr_par' dir='ltr' id='par_1_3' title="bbox 373 1401 1784 2348">
     <span class='ocr_line' id='line_1_15' title="bbox 447 1401 1780 1462; baseline -0.002 -15"><span class='ocrx_word' id='word_1_101' title='bbox 447 1405 499 1447; x_wconf 90' lang='lat' dir='ltr'>L.</span> <span class='ocrx_word' id='word_1_102' title='bbox 529 1402 705 1461; x_wconf 88' lang='lat' dir='ltr'>Quibus</span> <span class='ocrx_word' id='word_1_103' title='bbox 733 1401 786 1446; x_wconf 91' lang='lat' dir='ltr'>de</span> <span class='ocrx_word' id='word_1_104' title='bbox 821 1402 960 1446; x_wconf 86' lang='lat' dir='ltr'>causis</span> <span class='ocrx_word' id='word_1_105' title='bbox 996 1401 1176 1456; x_wconf 87' lang='lat' dir='ltr'>accidit,</span> <span class='ocrx_word' id='word_1_106' title='bbox 1205 1411 1279 1454; x_wconf 84' lang='lat' dir='ltr'>ut,</span> <span class='ocrx_word' id='word_1_107' title='bbox 1313 1418 1452 1461; x_wconf 90' lang='lat' dir='ltr'>quum</span> <span class='ocrx_word' id='word_1_108' title='bbox 1477 1402 1674 1462; x_wconf 88' lang='lat' dir='ltr'>Longius</span> <span class='ocrx_word' id='word_1_109' title='bbox 1699 1401 1780 1445; x_wconf 90' lang='lat' dir='ltr'>im-</span> 
     </span>
     <span class='ocr_line' id='line_1_16' title="bbox 384 1480 1780 1545; baseline -0.001 -18"><span class='ocrx_word' id='word_1_110' title='bbox 384 1493 562 1545; x_wconf 87' lang='lat' dir='ltr'>perator</span> <span class='ocrx_word' id='word_1_111' title='bbox 587 1482 737 1527; x_wconf 90' lang='lat' dir='ltr'>eadem</span> <span class='ocrx_word' id='word_1_112' title='bbox 758 1482 939 1535; x_wconf 86' lang='lat' dir='ltr'>faceret,</span> <span class='ocrx_word' id='word_1_113' title='bbox 958 1499 1055 1542; x_wconf 88' lang='lat' dir='ltr'>quae</span> <span class='ocrx_word' id='word_1_114' title='bbox 1074 1481 1235 1526; x_wconf 79' lang='lat' dir='ltr'>fecerat</span> <span class='ocrx_word' id='word_1_115' title='bbox 1254 1491 1469 1542; x_wconf 78' lang='lat' dir='ltr'>quaestor,</span> <span class='ocrx_word' id='word_1_116' title='bbox 1493 1480 1652 1525; x_wconf 90' lang='lat' dir='ltr'>similia</span> <span class='ocrx_word' id='word_1_117' title='bbox 1680 1499 1780 1526; x_wconf 88' lang='lat' dir='ltr'>rur-</span> 
     </span>
     <span class='ocr_line' id='line_1_17' title="bbox 385 1561 1782 1623; baseline -0.001 -16"><span class='ocrx_word' id='word_1_118' title='bbox 385 1580 457 1607; x_wconf 82' lang='lat' dir='ltr'>sus</span> <span class='ocrx_word' id='word_1_119' title='bbox 493 1563 546 1607; x_wconf 89' lang='lat' dir='ltr'>de</span> <span class='ocrx_word' id='word_1_120' title='bbox 577 1573 715 1607; x_wconf 89' lang='lat' dir='ltr'>morte</span> <span class='ocrx_word' id='word_1_121' title='bbox 735 1563 829 1623; x_wconf 85' lang='lat' dir='ltr'>ejus</span> <span class='ocrx_word' id='word_1_122' title='bbox 858 1561 1149 1623; x_wconf 87' lang='lat' dir='ltr'>provinciales</span> <span class='ocrx_word' id='word_1_123' title='bbox 1183 1561 1365 1606; x_wconf 86' lang='lat' dir='ltr'>consilia</span> <span class='ocrx_word' id='word_1_124' title='bbox 1400 1563 1575 1606; x_wconf 88' lang='lat' dir='ltr'>inirent.</span> <span class='ocrx_word' id='word_1_125' title='bbox 1610 1564 1782 1605; x_wconf 89' lang='lat' dir='ltr'>Horum</span> 
     </span>
     <span class='ocr_line' id='line_1_18' title="bbox 385 1640 1781 1702; baseline 0 -16"><span class='ocrx_word' id='word_1_126' title='bbox 385 1643 534 1687; x_wconf 87' lang='lat' dir='ltr'>odium</span> <span class='ocrx_word' id='word_1_127' title='bbox 563 1642 885 1687; x_wconf 81' lang='lat' dir='ltr'>confirmabant</span> <span class='ocrx_word' id='word_1_128' title='bbox 902 1640 1102 1686; x_wconf 87' lang='lat' dir='ltr'>nonnulli</span> <span class='ocrx_word' id='word_1_129' title='bbox 1128 1641 1359 1685; x_wconf 81' lang='lat' dir='ltr'>familiares</span> <span class='ocrx_word' id='word_1_130' title='bbox 1383 1642 1499 1701; x_wconf 86' lang='lat' dir='ltr'>ejus,</span> <span class='ocrx_word' id='word_1_131' title='bbox 1524 1642 1623 1702; x_wconf 76' lang='lat' dir='ltr'>qui,</span> <span class='ocrx_word' id='word_1_132' title='bbox 1644 1658 1781 1702; x_wconf 87' lang='lat' dir='ltr'>quum</span> 
     </span>
     <span class='ocr_line' id='line_1_19' title="bbox 373 1715 1783 1784; baseline -0.001 -16"><span class='ocrx_word' id='word_1_133' title='bbox 373 1715 430 1768; x_wconf 39' lang='lat' dir='ltr'>&#39;in</span> <span class='ocrx_word' id='word_1_134' title='bbox 455 1723 527 1768; x_wconf 89' lang='lat' dir='ltr'>illa</span> <span class='ocrx_word' id='word_1_135' title='bbox 545 1724 753 1767; x_wconf 87' lang='lat' dir='ltr'>societate</span> <span class='ocrx_word' id='word_1_136' title='bbox 767 1732 1050 1766; x_wconf 85' lang='lat' dir='ltr'>versarentur</span> <span class='ocrx_word' id='word_1_137' title='bbox 1064 1723 1320 1784; x_wconf 81' lang='lat' dir='ltr'>rapinarum</span> <span class='ocrx_word' id='word_1_138' title='bbox 1336 1756 1347 1778; x_wconf 89' lang='lat'>,</span> <span class='ocrx_word' id='word_1_139' title='bbox 1364 1721 1501 1766; x_wconf 88' lang='lat' dir='ltr'>nihilo</span> <span class='ocrx_word' id='word_1_140' title='bbox 1522 1723 1666 1766; x_wconf 86' lang='lat' dir='ltr'>minus</span> <span class='ocrx_word' id='word_1_141' title='bbox 1681 1722 1783 1766; x_wconf 88' lang='lat' dir='ltr'>ode-</span> 
     </span>
     <span class='ocr_line' id='line_1_20' title="bbox 387 1802 1783 1864; baseline -0.001 -15"><span class='ocrx_word' id='word_1_142' title='bbox 387 1814 486 1849; x_wconf 86' lang='lat' dir='ltr'>rant</span> <span class='ocrx_word' id='word_1_143' title='bbox 499 1822 621 1860; x_wconf 89' lang='lat' dir='ltr'>enm,</span> <span class='ocrx_word' id='word_1_144' title='bbox 636 1804 761 1864; x_wconf 83' lang='lat' dir='ltr'>cujus</span> <span class='ocrx_word' id='word_1_145' title='bbox 787 1803 964 1847; x_wconf 90' lang='lat' dir='ltr'>nomine</span> <span class='ocrx_word' id='word_1_146' title='bbox 981 1803 1241 1863; x_wconf 78' lang='lat' dir='ltr'>peccabant,</span> <span class='ocrx_word' id='word_1_147' title='bbox 1267 1802 1461 1863; x_wconf 83' lang='lat' dir='ltr'>sibique,</span> <span class='ocrx_word' id='word_1_148' title='bbox 1485 1802 1602 1863; x_wconf 90' lang='lat' dir='ltr'>quod</span> <span class='ocrx_word' id='word_1_149' title='bbox 1626 1819 1783 1864; x_wconf 84' lang='lat' dir='ltr'>rapue-</span> 
     </span>
     <span class='ocr_line' id='line_1_21' title="bbox 386 1881 1783 1945; baseline -0.002 -16"><span class='ocrx_word' id='word_1_150' title='bbox 386 1895 511 1941; x_wconf 85' lang='lat' dir='ltr'>rant,</span> <span class='ocrx_word' id='word_1_151' title='bbox 539 1893 766 1945; x_wconf 90' lang='lat' dir='ltr'>acceptum</span> <span class='ocrx_word' id='word_1_152' title='bbox 797 1883 1067 1938; x_wconf 84' lang='lat' dir='ltr'>referebant,</span> <span class='ocrx_word' id='word_1_153' title='bbox 1100 1882 1219 1943; x_wconf 90' lang='lat' dir='ltr'>quod</span> <span class='ocrx_word' id='word_1_154' title='bbox 1247 1881 1555 1940; x_wconf 86' lang='lat' dir='ltr'>interciderat,</span> <span class='ocrx_word' id='word_1_155' title='bbox 1587 1892 1662 1927; x_wconf 89' lang='lat' dir='ltr'>aut</span> <span class='ocrx_word' id='word_1_156' title='bbox 1690 1892 1783 1926; x_wconf 87' lang='lat' dir='ltr'>erat</span> 
     </span>
     <span class='ocr_line' id='line_1_22' title="bbox 387 1962 1781 2026; baseline -0.002 -17"><span class='ocrx_word' id='word_1_157' title='bbox 387 1964 739 2026; x_wconf 85' lang='lat' dir='ltr'>interpellatum,</span> <span class='ocrx_word' id='word_1_158' title='bbox 777 1965 932 2009; x_wconf 90' lang='lat' dir='ltr'>Cassio</span> <span class='ocrx_word' id='word_1_159' title='bbox 971 1963 1268 2025; x_wconf 87' lang='lat' dir='ltr'>assignabant.</span> <span class='ocrx_word' id='word_1_160' title='bbox 1311 1964 1525 2020; x_wconf 88' lang='lat' dir='ltr'>Quintam</span> <span class='ocrx_word' id='word_1_161' title='bbox 1565 1962 1781 2025; x_wconf 77' lang='lat' dir='ltr'>legionem</span> 
     </span>
     <span class='ocr_line' id='line_1_23' title="bbox 387 2042 1784 2105; baseline -0.002 -16"><span class='ocrx_word' id='word_1_162' title='bbox 387 2062 547 2089; x_wconf 88' lang='lat' dir='ltr'>novam</span> <span class='ocrx_word' id='word_1_163' title='bbox 572 2044 809 2089; x_wconf 89' lang='lat' dir='ltr'>conscribit</span> <span class='ocrx_word' id='word_1_164' title='bbox 837 2062 846 2088; x_wconf 75' lang='grc' dir='ltr'>ε</span> <span class='ocrx_word' id='word_1_165' title='bbox 871 2053 1057 2105; x_wconf 88' lang='lat' dir='ltr'>augetur</span> <span class='ocrx_word' id='word_1_166' title='bbox 1086 2043 1236 2087; x_wconf 90' lang='lat' dir='ltr'>odium</span> <span class='ocrx_word' id='word_1_167' title='bbox 1261 2053 1305 2087; x_wconf 93' lang='lat' dir='ltr'>et</span> <span class='ocrx_word' id='word_1_168' title='bbox 1331 2059 1384 2087; x_wconf 82' lang='lat' dir='ltr'>ex</span> <span class='ocrx_word' id='word_1_169' title='bbox 1413 2044 1508 2104; x_wconf 90' lang='lat' dir='ltr'>ipso</span> <span class='ocrx_word' id='word_1_170' title='bbox 1533 2042 1718 2099; x_wconf 88' lang='lat' dir='ltr'>dilectu,</span> <span class='ocrx_word' id='word_1_171' title='bbox 1742 2053 1784 2087; x_wconf 91' lang='lat' dir='ltr'>et</span> 
     </span>
     <span class='ocr_line' id='line_1_24' title="bbox 389 2123 1784 2186; baseline -0.001 -17"><span class='ocrx_word' id='word_1_172' title='bbox 389 2135 567 2186; x_wconf 89' lang='lat' dir='ltr'>sumptu</span> <span class='ocrx_word' id='word_1_173' title='bbox 585 2124 744 2169; x_wconf 82' lang='lat' dir='ltr'>additae</span> <span class='ocrx_word' id='word_1_174' title='bbox 766 2123 949 2186; x_wconf 85' lang='lat' dir='ltr'>legionis</span> <span class='ocrx_word' id='word_1_175' title='bbox 979 2142 987 2167; x_wconf 93' lang='lat'>:</span> <span class='ocrx_word' id='word_1_176' title='bbox 1011 2123 1295 2185; x_wconf 89' lang='lat' dir='ltr'>complentur</span> <span class='ocrx_word' id='word_1_177' title='bbox 1318 2125 1516 2184; x_wconf 87' lang='lat' dir='ltr'>equitum</span> <span class='ocrx_word' id='word_1_178' title='bbox 1543 2124 1625 2167; x_wconf 86' lang='lat' dir='ltr'>tria</span> <span class='ocrx_word' id='word_1_179' title='bbox 1648 2123 1784 2167; x_wconf 82' lang='lat' dir='ltr'>millia</span> 
     </span>
     <span class='ocr_line' id='line_1_25' title="bbox 390 2203 1784 2267; baseline -0.001 -17"><span class='ocrx_word' id='word_1_180' title='bbox 390 2207 673 2267; x_wconf 85' lang='lat' dir='ltr'>maximisque</span> <span class='ocrx_word' id='word_1_181' title='bbox 691 2215 907 2250; x_wconf 88' lang='lat' dir='ltr'>ornantur</span> <span class='ocrx_word' id='word_1_182' title='bbox 931 2205 1140 2266; x_wconf 91' lang='lat' dir='ltr'>impensis</span> <span class='ocrx_word' id='word_1_183' title='bbox 1160 2222 1265 2249; x_wconf 91' lang='lat' dir='ltr'>:nec</span> <span class='ocrx_word' id='word_1_184' title='bbox 1288 2205 1523 2267; x_wconf 87' lang='lat' dir='ltr'>provinciae</span> <span class='ocrx_word' id='word_1_185' title='bbox 1550 2204 1680 2249; x_wconf 87' lang='lat' dir='ltr'>datur</span> <span class='ocrx_word' id='word_1_186' title='bbox 1694 2203 1784 2248; x_wconf 87' lang='lat' dir='ltr'>ulla</span> 
     </span>
     <span class='ocr_line' id='line_1_26' title="bbox 390 2288 575 2348; baseline 0 -18"><span class='ocrx_word' id='word_1_187' title='bbox 390 2288 575 2348; x_wconf 86' lang='lat' dir='ltr'>requies.</span> 
     </span>
    </p>

    <p class='ocr_par' dir='ltr' id='par_1_4' title="bbox 389 2365 1784 2749">
     <span class='ocr_line' id='line_1_27' title="bbox 451 2365 1782 2428; baseline -0.003 -16"><span class='ocrx_word' id='word_1_188' title='bbox 451 2370 525 2412; x_wconf 94' lang='lat' dir='ltr'>LI.</span> <span class='ocrx_word' id='word_1_189' title='bbox 564 2368 749 2412; x_wconf 90' lang='lat' dir='ltr'>Interim</span> <span class='ocrx_word' id='word_1_190' title='bbox 783 2366 948 2411; x_wconf 87' lang='lat' dir='ltr'>litteras</span> <span class='ocrx_word' id='word_1_191' title='bbox 976 2368 1144 2428; x_wconf 88' lang='lat' dir='ltr'>accepit</span> <span class='ocrx_word' id='word_1_192' title='bbox 1171 2382 1196 2410; x_wconf 89' lang='lat' dir='ltr'>a</span> <span class='ocrx_word' id='word_1_193' title='bbox 1221 2367 1415 2423; x_wconf 83' lang='lat' dir='ltr'>Coesare,</span> <span class='ocrx_word' id='word_1_194' title='bbox 1443 2375 1491 2410; x_wconf 86' lang='lat' dir='ltr'>ut</span> <span class='ocrx_word' id='word_1_195' title='bbox 1518 2366 1561 2409; x_wconf 87' lang='lat' dir='ltr'>in</span> <span class='ocrx_word' id='word_1_196' title='bbox 1590 2365 1782 2410; x_wconf 87' lang='lat' dir='ltr'>Africam</span> 
     </span>
     <span class='ocr_line' id='line_1_28' title="bbox 391 2445 1783 2508; baseline -0.002 -17"><span class='ocrx_word' id='word_1_197' title='bbox 391 2448 631 2491; x_wconf 86' lang='lat' dir='ltr'>exercitum</span> <span class='ocrx_word' id='word_1_198' title='bbox 645 2448 938 2508; x_wconf 84' lang='lat' dir='ltr'>transjiceret,</span> <span class='ocrx_word' id='word_1_199' title='bbox 962 2462 1127 2507; x_wconf 85' lang='lat' dir='ltr'>perque</span> <span class='ocrx_word' id='word_1_200' title='bbox 1151 2447 1466 2491; x_wconf 87' lang='lat' dir='ltr'>Mauritaniam</span> <span class='ocrx_word' id='word_1_201' title='bbox 1489 2445 1543 2490; x_wconf 88' lang='lat' dir='ltr'>ad</span> <span class='ocrx_word' id='word_1_202' title='bbox 1558 2445 1667 2489; x_wconf 84' lang='lat' dir='ltr'>fines</span> <span class='ocrx_word' id='word_1_203' title='bbox 1689 2447 1783 2490; x_wconf 89' lang='lat' dir='ltr'>Nu-</span> 
     </span>
     <span class='ocr_line' id='line_1_29' title="bbox 389 2525 1782 2589; baseline -0.001 -19"><span class='ocrx_word' id='word_1_204' title='bbox 389 2526 532 2571; x_wconf 81' lang='lat' dir='ltr'>midiae</span> <span class='ocrx_word' id='word_1_205' title='bbox 559 2529 834 2589; x_wconf 83' lang='lat' dir='ltr'>perveniret3</span> <span class='ocrx_word' id='word_1_206' title='bbox 873 2527 993 2588; x_wconf 93' lang='lat' dir='ltr'>quod</span> <span class='ocrx_word' id='word_1_207' title='bbox 1020 2544 1179 2589; x_wconf 83' lang='lat' dir='ltr'>magna</span> <span class='ocrx_word' id='word_1_208' title='bbox 1213 2529 1295 2571; x_wconf 93' lang='lat' dir='ltr'>Cn.</span> <span class='ocrx_word' id='word_1_209' title='bbox 1326 2527 1536 2587; x_wconf 88' lang='lat' dir='ltr'>Pompeio</span> <span class='ocrx_word' id='word_1_210' title='bbox 1565 2525 1676 2569; x_wconf 85' lang='lat' dir='ltr'>Juba</span> <span class='ocrx_word' id='word_1_211' title='bbox 1706 2541 1782 2569; x_wconf 76' lang='lat' dir='ltr'>rex</span> 
     </span>
     <span class='ocr_line' id='line_1_30' title="bbox 390 2606 1784 2668; baseline -0.001 -19"><span class='ocrx_word' id='word_1_212' title='bbox 390 2608 564 2651; x_wconf 84' lang='lat' dir='ltr'>miserat</span> <span class='ocrx_word' id='word_1_213' title='bbox 588 2607 768 2665; x_wconf 85' lang='lat' dir='ltr'>auxilia,</span> <span class='ocrx_word' id='word_1_214' title='bbox 797 2607 1050 2668; x_wconf 87' lang='lat' dir='ltr'>majoraque</span> <span class='ocrx_word' id='word_1_215' title='bbox 1073 2609 1285 2652; x_wconf 90' lang='lat' dir='ltr'>missurus</span> <span class='ocrx_word' id='word_1_216' title='bbox 1306 2606 1650 2651; x_wconf 81' lang='lat' dir='ltr'>existimabatur.</span> <span class='ocrx_word' id='word_1_217' title='bbox 1674 2606 1784 2662; x_wconf 85' lang='lat' dir='ltr'>Qui-</span> 
     </span>
     <span class='ocr_line' id='line_1_31' title="bbox 391 2684 1783 2749; baseline -0.001 -21"><span class='ocrx_word' id='word_1_218' title='bbox 391 2686 471 2730; x_wconf 86' lang='lat' dir='ltr'>bus</span> <span class='ocrx_word' id='word_1_219' title='bbox 484 2686 639 2732; x_wconf 85' lang='lat' dir='ltr'>litteris</span> <span class='ocrx_word' id='word_1_220' title='bbox 654 2688 844 2749; x_wconf 90' lang='lat' dir='ltr'>acceptis</span> <span class='ocrx_word' id='word_1_221' title='bbox 857 2722 868 2744; x_wconf 93' lang='lat'>,</span> <span class='ocrx_word' id='word_1_222' title='bbox 885 2686 1091 2731; x_wconf 89' lang='lat' dir='ltr'>insolenti</span> <span class='ocrx_word' id='word_1_223' title='bbox 1107 2687 1333 2747; x_wconf 85' lang='lat' dir='ltr'>voluptate</span> <span class='ocrx_word' id='word_1_224' title='bbox 1358 2685 1645 2741; x_wconf 77' lang='lat' dir='ltr'>efferebatur,</span> <span class='ocrx_word' id='word_1_225' title='bbox 1665 2684 1783 2745; x_wconf 80' lang='lat' dir='ltr'>quod</span> 
     </span>
    </p>
   </div>
  </div>
 </body>
</html>
