1972 3356
395 224 465 259 130
603 226 641 259 C.
668 225 689 258 J
695 224 797 259 ULII
829 223 1044 258 CAESARIS
1073 223 1559 260 COMMENTARIORUM

390 309 537 352 sistere
576 307 836 362 conabatur,
873 317 1003 368 atque
1036 305 1150 350 ultro
1185 308 1229 350 in
1259 317 1428 351 nostros
1467 308 1675 368 impetum
1706 310 1769 355 fa-

389 388 541 431 ciebat.
567 388 800 448 Equitatus
825 388 1032 444 Caesaris,
1057 387 1176 448 quod
1201 397 1386 449 angusto
1411 388 1565 432 itinere
1595 405 1672 450 per
1694 407 1771 452 ag-

389 484 513 529 geres
557 468 841 526 ascendebat,
883 470 1076 530 receptui
1116 485 1195 513 suo
1231 470 1409 523 timens,
1444 468 1618 513 initium
1661 469 1772 532 fugae

388 548 586 593 faciebat.
623 551 840 594 Dextrum
881 567 1043 607 cornu,
1081 549 1200 611 quod
1237 560 1329 594 erat
1363 567 1386 594 a
1425 551 1599 594 sinistro
1635 548 1773 595 seclu-

388 646 510 687 sum,
537 639 703 675 terrore
729 632 926 692 equitum
965 630 1290 687 animadverso,
1327 648 1381 674 ne
1414 631 1529 675 intra
1565 631 1774 675 munitio-

389 727 487 756 nem
522 712 867 774 opprimeretur,
898 729 947 757 ea
972 722 1118 773 parte,
1145 729 1232 774 qua
1263 721 1516 773 proruerat,
1545 727 1636 756 sese
1665 712 1775 756 reci·

389 792 559 852 piebat,
587 809 635 837 ac
663 792 860 855 plerique
887 811 939 838 ex
972 794 1048 850 iis,
1084 810 1138 837 ne
1171 794 1215 837 in
1254 794 1476 855 angustias
1505 792 1772 848 inciderent,

388 873 536 917 decem
576 874 740 935 pedum
775 876 1033 920 munitionis
1073 892 1116 919 se
1150 876 1194 918 in
1234 873 1368 918 fossas
1405 873 1773 935 praecipitabant:

388 955 627 1016 primisque
651 957 890 1018 oppressis,
915 954 1071 1015 reliqui
1094 972 1171 1016 per
1198 956 1355 999 horum
1380 970 1566 1016 corpora
1588 953 1773 999 salutem

388 1036 468 1079 sibi
518 1046 647 1097 atque
695 1038 863 1080 exitum
912 1036 1153 1097 pariebant.
1187 1036 1372 1080 Sinistro
1408 1051 1547 1079 cornu
1593 1033 1773 1090 milites,

388 1133 523 1176 quum
553 1133 604 1160 ex
631 1115 747 1160 vallo
784 1117 1041 1177 Pompeium
1071 1115 1221 1160 adesse
1259 1125 1301 1159 et
1325 1131 1425 1160 suos
1451 1115 1600 1176 fugere
1626 1131 1776 1159 cerne-

388 1207 509 1252 rent,
539 1198 690 1253 veriti,
719 1214 772 1241 ne
798 1198 1010 1259 angustiis
1037 1196 1460 1253 intercluderentur,
1488 1213 1626 1257 quum
1651 1206 1773 1240 extra

386 1287 430 1322 et
451 1277 566 1322 intus
591 1278 761 1323 hostem
782 1278 1015 1335 haberent,
1036 1277 1207 1334 eodem,
1231 1294 1318 1339 quo
1340 1287 1572 1332 venerant,
1598 1286 1775 1338 receptu

387 1358 469 1402 sibi
509 1358 822 1415 consulebant,
863 1360 1097 1420 omniaque
1133 1369 1256 1404 erant
1298 1357 1534 1415 tumultus,
1578 1358 1774 1409 timoris,

387 1441 500 1502 fugae
533 1439 690 1501 plena,
732 1441 840 1485 adeo
878 1451 945 1497 ut,
985 1457 1121 1501 quum
1162 1442 1308 1485 Caesar
1345 1441 1469 1501 signa
1510 1439 1772 1500 fugientium

386 1539 519 1566 manu
552 1522 861 1583 prehenderet,
899 1533 941 1566 et
971 1523 1205 1567 consistere
1227 1522 1423 1582 juberet,
1471 1519 1543 1565 alii
1587 1519 1774 1564 dimissis

386 1604 510 1664 equis·
537 1603 741 1647 eumdem
779 1620 957 1647 cursum
987 1602 1276 1657 conficerent,
1306 1601 1380 1646 alii
1411 1619 1462 1646 ex
1496 1611 1614 1646 metu
1643 1601 1774 1645 etiam

387 1684 511 1745 signa
565 1683 864 1741 dimitterent,
912 1700 1052 1744 neque
1100 1684 1333 1744 quisquam
1379 1683 1560 1727 omnino
1607 1682 1773 1727 consis-

386 1774 511 1808 teret.

450 1847 587 1889 LXX.
635 1846 714 1890 His
746 1846 876 1889 tantis
916 1844 1040 1889 malis
1079 1846 1170 1889 haec
1209 1844 1402 1889 subsidia
1440 1843 1774 1898 succurrebant,

387 1943 473 1986 quo
499 1926 643 1970 minus
669 1927 810 1970 omnis
845 1925 1079 1971 dederetur
1115 1927 1351 1980 exercitus,
1385 1925 1504 1986 quod
1542 1925 1775 1986 Pompeius

388 2007 564 2052 insidias
592 2008 748 2052 timens
775 2007 955 2068 (credo,
992 2007 1111 2069 quod
1142 2008 1232 2052 haec
1261 2016 1416 2068 praeter
1446 2023 1567 2068 spem
1603 2005 1773 2050 accide-

386 2099 486 2132 rant
510 2089 624 2149 ejus,
650 2090 725 2150 qui
751 2088 883 2151 paulo
908 2099 1008 2133 ante
1035 2107 1087 2133 ex
1113 2090 1265 2133 castris
1292 2088 1508 2149 fugientes
1536 2103 1637 2131 suos
1666 2103 1773 2131 con-

386 2180 586 2230 spexerat
605 2174 641 2232 )‚
669 2171 988 2215 munitionibus
1014 2172 1371 2232 appropinquare
1395 2167 1652 2230 aliquandiu
1682 2185 1771 2213 non

386 2250 595 2306 audebat,
634 2252 889 2313 equitesque
917 2252 1036 2313 ejus,
1067 2252 1262 2313 angustis
1297 2252 1453 2312 portis,
1485 2261 1617 2311 atque
1651 2250 1718 2294 his
1749 2266 1775 2294 a

387 2332 569 2376 Caesaris
598 2331 809 2377 militibus
836 2333 1080 2393 occupatis,
1108 2332 1162 2377 ad
1190 2331 1506 2393 insequendum
1534 2331 1771 2376 tardaban-

387 2422 473 2456 tur.
516 2414 582 2456 Ita
614 2429 758 2474 parvae
793 2430 860 2458 res
892 2429 1100 2475 magnum
1135 2415 1176 2458 in
1212 2423 1445 2474 utramque
1476 2421 1645 2474 partem
1679 2427 1771 2456 mo-

388 2503 586 2538 mentum
613 2494 876 2538 habuerunt.
922 2495 1192 2539 Munitiones
1220 2496 1357 2547 cuim,
1382 2510 1407 2538 a
1432 2494 1583 2538 castris
1608 2490 1663 2536 ad
1688 2491 1772 2540 flu-

388 2590 490 2617 men
526 2574 769 2636 perductae,
802 2577 1062 2636 expugnatis
1095 2577 1184 2637 jam
1224 2576 1375 2620 castris
1411 2573 1631 2634 Pompeii,
1669 2588 1771 2634 pro·

388 2655 528 2713 priam
551 2666 593 2699 et
615 2656 861 2718 expeditam
884 2658 1063 2701 Caesaris
1089 2658 1316 2701 victoriam
1343 2652 1732 2715 interpellaverunt
1758 2670 1768 2696 :
