1972 3356
537 226 605 263 DE
638 226 802 262 BELLO
832 224 987 261 CIVILI
1015 226 1108 264 LIB.
1139 226 1208 261 111.
1512 225 1582 261 123

176 314 319 359 missis
342 312 518 371 diebus,
541 328 719 357 rursum
746 328 847 357 eum
875 310 1063 355 navibus
1087 310 1142 355 ad
1173 326 1217 354 se
1244 310 1361 355 intra
1381 311 1586 355 munitio-

177 413 254 442 nes
272 396 446 457 recipit.
472 396 580 439 Erat
607 410 781 439 summa
814 394 964 454 inopia
1003 390 1173 454 pabuli,
1213 391 1353 450 adeo,
1392 401 1443 436 ut
1469 390 1585 436 foliis

178 496 229 524 ex
268 477 502 522 arboribus
534 475 723 529 strictis,
766 484 808 520 et
845 474 1004 519 teneris
1051 473 1325 520 arundinum
1360 474 1585 519 radicibus

178 561 396 615 contusis,
415 573 553 619 equos
577 555 746 601 alerent
773 572 782 599 :
809 556 1030 600 frumenta
1051 556 1190 613 enim,
1213 572 1311 616 quae
1337 555 1588 600 fuerantin-

178 652 247 686 tra
263 640 530 685 munitiones
553 647 668 693 sata,
688 646 1076 699 consumpserant,
1091 646 1134 681 et
1152 636 1452 698 cogebantur,
1476 639 1589 682 Cor-

178 739 280 785 cyra
307 731 439 782 atque
456 720 722 774 Acarnania,
749 716 884 780 longo
910 718 1144 780 interjecto
1170 718 1466 779 navigationis
1492 735 1589 779 spa-

179 806 261 860 tio,
298 801 512 864 pabulum
546 809 810 863 supportare
839 817 847 844 :
880 816 1058 862 quoque
1091 809 1186 844 erat
1222 800 1316 861 ejus
1349 800 1410 844 rei
1443 800 1590 843 minor

177 885 326 947 copia,
354 881 522 928 hordeo
548 881 788 945 adaugere,
813 890 946 943 atque
976 882 1042 926 his
1069 881 1317 926 rationibus
1343 882 1589 943 equitatum

175 964 380 1010 tolerare.
411 963 522 1023 Sed,
558 974 793 1027 postquam
824 981 912 1008 non
942 962 1074 1008 modo
1106 962 1324 1008 hordeum
1351 961 1590 1024 pabulum-

175 1064 261 1108 que
302 1046 512 1091 omnibus
544 1047 588 1091 in
626 1045 759 1102 locis,
799 1045 1036 1107 herbaeque
1077 1045 1283 1102 desectae,
1337 1045 1412 1089 sed
1456 1046 1589 1089 etiam

173 1129 343 1174 fructus
367 1146 417 1174 ex
446 1129 681 1175 arboribus
709 1128 996 1185 deficiebant,
1025 1130 1248 1190 corruptis
1275 1129 1399 1191 equis
1426 1130 1589 1185 macie,

176 1211 428 1257 conandum
446 1213 527 1256 sibi
546 1211 716 1273 aliquid
730 1212 966 1274 Pompeius
985 1211 1039 1256 de
1054 1213 1291 1273 eruptione
1307 1211 1588 1256 existimavit.

241 1296 358 1338 LIX.
400 1296 538 1338 Erant
559 1293 677 1355 apud
708 1296 922 1340 Caesarem
957 1311 1006 1339 ex
1048 1295 1247 1355 equitum
1289 1310 1475 1338 numero
1517 1291 1591 1338 Al-

175 1375 381 1439 lobroges
405 1375 494 1420 duo
514 1376 693 1432 fratres,
724 1374 946 1421 Roscillus
971 1385 1015 1421 et
1046 1377 1206 1438 AEgus,
1233 1374 1458 1421 Abducilli
1487 1374 1589 1430 filii,

176 1459 252 1519 qui
277 1459 580 1519 principatum
608 1458 651 1501 in
677 1458 857 1502 civitate
884 1456 1034 1502 multis
1052 1458 1179 1501 annis
1207 1458 1482 1512 obtinuerat,
1509 1457 1594 1500 sin·

174 1538 317 1601 gulari
350 1540 514 1583 virtute
549 1539 771 1593 homines,
816 1554 1008 1599 quorum
1041 1555 1176 1601 opera
1208 1541 1357 1583 Caesar
1385 1538 1592 1582 omnibus

177 1619 347 1683 gallicis
378 1619 505 1666 bellis
529 1622 698 1683 optima
729 1620 1057 1682 fortissimaque
1089 1630 1183 1665 erat
1218 1637 1337 1665 usus.
1366 1621 1445 1665 His
1471 1619 1593 1664 domi

172 1702 229 1746 ob
261 1702 340 1748 has
366 1719 522 1748 causas
543 1701 839 1764 amplissimos
869 1703 1154 1764 magistratus
1184 1702 1497 1760 mandaverat,
1527 1712 1594 1746 at-

174 1800 261 1844 que
286 1800 360 1828 eos
388 1793 510 1828 extra
543 1783 744 1828 ordinem
784 1785 828 1828 in
856 1794 1058 1828 senatum
1089 1783 1301 1847 legendos
1338 1794 1592 1840 curaverat,

173 1881 392 1926 agrosque
423 1866 466 1908 in
496 1863 662 1920 Gallia,
685 1881 738 1908 ex
765 1864 966 1909 hostibus
993 1874 1174 1926 captos,
1210 1866 1483 1927 praemiaque
1526 1866 1592 1910 rei

172 1947 437 2007 pecuniariae
467 1962 627 2008 magna
645 1946 890 2003 tribuerat,
920 1945 1252 2009 locupletesque
1278 1963 1329 1991 ex
1355 1946 1592 2009 egentibus

173 2027 352 2072 fecerat.
374 2029 430 2072 Hi
465 2038 649 2090 propter
676 2028 888 2072 virtutem
922 2045 1011 2073 non
1044 2027 1188 2073 solum
1218 2028 1338 2090 apud
1368 2030 1588 2073 Caesarem

173 2109 219 2153 in
247 2109 418 2154 honore
444 2119 595 2165 erant,
633 2109 709 2154 sed
735 2111 866 2154 etiam
893 2109 1013 2173 apud
1052 2111 1295 2156 exercitum
1335 2111 1425 2155 cari
1462 2111 1594 2155 liabe-

172 2192 338 2235 bantur
366 2209 375 2235 :
401 2191 475 2236 sed
493 2191 594 2237 freti
619 2193 812 2237 amicitia
837 2194 1048 2249 Caesaris,
1081 2202 1125 2237 et
1161 2192 1297 2238 stulta
1323 2209 1373 2238 ac
1400 2192 1590 2237 barbara

173 2275 427 2334 arrogantia
453 2272 576 2331 elati,
602 2271 904 2337 despiciebant
930 2291 1050 2332 suos,
1083 2274 1444 2337 stipendiumque
1469 2276 1591 2335 equi-

171 2363 268 2398 tum
288 2353 580 2411 fraudabant,
609 2365 650 2400 et
676 2355 871 2417 praedam
897 2373 1076 2402 omnem
1102 2355 1286 2401 domum
1308 2356 1587 2401 avertebant.

174 2436 351 2494 Quibus
379 2435 443 2480 illi
483 2436 615 2481 rebus
653 2439 865 2499 permoti,
892 2439 1085 2484 universi
1113 2439 1330 2483 Caesarem
1363 2437 1591 2493 adierunt,

174 2516 412 2580 palamque
436 2518 488 2563 de
502 2535 657 2563 eorum
673 2520 847 2581 injuriis
872 2530 978 2565 sunt
1002 2520 1173 2582 questi,
1194 2529 1238 2564 et
1265 2519 1321 2564 ad
1343 2529 1488 2564 cetera
1509 2518 1586 2563 ad-

174 2598 408 2657 diderunt,
436 2599 595 2645 falsum
623 2601 678 2646 ab
701 2601 769 2647 his
788 2603 988 2664 equitum
1015 2619 1252 2648 numerum
1277 2601 1462 2656 deferri,
1485 2618 1592 2663 quo-

175 2696 275 2725 rum
304 2682 575 2745 stipendium
603 2694 868 2729 averterent.
