1972 3356
518 249 584 284 DE
612 249 774 284 BELLO
808 249 1028 284 GALLICO
1059 249 1151 283 LIB.
1178 249 1279 283 vm.
1531 247 1603 283 233

201 333 406 378 omnibus
441 333 486 376 in
521 334 739 377 sententia
774 334 1085 394 permansisse,
1114 350 1258 394 neque
1287 333 1342 377 ad
1371 334 1604 377 sanitatem

201 414 477 475 reliquorum
505 415 730 459 deditione
760 432 851 459 esse
881 415 1132 475 perductos.
1161 416 1283 459 Scire
1311 425 1443 476 atque
1473 413 1604 457 intel-

203 494 336 557 ligere
364 513 409 540 se
441 512 617 540 causam
644 496 813 556 peccati
838 494 1046 539 facillime
1072 497 1262 539 mortuis
1286 495 1502 557 delegari3
1526 511 1605 538 ne-

203 578 367 621 minem
401 594 505 621 vero
530 586 705 620 tantum
730 575 898 636 pollere
931 585 1004 631 ut,
1033 576 1183 619 invitis
1215 576 1512 637 principibus,
1536 593 1605 619 re-

203 659 382 702 sistente
412 667 592 711 senatu,
619 656 825 700 omnibus
863 656 990 700 bonis
1019 657 1398 718 repugnantibus,
1430 656 1606 700 infirma

203 755 336 782 manu
364 736 503 798 plebis
532 735 700 780 bellum
726 737 950 780 concitare
978 747 1020 780 et
1048 754 1201 798 gerere
1233 747 1391 798 posset.
1426 736 1513 781 Sed
1541 747 1605 780 ta-

202 836 302 862 men
339 834 383 862 se
418 827 678 862 contentum
727 817 820 861 fore
856 834 905 861 ea
938 834 1067 878 poena
1107 834 1241 878 quam
1276 818 1357 861 sibi
1386 818 1470 878 ipsi
1500 834 1606 861 con-

202 899 448 943 traxissent.
475 918 494 939 n

263 981 432 1024 XXIII.
469 980 616 1024 Nocte
645 981 895 1041 insequenti
928 979 1060 1042 legati
1088 997 1302 1043 responsa
1329 980 1385 1025 ad
1411 997 1513 1024 suos
1543 997 1608 1024 re-

201 1060 369 1117 ferunt,
393 1060 568 1105 obsides
596 1061 854 1106 conficiunt.
882 1064 1171 1108 Concurrunt
1200 1062 1477 1124 reliquarum
1500 1062 1607 1106 civi-

203 1152 343 1186 tatum
381 1141 540 1204 legati,
579 1160 677 1204 quae
717 1142 1054 1187 Bellovacorum
1097 1143 1441 1205 speculabantur
1476 1160 1609 1187 even-

204 1233 312 1267 tum.
338 1223 526 1268 Obsides
550 1224 681 1281 dant,
708 1225 926 1286 imperata
950 1225 1141 1280 faciunt,
1165 1235 1354 1287 excepto
1379 1226 1607 1280 Commio,

205 1322 335 1366 quem
367 1306 500 1349 timor
528 1306 797 1367 prohibebat
822 1307 1085 1367 cujusquam
1117 1306 1219 1350 fidei
1252 1323 1376 1350 suam
1402 1307 1608 1350 commit-

206 1396 297 1430 tere
319 1385 522 1430 salutem.
551 1388 669 1431 Nam
695 1389 924 1448 superiore
949 1404 1068 1430 anno
1093 1389 1142 1431 T.
1169 1388 1412 1444 Labienus,
1437 1389 1610 1431 Caesare

204 1469 249 1510 in
277 1466 424 1512 Gallia
460 1468 664 1512 citeriore
695 1469 767 1529 jus
798 1467 993 1525 dicente,
1024 1485 1163 1528 quum
1199 1469 1451 1512 Cominium
1487 1484 1609 1511 com-

202 1549 386 1610 perisset
425 1548 663 1594 sollicitare
704 1550 930 1604 civitates,
972 1558 1015 1593 et
1060 1550 1417 1610 conjurationem
1453 1560 1608 1593 contra

204 1632 420 1675 Caesarem
450 1630 613 1686 facere,
643 1629 950 1674 infidelitatem
975 1631 1069 1691 ejus
1099 1631 1192 1674 sine
1218 1629 1309 1674 ulla
1333 1630 1519 1692 perfidia
1539 1631 1609 1691 ju·-

205 1711 368 1755 dicavit
402 1713 636 1773 comprimi
674 1729 813 1774 posse.
851 1714 998 1770 Quem
1035 1714 1137 1773 quia
1177 1730 1267 1756 non
1306 1713 1609 1757 arbitrabatur

204 1803 412 1837 vocatum
448 1794 494 1836 in
537 1803 679 1837 castra
719 1803 984 1848 venturum,
1022 1811 1077 1838 ne
1120 1794 1334 1838 tentando
1368 1795 1610 1839 cautiorem

205 1875 387 1930 faceret,
428 1876 478 1918 C.
503 1873 780 1918 Volusenum
809 1875 1091 1931 Quadratum
1120 1875 1262 1931 misit,
1293 1877 1369 1936 qui
1400 1893 1501 1920 eum
1533 1894 1612 1938 per

206 1955 536 2000 simulationem
563 1954 773 2016 colloquii
805 1965 980 1999 curaret
1011 1955 1381 2000 interficiendum.
1414 1956 1481 2001 Ad
1515 1974 1611 2001 eam

207 2055 300 2081 rem
326 2036 519 2082 delectos
547 2039 585 2081 ei
611 2037 744 2081 tradit
771 2038 1066 2081 centuriones.
1094 2038 1247 2095 Quum
1270 2039 1314 2081 in
1339 2037 1610 2099 colloquium

208 2129 389 2163 ventum
411 2129 546 2173 esset,
568 2128 630 2175 et,
656 2128 704 2162 ut
732 2128 1018 2175 convenerat,
1044 2136 1228 2162 manum
1255 2120 1448 2163 Commii
1472 2117 1611 2163 Volu-

209 2218 339 2244 senus
366 2201 643 2261 arripuisset,
671 2201 894 2257 centurio,
918 2199 987 2244 vel
1012 2210 1060 2244 ut
1087 2201 1260 2244 insueta
1287 2218 1333 2243 re
1360 2211 1610 2262 permotus,

210 2282 276 2326 vel
301 2280 504 2327 celeriter
526 2299 550 2325 a
576 2281 866 2326 familiaribus
887 2283 1138 2344 prohibitus
1159 2284 1372 2340 Commii,
1394 2283 1612 2327 conficere

210 2364 437 2408 hominem
468 2381 555 2407 non
587 2365 752 2424 potuit,
775 2365 967 2426 graviter
997 2375 1143 2408 tamen
1174 2366 1319 2425 primo
1351 2366 1440 2409 ictu
1465 2364 1612 2426 gladio

211 2455 343 2506 caput
374 2445 602 2506 percussit.
631 2446 784 2503 Quum
814 2446 1022 2506 utrinque
1052 2444 1186 2507 gladii
1211 2445 1409 2489 destricti
1440 2456 1609 2501 essent,

212 2544 301 2571 non
337 2537 428 2571 tam
467 2525 693 2588 pugnandi
731 2543 863 2586 quain
898 2526 1161 2588 diffugiendi
1199 2527 1281 2570 fuit
1320 2537 1611 2586 utrorumque

215 2607 449 2652 consilium
478 2625 485 2650 :
513 2618 790 2662 nostrorum,
834 2607 953 2668 quod
989 2608 1218 2651 mortifero
1259 2607 1440 2651 vulnere
1475 2609 1610 2651 Com-

215 2690 350 2733 mium
394 2689 630 2733 credebant
669 2687 903 2744 affcctum3
951 2688 1208 2745 Gallorum,
1245 2689 1392 2748 quod,
1442 2689 1610 2733 insidiis
