1972 3356
333 237 406 272 ¹28
543 238 581 273 C.
608 237 739 272 JULII
769 235 988 272 CAESARIS
1020 236 1514 276 COMMENTARIORUM

326 322 439 367 duci.
479 324 739 366 Castrorum
785 320 856 365 hic
905 321 1014 366 situs
1051 332 1160 367 erat.
1200 324 1516 385 Superioribus
1554 326 1738 385 diebus,

324 419 440 447 nona
476 403 661 449 Caesaris
693 401 808 466 legio
835 420 974 465 quum
999 421 1043 450 se
1069 404 1302 465 objecisset
1345 407 1627 468 Pompeianis
1660 426 1735 455 co-

323 484 428 544 piis,
455 492 591 544 atque
619 500 781 546 opera,
809 496 858 530 ut
888 484 1314 545 demonstravimus,
1343 488 1736 545 circummuniret‚

324 575 468 609 castra
499 581 552 610 eo
589 564 687 611 loco
718 568 879 628 posuit.
915 569 1018 613 Haec
1057 566 1210 613 silvam
1244 569 1483 630 quamdam
1509 571 1738 633 continge-

323 647 450 706 bant,
479 664 622 709 neque
646 646 821 712 longius
844 666 869 694 a
898 651 1009 695 mari
1045 650 1247 713 passibus
1283 666 1343 697 cn
1381 651 1578 697 aberant.
1605 654 1737 706 Post,

326 739 499 774 mutato
525 729 709 775 consilio
747 730 1018 793 quibusdam
1060 732 1114 777 de
1139 733 1304 791 causis,
1333 735 1481 778 Caesar
1511 733 1647 796 paulo
1673 733 1739 779 ul·

325 820 394 855 tra
427 827 531 856 eum
563 810 711 857 locum
740 823 883 858 castra
912 812 1137 859 transtulit
1167 831 1176 858 :
1207 815 1448 877 paucisque
1478 815 1740 861 intermissis

325 892 479 938 diebus
507 893 599 938 haec
628 893 780 938 eadem
815 896 1054 956 Pompeius
1081 906 1402 958 occupaverat,
1439 907 1507 955 et,
1538 896 1658 959 quod
1687 914 1739 942 eo

325 972 424 1019 loco
464 973 613 1036 plures
652 986 749 1020 erat
786 975 980 1038 legiones
1026 977 1284 1035 habiturus,
1330 977 1484 1024 relicto
1530 979 1740 1024 interiore

327 1054 471 1113 vallo,
504 1057 717 1117 majorem
748 1056 972 1119 adjecerat
1007 1059 1317 1103 munitionem.
1358 1062 1427 1104 Ita
1455 1060 1630 1104 minora
1666 1077 1739 1105 ca-

325 1147 437 1195 stra,
466 1136 634 1182 inclusa
660 1138 929 1199 majoribus,
958 1138 1125 1183 castelli
1154 1149 1286 1201 atque
1310 1141 1423 1185 arcis
1454 1139 1600 1185 locum
1627 1141 1742 1186 obti-

327 1220 506 1264 nebant.
537 1221 649 1264 Item
677 1221 732 1264 ab
761 1220 925 1283 angulo
954 1231 1202 1266 castrorum
1237 1222 1416 1266 sinistro
1445 1222 1738 1267 munitionem

323 1301 378 1345 ad
404 1300 568 1346 flumen
606 1301 899 1365 perduxerat,
939 1304 1113 1348 circiter
1139 1320 1294 1366 passus
1325 1319 1406 1360 cn,
1432 1321 1523 1366 quo
1560 1302 1742 1349 liberius

325 1400 377 1428 ac
405 1384 500 1428 sine
524 1383 722 1446 periculo
747 1383 909 1429 milites
935 1395 1221 1446 aquarentur.
1248 1385 1332 1430 Sed
1360 1387 1393 1431 is
1420 1403 1619 1448 quoque,
1646 1404 1743 1432 mu-

328 1477 421 1511 tato
459 1466 645 1512 consilio
670 1467 937 1528 quibusdam
981 1465 1035 1512 de
1072 1470 1235 1523 causis,
1264 1485 1373 1530 quas
1404 1469 1741 1514 commemorari

327 1566 502 1594 necesse
536 1565 627 1592 non
655 1559 741 1604 est,
785 1565 838 1593 eo
862 1547 961 1593 loco
989 1559 1247 1593 excesserat.
1277 1551 1343 1593 Ita
1368 1548 1622 1611 complures
1651 1548 1742 1593 dies

325 1640 580 1677 manserant
614 1640 755 1675 castra
788 1648 798 1674 ε
837 1631 1108 1675 munitiones
1147 1631 1328 1691 quidem
1374 1632 1554 1694 integrae
1588 1648 1742 1675 omnes

326 1723 465 1759 erant.

392 1797 578 1840 LXVII.
605 1799 671 1841 Eo
707 1797 833 1857 signo
866 1795 1053 1858 legionis
1092 1795 1236 1851 illato,
1264 1794 1560 1857 speculatores
1581 1797 1741 1840 Caesari

327 1879 655 1923 renuntiarunt.
696 1880 791 1922 Hoc
819 1876 934 1921 idem
981 1879 1122 1922 visum
1148 1895 1198 1922 ex
1223 1878 1527 1939 superioribus
1561 1877 1743 1939 quibus-

327 1960 428 2004 dam
460 1958 650 2004 castellis
692 1959 1081 2005 confirmaverant.
1123 1962 1164 2004 Is
1210 1958 1331 2004 locus
1375 1960 1528 2004 aberat
1564 1977 1587 2004 a
1618 1961 1744 2004 novis

327 2042 527 2102 Pompeii
563 2041 718 2085 castris
744 2042 920 2085 circiter
954 2057 1106 2103 passus
1144 2058 1185 2086 D.
1227 2043 1353 2085 Hanc
1388 2040 1606 2103 legionem
1643 2057 1743 2103 spe·

328 2140 430 2167 rans
466 2124 612 2169 Caesar
635 2140 679 2168 se
702 2123 951 2185 opprimere
977 2139 1124 2184 posse,
1154 2133 1197 2167 et
1230 2124 1411 2184 cupiens
1438 2124 1530 2184 ejus
1559 2122 1643 2168 diei
1669 2123 1745 2167 de·

329 2206 589 2249 trimentum
618 2205 780 2250 sarcire
797 2239 808 2261 ‚
836 2203 1016 2266 reliquit
1041 2206 1083 2249 in
1109 2222 1243 2267 opere
1265 2204 1469 2249 cohortes
1495 2205 1627 2259 duas,
1647 2221 1744 2266 quae

330 2287 520 2348 speciem
569 2287 833 2331 munitionis
877 2286 1164 2348 praeberent:
1217 2288 1308 2349 ipse
1349 2287 1524 2332 diverso
1568 2287 1744 2343 itinere,

329 2385 464 2429 quam
500 2371 645 2432 potuit
686 2368 1005 2426 occultissime,
1053 2368 1245 2431 reliquas
1290 2370 1522 2421 cohortes,
1560 2385 1745 2413 numero

332 2467 507 2507 xxxm,
547 2451 591 2495 in
624 2452 785 2512 quibus
815 2461 909 2496 erat
943 2449 1057 2513 legio
1087 2469 1231 2505 nona,
1263 2450 1414 2496 multis
1444 2451 1613 2495 amissis
1640 2465 1743 2493 cen-

332 2533 602 2590 turionibus,
631 2533 949 2594 deminutoque
978 2533 1169 2578 militum
1198 2549 1384 2578 numero
1403 2567 1414 2589 ,
1443 2531 1497 2576 ad
1525 2531 1742 2593 legionem

331 2615 527 2675 Pompeii
578 2626 810 2676 castraque
858 2615 1028 2659 minora
1081 2615 1248 2677 duplici
1288 2615 1379 2659 acic
1425 2613 1561 2657 duxit.
1589 2614 1745 2672 Neque

333 2710 433 2738 eum
465 2697 607 2756 prima
643 2697 796 2758 opinio
835 2695 1015 2741 fefellit:
1039 2715 1140 2742 nam
1172 2709 1214 2741 et
1243 2697 1441 2758 pervenit
1467 2696 1586 2757 prius
1612 2709 1744 2756 quam
