1972 3356
636 183 703 219 DE
734 183 901 219 BELLO
931 184 1090 220 CIVILI
1118 184 1211 219 LIB.
1240 184 1290 220 11.
1621 185 1667 230 73

323 268 511 313 XXVII.
532 269 740 314 Proxima
762 279 917 327 nocte,
939 270 1220 314 centuriones
1246 269 1381 313 marsi
1402 269 1492 314 duo
1520 286 1570 314 ex
1598 287 1668 315 ca-

256 350 358 394 stris
377 350 588 395 Curionis
609 367 711 395 cum
736 349 1088 412 manipularibus
1117 351 1207 395 suis
1233 351 1409 396 duobus
1438 361 1482 397 et
1509 352 1668 414 viginti

255 429 311 475 ad
329 432 498 476 Attium
524 434 688 477 Varum
710 432 982 494 perfugiunt.
999 433 1078 488 Hi,
1105 448 1181 477 seu
1197 448 1322 490 vere,
1347 449 1481 494 quam
1503 433 1668 479 habue-

254 524 381 571 rant,
411 515 667 576 opinionem
698 513 754 558 ad
782 530 883 558 eum
910 513 1163 575 perferunt,
1195 515 1285 558 sive
1323 517 1455 560 etiam
1485 518 1667 562 auribus

253 597 361 640 Vari
384 596 731 642 serviunt(nam
748 631 758 649 ,
781 612 878 657 quae
895 594 1123 650 volumus,
1145 605 1187 639 et
1213 595 1437 641 credimus
1454 596 1667 655 libenter,

251 686 313 735 et,
334 694 430 739 quae
451 678 664 722 sentimus
691 678 793 739 ipsi,
819 676 1010 738 reliquos
1035 678 1198 721 sentire
1223 677 1470 738 speramus)
1488 696 1496 722 :
1512 680 1669 723 confir-

250 769 374 803 mant
396 758 574 820 quidem
601 769 747 815 certe,
775 759 911 803 totius
935 759 1155 802 exercitus
1186 760 1357 804 animos
1383 758 1550 804 alienos
1577 778 1669 805 esse

250 856 275 884 a
295 841 493 885 Curione
514 858 522 884 :
551 842 742 885 maxime
765 858 876 902 opus
903 857 1018 893 esse,
1042 842 1084 884 in
1109 851 1396 902 conspectum
1424 844 1667 887 exercitum

252 923 420 978 venire,
458 933 501 967 et
539 922 822 985 colloquendi
862 923 957 968 dari
999 921 1272 968 facultatem.
1309 924 1413 982 Qua
1455 925 1668 986 opinione

248 1003 468 1049 adductus
507 1006 672 1060 Varus,
710 1015 887 1067 postero
919 1004 990 1049 die
1023 1022 1153 1049 mane
1179 1004 1382 1068 legiones
1419 1023 1471 1050 ex
1512 1008 1668 1051 castris

248 1085 409 1131 educit.
441 1087 562 1131 Facit
583 1086 697 1131 idem
728 1088 866 1133 Curio
895 1105 903 1131 :
931 1097 1086 1149 atque,
1127 1104 1212 1131 una
1245 1086 1356 1132 valle
1386 1105 1473 1132 non
1506 1105 1667 1151 inagna

249 1169 501 1230 interjecta,
529 1186 628 1214 suas
656 1179 843 1232 uterque
869 1170 1018 1231 copias
1046 1170 1239 1214 instruit.

313 1252 524 1296 XXVIII.
543 1252 652 1296 Erat
670 1252 714 1296 in
731 1252 927 1296 exercitu
949 1253 1059 1296 Vari
1083 1253 1181 1297 Sex,
1203 1251 1478 1311 Quinctilius
1494 1253 1665 1309 Varus,

248 1348 382 1393 quem
404 1331 539 1378 fuisse
566 1333 772 1389 Corfinii,
802 1350 938 1394 supra
974 1332 1327 1379 demonstratum
1359 1344 1437 1378 est.
1466 1335 1570 1389 Hic,
1600 1334 1668 1378 ‹li-

249 1415 408 1459 missus
452 1432 478 1459 a
508 1417 681 1461 Caesare
724 1417 768 1459 in
793 1415 989 1460 Africam
1028 1426 1234 1471 venerat;
1274 1415 1559 1478 legionesque
1594 1435 1667 1461 eas

247 1495 504 1540 traduxerat
541 1497 706 1552 Curio,
743 1512 852 1557 quas
899 1497 1205 1558 superioribus
1240 1498 1515 1560 temporibus
1553 1500 1665 1542 Cor-

247 1577 355 1622 finio
379 1587 606 1640 receperat
630 1580 800 1634 Czesar3
820 1577 930 1622 adeo
959 1588 1033 1634 ut,
1063 1580 1216 1640 paucis
1238 1581 1419 1624 mutatis
1444 1581 1669 1625 centurio-

246 1659 396 1715 nibus,
425 1659 557 1704 iidem
587 1660 767 1705 ordines
795 1659 1103 1722 manipulique
1130 1672 1402 1707 constarent.
1433 1665 1559 1707 Hanc
1592 1679 1667 1706 na-

247 1752 344 1786 ctus
374 1741 686 1804 appellationis
721 1758 900 1786 causam
931 1741 1231 1800 Quinctilius,
1256 1744 1493 1788 circumire
1525 1745 1664 1789 aciem

246 1824 478 1880 Curionis,
497 1834 630 1885 atque
649 1823 882 1868 obsecrare
903 1823 1063 1868 milites
1088 1825 1243 1885 coepit,
1266 1842 1354 1869 «ne
1377 1826 1506 1887 primi
1524 1842 1667 1870 sacra·

247 1906 407 1963 menti,
444 1905 566 1967 quod
593 1905 712 1968 apud
740 1906 991 1950 Domitium
1021 1915 1155 1966 atque
1181 1906 1301 1967 apud
1328 1923 1372 1950 se.
1398 1916 1664 1968 quaestorem

246 1988 484 2046 dixissent,
511 1988 770 2032 memoriam
797 1987 1100 2049 (leponerent3
1132 2004 1217 2032 neu
1245 1998 1401 2033 contra
1440 2005 1514 2033 eos
1542 2006 1666 2034 arma

246 2070 438 2128 ferrent,
461 2070 538 2131 qui
562 2068 714 2114 eadem
740 2079 885 2114 essent
913 2070 979 2115 usi
1008 2069 1214 2126 fortuna,
1243 2069 1488 2132 cademque
1514 2071 1559 2114 in
1585 2070 1666 2115 ob-

246 2152 418 2197 sidione
449 2152 674 2214 perpessi3
711 2169 797 2196 neu
825 2169 906 2214 pro
934 2153 985 2196 iis
1016 2163 1290 2214 pugnarent,
1318 2169 1343 2197 a
1369 2153 1530 2214 quibus
1557 2170 1666 2197 con-

246 2233 429 2279 tumelia
448 2233 644 2296 perfugae
670 2231 1019 2296 appellarentur.
1039 2254 1059 2275 υ
1087 2236 1166 2279 His
1193 2251 1334 2296 pauca
1359 2234 1413 2279 ad
1437 2251 1560 2296 spem
1581 2233 1666 2279 lar-

247 2316 429 2379 gitionis
456 2315 652 2373 addidit,
679 2333 778 2377 quae
797 2315 852 2360 ab
873 2333 952 2362 sua
975 2315 1262 2373 liberalitate,
1294 2318 1329 2361 si
1356 2334 1401 2361 se
1432 2327 1567 2378 atque
1592 2319 1666 2362 At-

248 2399 359 2443 tium
385 2399 524 2443 secuti
549 2408 716 2455 essent,
742 2408 1000 2461 exspectare
1024 2398 1252 2444 deberent.

314 2482 483 2525 XXIX.
530 2482 626 2525 Hac
661 2480 812 2525 habita
848 2482 1073 2539 oratione,
1118 2479 1286 2525 nullam
1319 2481 1364 2524 in
1403 2489 1572 2541 partem
1614 2480 1668 2523 ab

249 2563 443 2607 exercitu
475 2564 685 2609 Curionis
716 2563 765 2608 fit
789 2563 1076 2626 significatio,
1108 2573 1241 2626 atque
1269 2564 1329 2608 ita
1350 2580 1450 2608 suas
1479 2572 1669 2623 uterquc

250 2643 399 2706 copias
436 2644 614 2691 reducit
650 2663 658 2689 :
688 2655 822 2706 atque
857 2646 902 2690 in
931 2648 1085 2691 castris
1115 2646 1324 2692 Curionis
1355 2660 1544 2707 magnus
1573 2661 1670 2689 om-
