1972 3356
431 254 504 291 126
636 253 674 288 C.
703 253 831 288 JUL11
860 251 1081 286 CAESARIS
1113 250 1603 289 COMMENTARIORUM

427 337 672 399 perioribus
706 333 859 379 diebus
889 336 1045 379 timens
1073 336 1247 389 Caesar,
1283 351 1337 379 ne
1370 337 1555 381 navibus
1586 342 1724 384 nostri
1744 343 1822 387 cir-

426 418 812 471 cumvenirentur,
841 415 1061 477 duplicem
1083 432 1134 460 eo
1163 415 1261 460 loco
1285 415 1446 460 fecerat
1471 417 1659 475 vallum,
1683 430 1759 478 ut,
1785 424 1819 467 si

424 499 605 559 ancipiti
640 496 793 559 proelio
824 496 1127 552 dimicaretur,
1151 507 1295 559 posset
1326 498 1480 542 resisti.
1511 498 1597 543 Sed
1636 515 1822 561 operum

425 578 706 640 magnitudo,
742 589 784 623 et
817 579 1047 623 continens
1078 579 1278 622 omnium
1309 577 1479 623 dierum
1515 578 1660 636 labor,
1701 582 1822 642 quod

422 659 558 704 millia
598 677 806 722 passuum
847 661 890 704 in
929 661 1118 705 circuitu
1154 677 1269 705 xv111
1301 661 1547 705 munitione
1579 673 1673 707 erat
1705 679 1823 707 com-

422 741 600 803 plexus,
645 741 899 804 perficiendi
936 743 1124 803 spatium
1163 758 1251 787 non
1293 741 1438 786 dabat.
1474 743 1630 804 Itaque
1667 754 1823 789 contra

424 840 542 867 mare
569 833 869 868 transversum
890 822 1074 876 vallum,
1097 824 1171 885 qui
1197 823 1276 867 has
1293 822 1401 867 duas
1418 824 1686 869 munitiones
1714 842 1817 870 con-

422 904 641 966 tingeret,
673 904 872 948 nondum
910 904 1167 966 perfecerat.
1194 906 1305 963 Quae
1341 921 1407 949 res
1450 916 1554 949 nota
1581 916 1673 949 erat
1695 909 1821 951 Pom-

421 986 547 1046 peio,
583 984 727 1030 delata
760 1002 837 1046 per
862 985 1121 1046 Allobroges
1155 985 1379 1047 perfugas,
1405 1003 1706 1048 magnumque
1747 1005 1822 1032 no-

420 1068 520 1111 stris
541 1065 689 1111 attulit
715 1066 1058 1110 incommodum.
1086 1068 1223 1122 Nam,
1255 1076 1305 1110 ut
1331 1065 1385 1110 ad
1416 1082 1538 1111 mare
1566 1078 1725 1112 nostrae
1750 1086 1822 1112 co-

420 1147 568 1191 hortes
615 1164 740 1191 nonae
788 1146 972 1209 legionis
1031 1147 1356 1203 excubuerant,
1410 1163 1629 1203 accessere
1674 1148 1821 1192 subito

421 1230 561 1290 prima
591 1228 689 1273 luce
725 1229 982 1290 Pompeiani
1012 1229 1252 1283 exercitus,
1290 1244 1518 1288 novusque
1561 1244 1714 1272 eorum
1748 1228 1824 1272 ad-

421 1319 577 1354 ventus
600 1309 791 1366 exstitit3
824 1308 951 1353 simul
982 1326 1033 1354 ex
1069 1310 1255 1353 navibus
1280 1309 1560 1353 circumvecti
1587 1308 1746 1353 milites
1778 1310 1822 1354 in

420 1392 682 1436 exteriorem
713 1390 875 1436 vallum
905 1390 988 1435 tela
1008 1391 1250 1453 jaciebant,
1279 1390 1490 1451 fossaeque
1519 1408 1677 1453 aggere
1708 1408 1823 1436 com-

421 1472 657 1534 plebantur
687 1491 695 1516 :
721 1483 764 1516 et
789 1472 1044 1534 legionarii,
1081 1473 1304 1517 interioris
1341 1473 1601 1517 munitionis
1625 1472 1823 1517 defenso-

420 1571 508 1609 res,
532 1554 656 1598 scalis
687 1553 896 1610 admotis,
935 1555 1169 1597 tormentis
1197 1554 1411 1613 cujusque
1439 1554 1609 1614 generis
1638 1553 1821 1614 telisque

421 1635 662 1691 terrebant3
691 1651 937 1696 magnaque
965 1633 1205 1678 multitudo
1238 1634 1567 1695 sagittariorum
1606 1634 1662 1678 ab
1704 1643 1823 1678 utra-

419 1732 504 1776 que
523 1725 648 1777 parte
677 1715 1129 1760 circumfundebatur.
1156 1714 1353 1760 Multum
1386 1724 1532 1758 autem
1571 1714 1625 1758 ab
1654 1717 1741 1759 ictu
1766 1714 1821 1759 la-

418 1796 596 1856 pidum,
622 1794 740 1856 quod
776 1813 911 1839 unum
954 1797 1115 1839 nostris
1154 1805 1249 1839 erat
1283 1793 1441 1850 telum,
1483 1796 1672 1839 viminea
1715 1797 1818 1857 tegi-

416 1886 558 1920 menta
588 1876 722 1938 galeis
750 1877 953 1937 imposita
983 1874 1290 1920 defendebant.
1321 1879 1499 1937 Itaque,
1523 1892 1660 1936 quum
1685 1876 1820 1919 omni-

416 1957 496 2001 bus
525 1958 655 2001 rebus
685 1958 824 2002 nostri
854 1967 1182 2019 premerentur,
1220 1967 1351 2018 atque
1391 1973 1506 2019 aegre
1539 1957 1818 2012 resisterent,

415 2038 767 2083 animadversum
809 2048 874 2082 cst
909 2038 1066 2082 vitium
1099 2039 1379 2091 munitionis,
1422 2037 1540 2099 quod
1577 2054 1711 2098 supra
1751 2036 1819 2080 de-

416 2129 710 2164 monstratum
733 2129 821 2174 est,
849 2129 979 2180 atque
1002 2120 1114 2164 inter
1137 2119 1247 2163 duos
1274 2117 1430 2176 vallos,
1457 2135 1543 2180 qua
1569 2118 1815 2180 perfectum

413 2216 526 2260 opus
565 2218 653 2244 non
690 2211 810 2257 erat,
842 2218 919 2262 per
950 2218 1068 2245 mare
1097 2201 1281 2245 navibus
1318 2202 1503 2263 expositi
1538 2201 1582 2245 in
1611 2199 1817 2244 adversos

415 2290 587 2325 nostros
612 2283 828 2343 impetum
854 2281 1073 2335 fecerunt,
1111 2292 1243 2343 atque
1268 2298 1318 2326 ex
1348 2292 1537 2343 utraque
1570 2281 1816 2325 munitione

414 2360 604 2421 dejectos
631 2372 751 2423 terga
782 2372 951 2406 vertere
973 2373 1229 2424 coegerunt.

479 2444 641 2487 LXIV.
681 2447 776 2488 Hoc
807 2442 1001 2487 tumultu
1031 2444 1256 2498 nuntiato,
1293 2442 1582 2488 Marcellinus
1611 2442 1813 2486 cohortes

414 2522 611 2567 subsidio
641 2525 800 2568 nostris
829 2523 1130 2569 laborantibus
1166 2525 1387 2569 submittit
1417 2540 1546 2585 :quae
1583 2539 1635 2566 ex
1660 2523 1812 2566 castris

415 2603 632 2664 fugientes
668 2606 953 2668 conspicatae,
992 2622 1132 2666 neque
1169 2605 1264 2650 illos
1305 2622 1382 2650 suo
1420 2604 1612 2649 adventu
1652 2603 1812 2646 confir-

415 2700 532 2728 mare
555 2695 817 2745 potuerunt,
843 2701 985 2746 neque
1013 2687 1115 2747 ipsae
1137 2687 1330 2731 hostium
1359 2687 1570 2745 impetum
1597 2682 1809 2728 tulerunt.
