1972 3356
424 264 491 300 182
650 262 688 296 C.
712 261 839 296 JULII
869 261 1088 296 CAESARIS
1116 261 1379 297 COMMENT.
1409 263 1556 299 LIBER

419 347 549 407 primi
565 330 709 388 tamen
734 343 1020 389 editissimum
1043 342 1187 389 locum
1212 353 1456 388 castrorum
1479 355 1713 405 caperent:
1739 363 1789 391 ex

418 440 506 485 quo
529 423 811 468 decurrentes
832 440 1034 486 magnam
1067 422 1393 468 multitudinem
1421 424 1613 469 hostium
1643 426 1686 469 in
1718 442 1790 471 ca-

416 504 516 548 stris
536 503 863 548 interfecerunt.
891 503 1023 561 Quod
1036 502 1277 566 periculum
1296 502 1491 565 plerique
1509 503 1790 550 Alexandrini

414 584 659 646 fugientes,
688 584 922 629 acervatim
940 601 984 629 se
1008 583 1062 628 de
1085 582 1201 628 vallo
1225 584 1607 645 praecipitaverunt
1627 585 1672 628 in
1694 600 1790 630 eam

414 674 611 725 partem,
641 681 738 725 quae
773 663 941 709 flumini
980 674 1075 709 erat
1109 663 1328 725 adjuncta.
1356 666 1523 708 Horum
1556 664 1707 725 primis
1744 665 1789 709 in

413 746 509 805 ipsa
530 744 643 789 fossa
668 745 924 789 munitionis
952 761 1110 806 magna
1140 745 1268 789 ruina
1300 744 1543 805 oppressis,
1574 745 1703 789 ceteri
1728 744 1790 789 fa-

413 822 610 869 ciliorem
655 824 801 887 fugam
842 824 1104 869 hahuerunt.
1142 826 1323 870 Constat
1368 824 1529 886 fugisse
1550 841 1602 870 ex
1637 826 1788 870 castris

413 920 563 966 regem
588 905 755 965 ipsum,
784 915 1094 965 receptumque
1132 905 1176 948 in
1214 921 1387 961 navem,
1413 903 1694 949 multitudine
1716 921 1787 949 eo-

412 999 538 1041 rum,
560 985 636 1045 qui
664 984 719 1028 ad
750 987 970 1045 proximas
1003 1001 1132 1029 naves
1157 983 1449 1040 adnatabant,
1480 984 1676 1029 demerso
1709 1001 1785 1029 na-

410 1063 551 1125 vigio,
579 1066 768 1124 periisse.

477 1145 662 1188 XXXII.
711 1146 774 1188 Re
819 1143 1062 1188 felicissime
1103 1143 1412 1205 celerrimeque
1452 1153 1595 1206 gesta,
1643 1147 1788 1190 Caesar

411 1239 578 1285 magnae
605 1224 793 1268 victoriae
809 1223 988 1279 fiducia,
1010 1224 1210 1285 proximo
1226 1225 1419 1268 terrestri
1436 1224 1590 1269 itinere
1612 1222 1790 1269 Alexan-

410 1302 550 1347 driam
582 1319 682 1347 cum
724 1304 943 1365 equitibus
972 1303 1215 1359 contendit3
1249 1312 1380 1364 atque
1410 1319 1459 1347 ea
1484 1313 1608 1365 parte
1635 1303 1787 1365 oppidi

408 1383 549 1427 victor
579 1384 767 1439 introiit,
799 1401 894 1445 quae
918 1384 1119 1445 praesidio
1142 1384 1333 1428 hostium
1361 1384 1603 1428 tenebatur.
1632 1386 1788 1445 Neque

409 1479 508 1506 eum
534 1463 766 1508 consilium
792 1481 919 1508 suum
944 1462 1112 1519 fefellit,
1138 1465 1245 1525 quin
1265 1464 1431 1521 hostes,
1458 1481 1509 1508 eo
1535 1462 1691 1525 proelio
1708 1480 1786 1509 au-

407 1542 519 1599 dito,
541 1543 649 1588 nihil
670 1545 759 1605 jam
787 1545 839 1588 de
865 1543 978 1588 bello
1008 1554 1149 1589 essent
1173 1545 1418 1606 cogitaturi.
1439 1546 1635 1605 Dignum
1657 1542 1786 1588 adve-

409 1625 533 1668 niens
556 1624 747 1669 fructum
766 1625 938 1669 virtutis
968 1634 1010 1668 et
1034 1625 1168 1668 animi
1196 1623 1508 1685 magnitudinis
1525 1623 1626 1669 tulit
1653 1642 1663 1668 ε
1688 1641 1784 1668 orn-

407 1704 474 1747 nis
501 1704 616 1747 enim
642 1703 879 1748 multitudo
902 1703 1247 1764 oppidanorum,
1275 1704 1404 1747 armis
1429 1704 1653 1764 projectis,
1686 1721 1784 1749 mu-

407 1783 733 1843 nitionibusque
750 1784 836 1827 suis
856 1783 1038 1839 relictis,
1055 1793 1171 1827 veste
1186 1799 1235 1826 ea
1255 1793 1447 1843 sumpta,
1467 1800 1552 1844 qua
1567 1784 1785 1845 supplices

406 1863 681 1907 dominantes
708 1862 931 1924 deprecari
960 1871 1310 1917 consueverunt,
1339 1864 1558 1923 sacrisque
1583 1863 1785 1908 omnibus

405 1942 619 2004 praelatis,
657 1960 844 2004 quorum
884 1942 1091 2004 religione
1122 1944 1290 2005 precari
1336 1943 1523 1987 offensos
1564 1944 1784 2005 iratosque

404 2025 573 2068 animos
603 2041 755 2085 regum
784 2033 908 2068 erant
939 2022 1082 2079 soliti,
1114 2023 1362 2068 advenienti
1392 2025 1550 2068 Caesari
1581 2041 1783 2070 occurre-

405 2114 528 2160 runt,
551 2120 683 2165 seque
702 2105 740 2148 ei
766 2103 1035 2148 dediderunt.
1057 2106 1200 2149 Caesar
1227 2105 1272 2147 in
1299 2103 1428 2147 fidem
1455 2114 1652 2165 receptos
1677 2121 1782 2150 con·

405 2183 593 2241 solatus,
618 2202 695 2246 per
717 2186 909 2230 hostium
937 2185 1199 2229 munitiones
1226 2186 1269 2228 in
1295 2200 1417 2228 suam
1441 2194 1609 2245 partem
1631 2185 1782 2246 oppidi

405 2282 562 2327 magna
587 2264 878 2326 gratulatione
904 2266 1019 2308 venit
1042 2281 1220 2309 suorum
1249 2282 1258 2308 ε
1285 2265 1359 2325 qui
1381 2281 1468 2308 non
1493 2273 1662 2309 tantum
1686 2264 1778 2310 hel-

405 2344 496 2389 lum
521 2347 660 2406 ipsum
687 2363 737 2390 ac
765 2346 1109 2401 dimicationem,
1134 2344 1206 2389 sed
1234 2346 1364 2389 etiam
1388 2343 1518 2388 talem
1545 2345 1778 2389 adventum

404 2425 497 2484 ejus
515 2425 684 2469 felicem
711 2426 840 2469 fuisse
868 2424 1138 2469 laetabantur.

470 2507 679 2549 XXXIII.
720 2508 882 2560 Caesar,
911 2506 1095 2566 AEgypto
1138 2515 1265 2565 atque
1301 2504 1560 2548 Alexandria
1588 2506 1778 2564 potitus,

404 2602 523 2647 reges
549 2587 799 2643 constituit,
824 2602 933 2646 quos
957 2584 1213 2630 Ptolemaeus
1240 2594 1500 2630 testamento
1519 2585 1777 2644 scripserat,

404 2676 530 2725 atque
559 2667 799 2710 obtestatus
828 2676 916 2710 erat
950 2665 1159 2726 populum
1190 2680 1442 2720 romanum,
1475 2680 1526 2707 ne
1560 2673 1778 2708 mutaren-
