1972 3356
38 559 43 593 i

37 607 44 661 ἕ

38 664 42 718 ἶ

37 721 43 752 ἱ

37 758 43 801 ¹}

36 893 40 911 ι

230 208 1627 229 vawwssmwwmvummffissmlwvmwmmmmmmmmwmm

518 418 592 487 C.
628 421 879 487 JULII
919 420 1333 489 CAESARIS

315 648 1535 740 COMMENTARIORUM

545 890 642 944 DE
682 891 773 945 BE
786 891 925 945 LLO
961 892 1283 947 GALLICO

664 1108 839 1151 LIBER
879 1110 921 1166 Q
930 1108 1087 1151 UART
1095 1111 1176 1154 US.

782 1332 1059 1343 7*‹—-—-—>⁷

222 1517 255 1559 I.
283 1478 406 1569 ΕΑ,
437 1530 533 1575 quae
553 1523 703 1559 secuta
728 1523 813 1570 est,
836 1513 1001 1570 hieme,
1027 1513 1102 1574 qui
1123 1512 1208 1557 fuit
1232 1529 1375 1557 annus
1390 1515 1473 1557 Cn.
1494 1516 1628 1559 Pom-

222 1597 342 1657 peio,
365 1597 425 1640 M.
444 1597 606 1640 Crasso
626 1613 758 1652 coss„
778 1596 985 1656 Usipetes
1011 1595 1244 1651 Germani,
1266 1605 1310 1639 et
1334 1595 1438 1638 item
1459 1597 1629 1641 Tench-

221 1678 358 1734 theri,
390 1694 551 1740 magna
580 1694 681 1721 cum
712 1675 1000 1721 multitudine
1033 1676 1288 1734 hominum,
1317 1676 1482 1720 flumen
1512 1677 1629 1721 Rhe-

220 1775 326 1803 num
353 1760 644 1816 transierunt,
665 1776 752 1803 non
780 1757 911 1819 longe
935 1774 958 1801 a
982 1759 1118 1814 mari,
1143 1774 1232 1819 quo
1255 1757 1438 1802 Rhenus
1465 1757 1625 1803 influit.

219 1843 364 1886 Causa
399 1840 659 1885 transeundi
697 1840 799 1896 fuit,
837 1839 957 1898 quod
990 1839 1043 1883 ab
1078 1840 1232 1883 Suevis
1265 1838 1518 1900 complures
1551 1857 1628 1884 an-

220 1938 299 1966 nos
319 1923 527 1984 exagitati
552 1921 670 1965 bello
693 1920 1033 1982 premebantur,
1055 1930 1100 1963 et.
1120 1918 1395 1981 agricultura
1420 1921 1627 1981 prohibe-

220 2004 397 2047 bantur.
434 2006 684 2048 Suevorum
706 2019 812 2064 gens
841 2012 907 2046 est
934 2000 1065 2063 longe
1093 2001 1286 2045 maxima
1317 2011 1359 2045 et
1390 2000 1628 2046 bellicosis-

219 2085 328 2128 sima
363 2075 694 2128 Germanorum
735 2084 949 2127 omnium.
987 2084 1043 2126 Hi
1068 2092 1247 2127 centum
1286 2099 1422 2144 pagos
1462 2083 1625 2127 habere

219 2165 444 2221 dicuntur,
463 2182 516 2209 ex
530 2165 691 2226 quibus
710 2165 947 2226 quotannis
970 2163 1142 2226 singula
1164 2163 1304 2208 millia
1324 2174 1626 2222 armatorum,

218 2245 412 2291 bellandi
433 2263 583 2303 causa,
602 2247 691 2291 suis
706 2263 758 2291 ex
779 2246 943 2290 finibus
958 2245 1168 2291 educunt.
1184 2244 1383 2306 Reliqui,
1402 2246 1478 2306 qui
1504 2245 1624 2290 domi

219 2328 485 2384 manserint,
509 2345 554 2373 se
579 2337 711 2389 atque
740 2327 838 2372 illos
863 2327 1001 2372 alunt.
1034 2328 1090 2372 Hi
1115 2344 1269 2371 rursus
1292 2327 1483 2371 invicem
1506 2344 1624 2371 anno

217 2419 315 2471 post
341 2410 385 2453 in
409 2410 543 2454 armis
567 2419 692 2465 sunt3
722 2408 784 2453 illi
811 2409 931 2453 domi
959 2418 1206 2453 remanent.
1237 2408 1310 2453 Sic
1335 2424 1479 2469 neque
1505 2410 1623 2470 agri-

184 2536 194 2541 „
217 2490 417 2548 cultura,
452 2507 533 2535 nec
563 2491 678 2535 ratio
714 2499 846 2551 atque
876 2507 980 2535 usus
1014 2488 1146 2546 belli,
1181 2489 1508 2534 intermittitur.
1535 2489 1624 2533 Sed

215 2572 376 2633 privati
408 2589 461 2617 ae
486 2572 676 2634 separati
709 2572 802 2633 agri
832 2571 951 2633 apud
984 2588 1057 2615 eos
1085 2570 1195 2614 nihil
1227 2579 1320 2625 est3
1348 2587 1493 2631 neque
1523 2569 1621 2614 lon-

215 2655 312 2716 gius
336 2670 454 2698 anno
481 2670 711 2698 remanere
742 2669 821 2697 suo
848 2654 891 2696 in
918 2652 1038 2711 loco,
1072 2650 1295 2698 incolendi
1323 2668 1474 2710 causa,
1502 2651 1620 2697 licet.
