1972 3356
480 263 527 286 20
688 250 725 284 C.
753 249 881 283 JULII
910 247 1125 282 CAESARIS
1154 246 1631 281 COMMENTARIORUM

480 330 668 390 vincta),
700 329 884 386 auxilia,
907 329 1146 389 equitatum
1175 329 1335 388 parari,
1367 327 1556 371 Galliam
1588 326 1844 387 Italiamque

480 410 660 465 tentari,
685 426 729 453 se
755 410 950 464 absente,
975 407 1164 452 nolebat.

542 491 686 534 XXX.
731 491 883 549 Itaque
915 489 957 531 in
989 489 1213 549 praesentia
1244 488 1438 547 Pompeii
1486 485 1739 546 insequendi
1774 503 1843 529 ra—

480 569 641 612 tionem
661 570 842 624 omittit,
858 570 900 611 in
918 569 1170 628 Hispaniam
1191 567 1404 627 proficisci
1430 566 1676 620 constituit;
1692 565 1846 609 duum-

480 647 584 690 viris
610 648 949 708 municipiorum
982 648 1178 690 omnium
1205 648 1410 707 imperat,
1438 656 1486 689 ut
1514 662 1642 689 naves
1666 646 1847 705 conqui-

480 736 603 783 rant,
628 726 994 786 Brundisiumque
1021 725 1296 769 deducendas
1320 735 1488 769 curent.
1516 726 1654 768 Mittit
1680 725 1724 768 in
1748 726 1848 768 Sar-

481 804 644 849 diniam
672 822 770 849 cum
797 805 964 866 legione
989 822 1075 849 una
1099 805 1321 849 Valerium
1348 805 1562 866 legatum3
1592 806 1632 847 in
1657 803 1848 848 Siciliam

481 885 719 929 Curionem
738 895 1049 946 propraetorem
1075 902 1174 929 cum
1201 884 1445 946 legionibus
1471 894 1659 944 quatuor
1688 901 1697 927 :
1727 901 1849 928 eum-

481 962 600 1021 dem,
627 981 761 1024 quum
783 963 973 1008 Siciliam
992 966 1239 1024 recepisset,
1265 966 1464 1025 protinus
1490 966 1533 1007 in
1552 965 1743 1008 Africam
1768 974 1850 1007 tra-

481 1042 638 1087 ducere
662 1045 897 1087 exercitum
918 1045 1054 1104 jubet.
1080 1044 1327 1087 Sardiniam
1351 1045 1574 1087 obtinebat
1610 1046 1670 1087 M.
1699 1045 1850 1098 Cotta,

481 1122 671 1167 Siciliam
696 1126 758 1168 M.
783 1126 917 1179 Cato,
941 1123 1131 1168 Africam
1160 1134 1274 1167 sorte
1302 1124 1474 1168 Tubero
1501 1124 1696 1167 obtinere
1721 1122 1850 1166 debe-

481 1203 574 1246 bat.
605 1203 842 1248 Caralitani
865 1238 875 1260 ,
903 1203 1031 1247 simul
1061 1203 1114 1247 ad
1141 1220 1184 1247 se
1210 1204 1435 1248 Valerium
1458 1204 1571 1246 mitti
1600 1202 1852 1258 audierunt,

481 1282 678 1326 nondum
706 1284 902 1344 profecto
940 1301 990 1327 ex
1015 1283 1162 1340 Italia,
1200 1300 1278 1327 sua
1302 1293 1455 1344 sponte
1479 1300 1529 1326 ex
1561 1282 1723 1343 oppido
1749 1284 1853 1326 Cot-

481 1371 569 1405 tam
595 1364 788 1423 ejiciunt.
819 1363 895 1407 Ille
921 1365 1201 1424 perterritus,
1229 1364 1348 1423 quod
1376 1380 1548 1407 omnem
1578 1363 1849 1423 provinciam

480 1443 726 1485 consentire
751 1441 1032 1502 intelligeret,
1053 1459 1103 1486 ex
1131 1443 1330 1486 Sardinia
1354 1443 1398 1485 in
1424 1443 1613 1486 Africam
1643 1442 1850 1503 profugit.

481 1523 589 1564 Cato
610 1521 654 1563 in
676 1520 822 1565 Sicilia
845 1538 973 1564 naves
999 1520 1148 1582 longas
1173 1531 1337 1565 veteres
1363 1521 1607 1575 reficiebat,
1632 1537 1764 1564 novas
1792 1522 1850 1563 ci-

481 1599 688 1643 vitatibus
707 1601 961 1660 imperabat.
982 1603 1084 1644 Haec
1105 1617 1266 1661 magno
1283 1600 1427 1644 studio
1446 1601 1614 1661 agebat.
1640 1602 1691 1643 In
1716 1602 1852 1644 Luca-

481 1678 546 1721 nis
571 1680 839 1739 Bruttiisque
861 1697 938 1739 per
966 1679 1130 1740 legatos
1155 1697 1253 1724 suos
1276 1681 1437 1724 civium
1463 1696 1745 1723 romanorum
1774 1679 1851 1722 de-

482 1755 616 1801 lectus
645 1758 855 1813 habebat,
887 1759 1084 1818 equitum
1115 1759 1400 1818 peditumque
1431 1768 1595 1802 certum
1620 1775 1851 1802 numerum

481 1852 504 1879 a
525 1837 773 1880 civitatibus
807 1836 964 1880 Siciliae
1001 1838 1214 1898 exigebat.
1242 1839 1415 1894 Quibus
1443 1838 1572 1881 rebus
1604 1854 1726 1898 paene
1751 1854 1851 1898 per-

481 1914 625 1972 fectis,
649 1915 838 1959 adventu
868 1917 1074 1961 Curionis
1097 1918 1291 1978 cognito,
1324 1918 1523 1977 queritur
1546 1918 1590 1960 in
1615 1919 1824 1961 concione
1841 1951 1852 1972 ‚

481 2011 608 2039 «sese
634 1996 879 2056 projectum
903 2012 951 2039 ac
974 1996 1196 2056 proditum
1221 2014 1245 2041 a
1270 1999 1349 2041 Cn.
1377 1998 1607 2057 Pompeio,
1637 1998 1737 2057 qui,
1761 2013 1851 2040 om-

483 2076 610 2119 nibus
648 2075 778 2119 rebus
816 2076 1204 2135 imparatissimus,
1248 2094 1336 2121 non
1371 2077 1663 2121 necessarium
1691 2075 1851 2120 bellum

481 2155 755 2215 suscepisset,
780 2164 843 2212 et,
862 2155 914 2198 ab
943 2171 986 2201 se
1011 2155 1275 2217 reliquisque
1295 2158 1340 2200 in
1363 2167 1518 2202 senatu
1538 2158 1851 2217 interrogatus,

482 2234 629 2278 omnia
648 2235 729 2278 sibi
748 2251 838 2279 esse
856 2234 910 2279 ad
924 2234 1085 2279 bellum
1101 2246 1202 2298 apta
1222 2253 1272 2281 ac
1286 2247 1439 2298 parata
1457 2236 1815 2281 confirmavisset.
1829 2255 1850 2277 >2

483 2316 583 2357 Haec
604 2315 648 2357 in
672 2316 882 2359 concione
905 2324 1103 2376 questus,
1129 2333 1181 2360 ex
1204 2317 1429 2377 provincia
1452 2316 1575 2378 fugit.

545 2395 707 2438 XXXI.
730 2396 857 2439 Nacti
876 2411 1034 2439 vacuas
1063 2396 1116 2439 ab
1145 2397 1335 2456 imperiis
1362 2396 1606 2440 Sardiniam
1626 2396 1852 2450 Valerius,

483 2474 617 2518 Curio
646 2473 863 2531 Siciliam,
884 2490 984 2518 cum
1006 2476 1266 2520 exercitibus
1284 2492 1335 2520 eo
1356 2476 1630 2536 perveniunt.
1652 2475 1825 2519 Tubero
1839 2510 1850 2532 ,

485 2569 621 2612 quum
656 2556 701 2597 in
729 2554 920 2598 Africam
960 2554 1166 2612 venisset,
1207 2556 1373 2600 invenit
1407 2556 1451 2598 in
1488 2555 1714 2615 provincia
1749 2571 1851 2598 cum

486 2633 666 2692 imperio
707 2635 872 2678 Attium
905 2636 1096 2691 Varum,
1134 2636 1209 2694 qui
1247 2635 1302 2679 ad
1337 2635 1594 2689 Auximum,
1636 2643 1683 2676 ut
1720 2650 1851 2695 supra
