1972 3356
410 240 483 278 250
643 241 682 275 C.
711 239 837 273 JULlI
867 239 1084 273 CAESARIS
1113 239 1372 274 COMMENT.
1404 243 1547 276 LIBER

407 324 501 367 duae
530 324 641 365 inter
670 337 714 364 se
738 321 1057 365 concurrissent
1090 321 1214 365 initio
1239 323 1505 378 certaminis,
1526 323 1656 384 paulo
1681 325 1776 369 lon-

407 404 500 464 gius
523 402 614 462 ejus
644 401 861 461 equitatus
887 402 1200 446 circumvectus
1223 418 1274 446 ex
1298 403 1531 463 improviso
1560 402 1778 450 clauderet

406 481 688 527 multitudine
714 498 790 526 sua
825 482 1060 526 exercitum
1086 483 1287 539 Caesaris,
1316 493 1444 543 atque
1472 484 1776 544 perturbatum

400 561 556 624 jaculis
583 561 833 625 configeret.
860 565 963 607 Haec
983 562 1067 607 fuit
1093 564 1203 607 ratio
1236 564 1449 625 Scipionis
1480 581 1535 608 eo
1572 563 1640 608 die
1665 581 1777 626 proe-

403 642 550 688 liandi.

465 726 560 769 LX.
588 726 768 770 Caesaris
793 735 939 770 autem
966 727 1077 770 acies
1101 725 1181 769 hoc
1206 725 1335 770 modo
1363 726 1445 770 fuit
1471 725 1701 784 collocata,
1728 738 1778 771 ut

402 805 456 848 ab
475 805 651 850 sinistro
676 806 767 866 ejus
795 823 932 851 cornu
955 806 1127 863 ordiar,
1151 816 1192 850 et
1215 805 1270 850 ad
1293 805 1495 851 dextrum
1511 808 1773 868 perveniam.

400 886 565 930 Habuit
590 886 633 930 in
670 887 845 931 sinistro
877 902 1013 931 cornu
1048 886 1260 948 legionem
1302 904 1369 941 lx,
1403 904 1506 943 v111;
1544 889 1587 931 in
1620 887 1775 932 dextro

399 982 536 1009 cornu
561 983 669 1023 xxx,
694 983 841 1010 xxviii
870 984 878 1010 ε
904 983 1013 1022 xm,
1038 983 1139 1023 xlv,
1159 984 1284 1023 xxlx,
1314 984 1425 1012 xxvi
1451 969 1493 1011 in
1509 967 1650 1012 media
1666 970 1775 1024 acie;

399 1046 540 1105 ipsum
571 1056 714 1090 autem
747 1045 949 1090 dextrum
973 1063 1137 1101 cornu,
1161 1047 1396 1091 secundam
1431 1048 1565 1091 aciem
1593 1048 1701 1105 fere,
1732 1051 1776 1093 in

398 1141 547 1169 earum
564 1124 785 1187 legionum
805 1136 925 1187 parte
949 1127 1197 1171 cohortium
1222 1126 1510 1172 collocaverat
1534 1146 1546 1185 3
1567 1139 1774 1190 praeterea

398 1222 448 1248 ex
476 1206 668 1250 tironum
698 1205 945 1268 legionibus
974 1224 1134 1269 paucas
1157 1207 1386 1268 adjecerat.
1414 1210 1604 1253 Tertiam
1629 1219 1773 1253 autem

397 1286 534 1329 aciem
559 1287 603 1330 in
630 1286 855 1331 sinistrum
881 1304 1009 1332 suum
1034 1303 1169 1332 cornu
1194 1287 1463 1344 contulerat,
1485 1299 1527 1332 et
1555 1305 1694 1349 usque
1721 1290 1773 1333 ad

395 1365 500 1410 aciei
526 1382 611 1410 suae
635 1367 822 1411 mediam
851 1366 1064 1430 legionem
1088 1378 1360 1430 porrexerat,
1386 1379 1427 1413 et
1456 1370 1513 1414 ita
1536 1368 1775 1415 collocave-

396 1455 482 1499 rat,
507 1448 569 1490 uti
589 1448 814 1492 sinistrum
841 1465 968 1493 suum
991 1465 1127 1493 cornu
1155 1448 1313 1510 triplex
1335 1459 1459 1493 esset.
1486 1449 1536 1493 Id
1558 1466 1609 1494 eo
1630 1452 1773 1495 cousi—

396 1525 455 1570 lio
475 1527 654 1582 fecerat,
681 1528 800 1589 quod
826 1545 951 1573 suum
976 1529 1178 1573 dextrum
1210 1528 1322 1574 latus
1354 1530 1670 1574 munitionibus
1694 1531 1772 1574 ad-

391 1607 647 1667 juvabatur3
674 1609 898 1652 sinistrum
923 1619 1093 1666 autem,
1118 1611 1335 1670 equitatus
1366 1609 1554 1653 hostium
1576 1609 1774 1654 multitu-

395 1686 484 1730 dini
511 1688 571 1731 uti
600 1688 800 1732 resistere
825 1699 985 1749 posset,
1006 1687 1254 1744 laborabat3
1281 1688 1518 1749 eodemque
1533 1705 1660 1732 suum
1680 1706 1773 1733 om-

394 1783 492 1810 nem
516 1767 761 1811 contulerat
784 1769 1052 1828 equitatum:
1075 1778 1116 1811 et
1138 1769 1256 1828 quod
1271 1770 1309 1812 ei
1332 1785 1485 1828 parum
1503 1768 1773 1827 confidebat,

392 1846 593 1906 praesidio
618 1847 683 1890 his
708 1848 926 1909 equitibus
951 1847 1165 1910 legionem
1189 1864 1215 1892 v
1241 1849 1525 1910 praemiserat,
1546 1847 1772 1910 levemque

393 1938 660 1971 armaturam
691 1929 806 1972 inter
832 1929 996 1989 equites
1020 1930 1352 1990 interposuerat.
1382 1929 1634 1990 Sagittarios
1656 1931 1773 1973 varie

394 2009 662 2069 passimque,
694 2009 801 2054 locis
839 2011 985 2065 certis,
1021 2011 1293 2071 maximeque
1325 2011 1368 2054 in
1398 2009 1602 2054 cornibus
1637 2008 1770 2054 collo-

393 2099 581 2133 caverat.

456 2171 570 2213 LXI.
587 2170 657 2214 Sic
678 2180 967 2231 utrorumque
987 2172 1199 2215 exercitus
1216 2172 1436 2227 instructi,
1455 2188 1542 2215 non
1562 2170 1657 2232 plus
1680 2187 1771 2232 pas-

391 2266 516 2293 suum
533 2265 613 2295 ccc
631 2251 858 2311 interjecto
883 2251 1045 2312 spati0‚
1066 2251 1185 2312 quod
1210 2251 1389 2295 forsitan
1416 2260 1517 2295 ante
1535 2251 1577 2294 id
1599 2260 1768 2312 tempus

392 2329 609 2374 acciderat
636 2347 859 2391 nunquam
874 2365 885 2387 ,
907 2332 1013 2393 quin
1038 2330 1343 2386 dimicaretur,
1368 2347 1391 2375 a
1418 2347 1543 2375 mane
1558 2347 1694 2391 usque
1715 2330 1768 2374 ad

392 2410 543 2454 horam
562 2427 589 2454 x
604 2410 712 2466 diei,
732 2412 1027 2472 perstiterunt.
1051 2414 1234 2472 Jamque
1250 2414 1392 2456 Caesar
1411 2410 1515 2455 dum
1533 2412 1765 2454 exercitum

391 2489 598 2534 reducere
626 2492 742 2534 iutra
768 2492 1030 2535 munitiones
1052 2508 1149 2535 suas
1174 2493 1395 2553 coepisset,
1425 2491 1569 2535 subito
1596 2491 1767 2533 univer-

392 2587 463 2614 sus
499 2572 718 2631 equitatus
755 2571 938 2616 ulterior
974 2572 1264 2616 Numidarum
1292 2571 1650 2631 Gaetulorumque
1673 2571 1767 2613 sine

394 2650 522 2695 frenis
543 2651 597 2696 ad
623 2651 818 2696 dextram
848 2662 1014 2714 partem
1043 2669 1085 2695 se
1111 2670 1305 2709 movere,
1334 2653 1598 2713 propiusque
1626 2653 1765 2695 Caesa-

1955 0 1972 148 *fi
