1972 3356
489 272 556 307 DE
584 272 749 308 BELLO
781 271 1007 308 GALLICO
1038 272 1130 307 LIB.
1157 272 1219 306 VI.
1488 267 1556 311 143

151 357 270 419 apud
297 359 515 402 Caesarem
539 358 680 419 gratia
707 355 1064 419 intelligebatur,
1094 357 1146 412 ii,
1172 357 1248 417 qui
1274 364 1459 417 propter
1485 372 1559 399 ve-

153 449 267 483 teres
291 439 543 484 inimicitias
572 438 695 483 nullo
722 438 856 482 modo
882 455 984 482 cum
1012 437 1164 483 AEduis
1189 437 1401 498 conjungi
1432 445 1559 497 pote-

154 530 275 576 rant,
297 537 340 564 se
361 522 510 565 Remis
535 521 580 564 in
604 518 855 564 clientelam
882 518 1106 563 dicabant.
1128 522 1220 563 Hos
1242 517 1304 562 illi
1325 517 1563 579 diligenter

154 602 406 645 tuebantur.
434 603 501 645 Ita
526 611 569 644 et
597 617 758 644 novam
783 610 827 644 et
852 610 1035 661 repente
1065 599 1296 644 collectam
1323 599 1562 643 auctorita-

154 693 243 726 tem
264 683 486 727 tenebant.
513 685 577 726 Eo
602 692 697 726 tum
727 691 847 725 statu
873 698 941 725 res
965 691 1080 737 erat,
1106 690 1155 725 ut
1183 680 1315 742 longe
1342 681 1564 741 principes

154 764 423 809 haberentur
446 763 576 807 AEdui
593 798 603 818 ‚
628 762 875 807 secundum
900 761 1048 806 locum
1074 762 1304 824 dignitatis
1334 762 1465 806 Remi
1488 762 1566 805 ob-

158 846 362 889 tinerent.

219 928 342 971 XIII.
382 929 435 971 In
475 928 597 971 omni
638 925 786 971 Gallia
822 943 977 970 eorum
1008 926 1271 983 hominum,
1301 926 1377 987 qui
1416 924 1567 987 aliquo

155 1018 258 1053 sunt
279 1025 467 1052 numero
489 1018 624 1069 atque
646 1009 838 1061 honore,
860 1025 1022 1070 genera
1048 1018 1150 1053 sunt
1175 1008 1264 1052 duo
1286 1025 1293 1051 :
1321 1024 1423 1051 nam
1445 1006 1568 1069 plebs

156 1106 279 1150 paene
303 1106 533 1133 servorum
553 1089 743 1133 habetur
767 1088 864 1135 loco
881 1124 892 1144 ‚
919 1106 1016 1150 quae
1040 1106 1119 1151 per
1143 1106 1186 1133 se
1208 1088 1321 1133 nihil
1348 1088 1501 1146 audet⁷
1528 1098 1570 1132 et

159 1171 281 1216 nullo
305 1171 543 1215 adhibetur
564 1169 766 1214 consilio.
788 1169 1015 1231 Plerique,
1037 1187 1176 1231 quum
1202 1180 1279 1214 aut
1297 1187 1382 1214 aere
1403 1168 1570 1224 alieno,

159 1263 236 1296 aut
271 1252 580 1314 magnitudine
621 1252 914 1310 tributorum,
959 1261 1034 1296 aut
1068 1252 1232 1313 injuria
1263 1252 1571 1312 potentiorum

159 1343 448 1395 premuntur,
476 1350 568 1378 sese
596 1334 641 1376 in
665 1334 926 1377 servitutem
953 1332 1103 1377 dicant
1131 1332 1354 1377 nobilibus
1385 1350 1393 1376 :
1422 1334 1467 1377 in
1491 1333 1573 1377 hos

159 1415 314 1460 eadem
341 1416 491 1459 omnia
519 1424 622 1459 sunt
641 1415 764 1476 jura,
790 1431 888 1475 quae
916 1414 1110 1458 dominis
1141 1415 1186 1458 in
1217 1431 1378 1458 servos.
1407 1414 1494 1459 Sed
1519 1414 1574 1458 de

158 1497 227 1542 his
244 1496 418 1541 duobus
434 1496 672 1557 generibus
695 1495 886 1540 alterum
903 1505 967 1540 est
984 1495 1216 1551 druidum,
1237 1495 1429 1540 alterum
1455 1496 1574 1557 equi-

160 1588 268 1622 tum.
289 1577 359 1622 Illi
381 1577 512 1621 rebus
531 1577 692 1621 divinis
714 1578 954 1635 intersunt,
975 1576 1193 1622 sacrificia
1217 1576 1396 1639 publica
1416 1594 1465 1622 ac
1486 1578 1575 1638 pri-

157 1669 259 1703 vata
293 1669 565 1720 procurant,
602 1657 841 1720 religiones
878 1659 1246 1720 interpretantur.
1276 1657 1345 1703 Ad
1373 1660 1455 1703 hos
1488 1675 1575 1702 ma-

159 1757 271 1802 gnus
292 1739 642 1785 adolescentium
662 1757 877 1785 numerus
906 1739 1151 1802 disciplinae
1171 1757 1303 1785 causa
1320 1741 1575 1797 concurrit,

157 1839 410 1884 magnoque
438 1823 466 1866 ii
493 1832 597 1867 sunt
620 1822 741 1884 apud
767 1839 841 1866 eos
871 1822 1054 1867 honore.
1087 1824 1205 1868 Nam
1230 1823 1321 1867 fere
1346 1822 1400 1867 de
1429 1823 1576 1868 omni-

158 1904 240 1948 bus
266 1904 581 1948 controversiis
607 1903 798 1965 publicis
813 1905 1088 1964 privatisque
1111 1906 1421 1960 constituunt3
1451 1915 1517 1961 et,
1542 1906 1578 1949 si

157 1985 282 2048 quod
301 1995 368 2030 est
397 1985 638 2029 admissum
666 1985 857 2041 facinus,
884 1985 919 2029 si
937 1985 1075 2029 caedes
1099 1985 1214 2029 facta
1230 2021 1241 2043 ‚
1267 1987 1302 2030 si
1325 1985 1379 2030 de
1406 1985 1580 2030 heredi-

159 2076 268 2124 tate,
305 2067 340 2110 si
381 2066 435 2111 de
467 2066 629 2110 finibus
662 2067 970 2111 controversia
1011 2076 1102 2123 est,
1135 2066 1271 2111 iidem
1307 2067 1579 2120 decernunt3

159 2149 341 2209 praemia
360 2165 601 2210 poenasque
630 2149 939 2193 constituunt:
961 2149 995 2193 si
1021 2150 1119 2210 qui,
1148 2159 1224 2193 aut
1255 2150 1479 2211 privatus,
1503 2158 1581 2193 aut

159 2229 386 2290 publicus,
408 2247 565 2275 eorum
584 2230 764 2275 decreto
780 2248 870 2275 non
886 2232 1030 2288 stetit,
1044 2231 1272 2276 sacrificiis
1290 2230 1578 2276 interdicunt.

161 2313 266 2355 Haec
292 2329 422 2373 poena
443 2311 563 2374 apud
583 2329 658 2357 eos
679 2322 743 2357 est
764 2313 1038 2375 gravissima.
1063 2313 1242 2372 Quibus
1266 2314 1328 2358 ita
1356 2323 1424 2358 est
1444 2313 1583 2357 inter-

160 2391 332 2437 dictum
351 2429 361 2450 ,
389 2393 418 2436 ii
440 2410 628 2438 numero
651 2394 895 2456 impiorum
916 2412 967 2440 ac
989 2394 1312 2440 sceleratorum
1336 2395 1580 2448 habentur,

159 2475 212 2519 iis
241 2492 396 2520 omnes
425 2474 669 2533 decedunt,
699 2476 873 2521 aditum
900 2494 1055 2522 eorum
1085 2494 1429 2539 sermonemque
1457 2477 1578 2522 defu-

159 2557 311 2617 giunt,
337 2574 393 2602 ne
414 2557 523 2619 quid
547 2575 600 2602 ex
624 2559 893 2621 contagione
917 2559 1193 2605 incommodi
1217 2560 1439 2621 accipiant
1466 2575 1474 2602 :
1502 2571 1579 2599 ne-

161 2653 247 2697 que
271 2639 320 2684 iis
347 2641 604 2701 petentibus
626 2641 699 2702 jus
725 2641 948 2700 redditur,
976 2660 1119 2704 neque
1142 2643 1287 2687 honos
1315 2640 1433 2686 ullus
1459 2656 1582 2685 com-

163 2720 429 2765 municatur.
461 2723 540 2766 His
569 2733 716 2768 autem
751 2725 961 2770 omnibus
992 2725 1228 2770 druidibus
1258 2733 1416 2786 praeest
1441 2738 1580 2778 unus,
