1972 3356
330 306 400 339 !24
539 299 578 333 C.
608 298 735 333 JULII
766 298 985 334 CAESARIS
1016 298 1506 335 COMMENTARIORUM

327 391 477 437 vento,
508 381 723 424 ferventes
748 380 865 425 fusili
895 398 947 426 ex
976 381 1127 443 argilla
1159 381 1339 443 glandes
1367 382 1534 436 fundis,
1558 390 1602 423 et
1628 380 1709 424 fer-

326 460 490 504 vefacta
523 458 669 520 jacula
704 461 750 504 in
786 476 925 516 casas,
965 478 1062 521 quae
1097 477 1219 505 more
1253 460 1427 506 Gallico
1467 466 1709 509 stramentis

325 550 448 584 erant
479 549 627 597 tectae,
655 542 800 602 jacere
826 551 1066 602 coeperunt.
1100 544 1177 586 Hae
1201 540 1402 585 celeriter
1424 541 1571 602 ignem
1596 556 1710 586 com-

325 620 675 680 prehenderunt,
707 632 752 665 et
781 623 903 665 venti
933 621 1237 683 magnitudine
1270 623 1314 665 in
1348 637 1524 665 omnem
1551 630 1711 665 castro-

324 717 423 744 rum
461 700 607 745 locum
638 701 917 746 distulerunt.
949 705 1127 759 Hostes,
1164 703 1356 746 maximo
1387 701 1576 745 clamore
1607 702 1719 746 inse-

325 782 434 838 cuti,
472 784 595 842 quasi
631 792 757 843 parta
787 784 878 844 jam
913 792 1045 843 atque
1076 782 1301 844 explorata
1332 784 1537 839 victoria,
1572 794 1714 827 turres

326 861 653 923 testudinesque
689 879 840 924 agere,
878 873 921 907 et
953 862 1079 908 scalis
1109 862 1271 907 vallum
1306 863 1539 907 ascendere
1575 879 1715 923 coepe-

324 952 442 986 runt.
473 945 528 988 At
556 953 680 988 tanta
709 943 901 988 militum
927 945 1066 988 virtus
1094 954 1224 1005 atque
1251 961 1299 988 ea
1325 945 1557 1006 praesentia
1581 945 1713 988 animi

324 1022 433 1078 fuit,
458 1032 527 1080 ut,
549 1041 686 1084 quum
707 1024 904 1085 undique
923 1024 1100 1069 flamma
1119 1035 1412 1082 torrerentur,
1438 1025 1716 1084 maximaque

326 1102 512 1146 telorum
540 1102 823 1148 multitudine
851 1115 1179 1165 premerentur,
1207 1122 1372 1166 suaque
1402 1106 1550 1149 omnia
1577 1106 1716 1165 impe-

325 1182 517 1227 dimenta
542 1193 672 1245 atque
701 1201 854 1229 omnes
882 1185 1079 1249 fortunas
1103 1185 1374 1247 conflagrare
1398 1184 1712 1246 intelligerent,

325 1279 413 1306 non
443 1263 574 1308 modo
606 1264 883 1326 demigrandi
911 1282 1040 1310 causa
1070 1266 1123 1310 de
1156 1265 1273 1309 vallo
1308 1265 1537 1309 decederet
1564 1281 1713 1320 nemo,

325 1343 400 1387 sed
434 1360 555 1405 paene
583 1361 637 1388 ne
666 1346 902 1406 respiceret
932 1345 1112 1407 quidem
1140 1347 1397 1407 quisquam,
1426 1362 1475 1389 ac
1502 1354 1596 1388 tum
1626 1361 1716 1388 om—

325 1440 401 1468 nes
431 1425 642 1468 acerrime
671 1425 994 1485 fortissimeque
1025 1436 1287 1488 pugnarent.
1315 1427 1399 1470 Hic
1432 1426 1522 1469 dies
1555 1425 1715 1469 nostris

327 1504 455 1566 longe
476 1506 876 1566 gravissimus-fuit3
900 1506 974 1550 sed
998 1516 1142 1551 tamen
1167 1507 1285 1551 hunc
1309 1508 1464 1551 habuit
1487 1517 1713 1552 eventum.

325 1595 373 1629 ut
395 1603 445 1630 eo
471 1586 540 1629 die
564 1587 778 1630 maximus
802 1587 995 1631 hostium
1025 1604 1234 1631 numerus
1259 1587 1564 1631 vulneraretur
1583 1597 1713 1647 atque

327 1666 667 1722 interficeretur3
689 1676 738 1711 ut
763 1684 807 1711 se
821 1668 902 1712 sub
927 1669 1019 1728 ipso
1040 1667 1155 1711 vallo
1177 1668 1557 1728 constipaverant,
1578 1683 1714 1711 reces-

324 1764 509 1809 sumque
538 1749 690 1809 primis
719 1747 862 1792 ultimi
898 1765 985 1792 non
1013 1748 1188 1792 dabant.
1228 1748 1411 1792 Paulum
1441 1747 1615 1806 quidem
1646 1749 1710 1791 in-

325 1826 520 1870 termissa
553 1826 750 1882 flamma,
783 1838 824 1870 et
860 1828 1051 1888 quodam
1092 1827 1189 1870 loco
1223 1827 1335 1870 turri
1363 1827 1516 1869 adacta
1540 1835 1582 1869 et
1609 1842 1714 1869 con-

327 1907 521 1968 tingente
550 1907 733 1966 vallum,
762 1911 898 1953 tertiae
929 1909 1121 1953 cohortis
1146 1909 1426 1951 centuriones
1451 1923 1503 1950 ex
1527 1923 1598 1963 eo,
1625 1923 1713 1967 quo

325 1988 518 2044 stabant,
551 1988 647 2034 loco
675 1999 977 2045 recesserunt,
1004 2006 1192 2050 suosque
1226 2006 1377 2033 omnes
1410 1998 1713 2043 renioverunt3

326 2078 437 2112 nutu
462 2070 730 2131 vocibusque
756 2071 926 2127 hostes,
955 2073 989 2114 si
1018 2072 1200 2115 introire
1229 2068 1413 2126 vellent,
1438 2086 1595 2113 vocare
1629 2086 1715 2113 coe-

326 2159 488 2208 perunt
513 2167 522 2193 ε
548 2167 738 2210 quorum
753 2150 961 2213 progredi
982 2168 1111 2194 ausus
1132 2159 1196 2194 est
1219 2167 1362 2194 nemo.
1383 2151 1496 2193 Tum
1521 2166 1573 2192 ex
1593 2150 1713 2193 omni

325 2239 449 2288 parte
465 2229 685 2291 lapidibus
700 2232 909 2292 conjectis
925 2230 1165 2285 deturbati,
1179 2230 1400 2290 turrisque
1414 2246 1621 2274 succensa
1635 2239 1709 2272 est.

389 2311 548 2355 XLIV.
583 2314 721 2356 Erant
758 2313 802 2355 in
842 2329 891 2355 ea
926 2311 1095 2373 legione
1125 2311 1350 2354 fortissimi
1379 2311 1461 2353 viri
1495 2309 1713 2353 centurio·

326 2408 425 2446 nes,
450 2393 526 2452 qui
546 2392 638 2453 jam
660 2394 814 2454 primis
837 2393 1065 2437 ordinibus
1088 2392 1516 2452 appropinquarent,
1539 2392 1587 2433 T.
1614 2388 1713 2432 Pul-

326 2471 404 2526 fio,
431 2482 472 2515 et
499 2474 548 2515 L.
580 2475 794 2517 Varenus.
823 2475 880 2517 Hi
915 2482 1148 2533 perpetuas
1180 2473 1296 2515 inter
1321 2488 1364 2514 se
1396 2470 1711 2513 controversias

326 2550 564 2607 habebant,
580 2554 762 2613 quinam
777 2553 1087 2608 anteferretur,
1101 2552 1393 2610 omnibusque
1411 2550 1534 2593 annis
1548 2547 1712 2592 deloco

327 2632 507 2675 summis
531 2633 828 2677 simultatibus
858 2632 1197 2677 contendebant.
1225 2633 1287 2674 Ex
1315 2631 1363 2672 iis
1392 2627 1551 2683 Pulfio,
1575 2644 1712 2689 quum

328 2714 537 2756 acerrime
561 2715 615 2757 ad
640 2715 908 2758 munitiones
930 2722 1202 2773 pugnaretur
1227 2728 1233 2752 :
1260 2731 1278 2750 α
1301 2708 1421 2767 Quid
1437 2709 1632 2764 dubitas,
1653 2709 1713 2751 in-
