1972 3356
407 294 479 330 255
830 296 979 330 NOTAE
1009 296 1060 330 IN
1090 296 1180 330 LIB.
1212 297 1229 330 Ι
1259 296 1321 330 ET
1352 298 1386 331 11

460 374 542 407 Cir.
565 371 704 407 XXXI.
734 373 798 405 Aa
818 373 1108 420 Illagetobrf'am.
1132 373 1284 407 Habent
1310 373 1495 408 editiones
1522 373 1649 420 priscae
1678 377 1804 410 Ama-

403 434 579 481 getobrioe
602 446 665 468 seu
689 434 744 467 ad
766 434 1036 482 llffagetobn'oe‚
1059 435 1109 469 ita
1132 447 1281 482 quoque
1307 446 1444 482 graecus
1475 435 1661 482 interpres
1687 438 1804 471 Com-

406 495 676 530 mentariorum
699 495 872 539 Caesaris,
898 494 933 532 ἐν
959 495 1009 543 τῖῖ
1029 493 1339 547 Ἀμοιγετοζρίᾳ,
1370 498 1667 544 repugnantibus
1695 499 1805 533 codi-

406 557 520 592 cibus.
536 556 756 601 OberlinuS,
771 570 816 593 ex
831 559 949 594 veteri
961 567 1210 595 monumento
1220 587 1229 604 ,
1242 560 1435 594 revocavit
1449 560 1504 593 ad
1513 560 1804 608 Alagetobriam,

406 632 516 666 quam
530 619 730 654 lectionem
745 632 828 655 cum
842 622 888 656 D.
900 622 1070 666 Lemaire
1079 629 1223 657 secutus
1238 629 1291 656 est
1305 623 1350 656 D.
1362 621 1571 665 Artaud,in
1580 629 1710 657 nostra
1722 622 1806 657 edi-

406 681 520 716 tione.
549 681 709 728 Utrique
732 682 885 717 lectioni
908 696 977 731 ego
999 683 1183 719 assentior
1210 696 1218 718 :
1245 682 1453 718 Chiffletius
1475 682 1575 718 enim
1597 683 1634 718 in
1662 684 1806 719 Vesun—

405 744 519 787 ιίοηε,
549 756 586 791 p.
620 758 654 789 1,
676 758 706 780 c.
732 744 797 790 35,
821 752 857 780 et
885 746 1098 789 D'Anville‚
1123 746 1254 781 Notice
1278 747 1326 780 (le
1351 748 1391 780 la
1414 746 1547 789 Gaule,
1575 758 1611 793 p.
1639 745 1708 790 60,
1729 758 1805 781 no-

404 805 516 841 minis
536 806 651 854 ipsius
673 807 830 855 vestigia
853 816 1061 856 agnoscunt
1081 808 1119 842 in
1144 810 1228 843 loco
1249 808 1350 843 dicto
1372 810 1410 843 la
1429 808 1574 856 Affoigte
1597 809 1644 843 de
1662 809 1806 852 Broye,

405 868 454 903 ad
479 869 605 904 Araris
627 877 662 905 et
688 870 861 917 Ognonis
882 869 1132 914 confluentes,
1158 883 1279 918 prope
1306 871 1430 905 vicum
1457 871 1698 905 Pontaillier-
1717 884 1806 906 sur—-

408 930 549 974 Saone,
572 944 651 966 non
671 932 981 967 confundendum
1000 945 1083 967 cum
1095 933 1327 976 Pontarlier;
1349 932 1571 980 egregieque
1589 933 1661 968 hoc
1680 931 1807 968 firma-

406 1000 464 1027 tur
483 1001 730 1029 monumento
750 994 964 1042 nuperrime
986 994 1133 1030 detecto
1153 992 1268 1043 (anno
1296 994 1429 1043 1802);
1453 995 1593 1030 scilicet
1617 995 1716 1030 inter
1738 1008 1806 1030 va-

405 1055 458 1089 ria
486 1063 732 1091 monumenta
755 1069 801 1091 ex
824 1056 936 1091 Arari
964 1057 1152 1091 exsiccato
1179 1063 1282 1091 eruta
1297 1083 1306 1100 ,
1330 1056 1451 1090 visum
1477 1064 1530 1091 est
1555 1057 1806 1104 fragmentum

406 1130 507 1151 urnae
531 1130 613 1152 cum
637 1118 843 1165 epigraphe
862 1119 1117 1153 MAGETOB.
1142 1120 1234 1162 Quae
1260 1117 1474 1165 inscriptio,
1496 1125 1536 1152 ut
1558 1118 1609 1153 ait
1641 1119 1806 1154 eruditus

406 1179 530 1214 editor
560 1180 802 1215 Collectionis
822 1187 1015 1215 auctorum
1039 1180 1278 1216 classicorum
1304 1180 1507 1215 latinorum
1521 1207 1530 1225 ,
1553 1188 1631 1215 tum
1652 1188 1810 1228 propter

404 1241 635 1277 vicinitatem
661 1242 736 1277 loci
764 1245 804 1277 la
832 1243 977 1291 flloigte
995 1244 1042 1278 de
1065 1244 1209 1289 Broye,
1239 1249 1317 1277 tum
1343 1249 1499 1291 propter
1526 1243 1807 1278 similitudinem

405 1303 619 1348 nominum,
633 1304 719 1339 satis
739 1312 867 1352 aperte
882 1304 1046 1341 declarat
1066 1305 1236 1340 eamdem
1255 1318 1334 1340 esse
1354 1304 1602 1352 positionem,
1616 1305 1717 1341 idem
1736 1318 1810 1341 no-

403 1378 501 1400 men.
535 1366 617 1401 Hoc
641 1380 790 1415 quoque
815 1366 1058 1402 confirmatur
1083 1368 1311 1416 etymologia
1334 1367 1442 1414 hujus
1472 1367 1648 1403 nominis.
1670 1369 1811 1417 Mage-

407 1428 534 1463 tobrioe
559 1429 659 1464 enim
679 1442 819 1465 nomen
846 1428 1050 1465 conflatum
1071 1438 1124 1465 est
1148 1443 1194 1465 ex
1220 1443 1341 1478 graeco
1363 1427 1560 1476 μήκεα-Ἴος,
1583 1431 1712 1466 dorice
1731 1428 1811 1475 μοι’-

405 1494 547 1534 nno-705,
582 1491 822 1538 longissimus
859 1491 982 1541 (unde
1007 1493 1191 1527 Macistus
1216 1506 1347 1537 mons,
1378 1500 1414 1529 et
1438 1494 1629 1529 Macestos
1654 1492 1811 1537 fluvius,

406 1553 506 1600 apud
532 1553 738 1602 Plinium),
770 1561 806 1588 et
831 1554 913 1588 bria
938 1567 1010 1602 pro
1037 1555 1137 1589 brim
1164 1556 1224 1590 vel
1251 1556 1357 1603 briga
1383 1568 1499 1602 pons,
1526 1555 1675 1603 gallice,
1701 1557 1809 1604 Long

402 1623 515 1663 pont;
536 1615 844 1663 ideoque-gallice
858 1616 1031 1651 scribitur
1044 1619 1082 1651 la
1096 1618 1252 1665 Illoigte.
1268 1618 1307 1653 Si
1318 1617 1519 1664 legendum
1533 1617 1630 1652 foret
1639 1620 1808 1665 Amage-

405 1678 558 1721 tobrioe,
590 1684 627 1713 et
658 1678 789 1725 gallice
817 1679 1014 1727 l’Amozgroe
1041 1691 1110 1726 pro
1135 1682 1175 1714 la
1202 1680 1366 1727 Mozgrte,
1393 1679 1638 1714 derivandum
1672 1687 1767 1715 esset
1786 1694 1803 1713 :n

405 1752 526 1786 graeco
539 1738 747 1789 ἁμαχητὸς
762 1741 916 1788 quinon
932 1749 1057 1789 potest
1071 1742 1302 1789 oppugnari,
1317 1749 1351 1776 et
1365 1742 1447 1776 bria
1460 1754 1576 1788 pons,
1589 1743 1690 1777 Pons
1704 1742 1810 1777 inex-

406 1803 635 1849 pugnabilis.
650 1804 874 1838 Alterutram
894 1804 1161 1851 etymologiam
1180 1816 1251 1850 pro
1272 1810 1374 1838 certo
1394 1803 1537 1845 habeo,
1551 1803 1673 1838 adhuc
1685 1811 1806 1839 autem

409 1865 520 1899 lectio
543 1864 683 1900 incerta
705 1873 779 1909 θεῖς
799 1865 1002 1912 epigraphe
1031 1865 1130 1901 enim
1151 1865 1406 1900 MAGETOB.
1429 1864 1468 1899 in
1487 1865 1611 1901 littera
1631 1867 1673 1900 M
1694 1866 1809 1901 fracta

406 1925 492 1971 fuit,
513 1933 549 1961 et
567 1927 654 1962 huic
674 1926 886 1975 fragmento
906 1927 1030 1962 littera
1049 1926 1202 1962 initialis
1226 1929 1257 1961 A
1277 1925 1437 1962 deficere
1460 1934 1595 1974 potest.

459 2039 542 2074 CAP.
564 2039 783 2074 XXXVIII.
811 2039 939 2073 Dubis.
957 2055 971 2070 ι(
989 2038 1120 2074 Codex
1141 2039 1264 2073 nullus
1282 2038 1397 2073 habet
1418 2039 1557 2081 Dubis;
1578 2051 1708 2074 omnes
1726 2039 1809 2086 plus

405 2101 578 2136 minusve
602 2108 777 2149 corrupte
803 2102 932 2148 legunt
955 2101 1226 2143 Adduadubis,
1247 2103 1282 2135 A
1287 2101 1486 2135 lduadubz's
1497 2127 1508 2143 ,
1529 2102 1805 2145 Alduasdubzlc,

406 2164 623 2207 Adduabis,
646 2164 913 2199 Alduadusius.
929 2164 972 2198 In
992 2164 1179 2199 hac-<tanta
1198 2163 1402 2210 farragine,
1423 2163 1602 2199 Cellarius
1616 2176 1687 2210 pro
1704 2171 1807 2199 certo

406 2225 532 2272 posuit
546 2225 663 2261 Dubis
676 2239 688 2260 .·
709 2238 821 2273 quam
840 2225 1042 2261 lectionem
1062 2233 1285 2273 receperunt
1310 2225 1551 2273 posteriores.
1570 2241 1585 2256 »
1606 2227 1661 2261 Ita
1679 2226 1806 2261 Ober—

406 2288 523 2332 linus,
548 2288 612 2335 qui
639 2288 769 2335 quaerit
791 2288 890 2323 unde
916 2286 1065 2323 fluxerit
1089 2288 1160 2324 ista
1179 2288 1385 2335 corruptio.
1405 2288 1502 2322 Mihi
1525 2287 1674 2323 videtur
1697 2300 1807 2336 posse

406 2350 550 2385 nodum
564 2350 673 2385 istum
693 2350 791 2385 solvi
809 2351 882 2385 hoc
902 2350 1041 2385 modo:
1057 2351 1199 2385 Addua
1219 2357 1273 2385 est
1298 2363 1375 2385 vox
1395 2362 1513 2397 graeca
1538 2347 1684 2395 αἴθυιαι,
1708 2362 1806 2385 mer—

407 2424 492 2459 gus,
527 2425 739 2460 cognomen
775 2411 881 2448 fluvii
909 2413 1044 2455 Dubis,
1076 2413 1194 2457 unde,
1227 2412 1454 2460 cognomine
1494 2413 1650 2457 eodem,
1676 2413 1808 2459 populi

408 2472 574 2519 finitimi,
603 2476 731 2518 AEduz‘,
761 2476 820 2510 vel
845 2475 980 2522 mergi,
1009 2474 1047 2509 in
1074 2475 1191 2509 altero
1212 2487 1343 2518 sensu,
1368 2487 1505 2522 nempe
1528 2474 1731 2510 alludendo
1758 2475 1807 2509 ad

408 2549 570 2585 mergus,
593 2538 744 2584 gallice,
759 2539 971 2585 plongeoez,
989 2544 1025 2571 et
1047 2544 1226 2571 marcotte
1251 2537 1299 2571 de
1317 2537 1449 2584 vigne,
1473 2536 1533 2583 qui
1555 2537 1692 2584 mergit
1706 2548 1744 2571 se
1768 2535 1805 2570 in

408 2599 622 2643 scrobibus,
636 2607 675 2634 ut
690 2599 767 2634 avis
782 2599 892 2645 hujus
910 2599 1092 2642 nominis,
1109 2599 1147 2633 in
1168 2599 1294 2646 aquis,
1315 2599 1414 2633 unde
1429 2610 1578 2645 quoque
1592 2598 1732 2632 Addua
1747 2599 1806 2633 vcl

408 2662 592 2704 Adduas,
626 2660 760 2697 fluvius
791 2661 921 2697 Galliae
954 2661 1171 2709 Cisalpinae,
1205 2661 1434 2696 nostratibus
1456 2660 1616 2703 l'Adda,
1639 2667 1740 2695 ortus
1767 2660 1805 2695 in

410 2724 535 2758 Adula
544 2732 671 2759 monte
681 2752 689 2769 ,
699 2732 734 2759 et
746 2724 808 2772 qui
818 2725 971 2759 Larium
985 2724 1115 2772 implet
1128 2725 1248 2759 lacum
1259 2750 1270 2766 ,
1283 2735 1345 2757 seu
1359 2723 1477 2756 lacum
1487 2721 1565 2756 avis
1575 2721 1788 2757 larusdictae
1796 2737 1807 2769 3
