1972 3356
320 198 369 232 60
530 199 567 232 C.
594 198 723 232 JULII
753 196 969 230 CAESARIS
1000 196 1485 234 COMMENTARIORUM

321 299 416 325 rum
450 291 639 324 extrema
677 280 893 340 parietum
941 289 1159 323 structura
1193 290 1458 341 tegerentur,
1500 300 1552 326 ne
1594 285 1698 344 quid

319 363 546 415 emineret,
570 359 642 402 ubi
671 360 784 420 ignis
808 360 998 403 hostium
1025 360 1350 405 adhaeresceret.
1378 364 1502 406 Hauc
1526 364 1704 425 iusuper

318 440 713 501 contignationem,
755 450 968 500 quantum
1018 450 1179 485 tectum
1215 440 1352 502 plutei
1395 459 1443 486 ac
1482 443 1703 499 vinearum

318 538 493 582 passum
521 531 609 577 est,
646 520 857 565 laterculo
887 521 1224 579 adstruxerunt,
1252 539 1470 584 supraque
1501 540 1600 567 eum
1639 523 1704 568 lo-

317 619 415 646 cum
443 602 531 646 duo
559 603 680 663 tigna
699 613 946 646 transversa
970 603 1234 663 injecerunt,
1265 621 1352 647 non
1390 603 1519 666 longe
1553 605 1606 648 ab
1634 621 1707 648 ex-

319 683 469 727 tremis
493 683 753 744 parietibus,
780 683 940 743 quibus
967 683 1283 744 suspenderent
1300 701 1395 728 eam
1410 685 1705 746 contignatio-

317 780 442 820 nem,
473 781 570 825 quae
610 766 719 809 turri
767 766 1006 826 tegimento
1042 775 1152 809 esset
1190 766 1357 822 futura3
1393 783 1615 827 supraque
1658 783 1707 810 ea

320 846 440 906 tigna
471 847 637 890 directo
663 856 930 890 transversas
960 846 1102 890 trabes
1130 847 1401 906 injecerunt,
1431 863 1588 907 easque
1613 848 1705 890 axi-

319 926 399 969 bus
427 926 738 988 religaverunt.
768 928 858 969 Has
880 927 1024 970 trabes
1048 925 1178 986 paulo
1200 926 1421 988 longiores
1451 937 1580 987 atque
1603 928 1708 971 emi-

318 1007 564 1061 nentiores,
591 1024 723 1066 quam
750 1007 931 1050 extremi
966 1007 1151 1067 parietes
1185 1017 1331 1063 erant,
1360 1007 1622 1060 effecerunt,
1659 1019 1705 1052 ut

317 1096 450 1139 esset,
469 1087 545 1130 ubi
569 1088 807 1147 tegimenta
824 1086 1108 1147 praependere
1133 1097 1309 1147 possent
1330 1087 1385 1130 ad
1411 1086 1707 1132 defendendos

320 1169 430 1211 ictus
458 1184 509 1211 ac
529 1165 827 1228 repellendos,
857 1167 962 1209 dum
987 1168 1100 1210 inter
1118 1183 1209 1210 eam
1235 1168 1612 1228 contignationem
1629 1185 1706 1228 pa-

317 1248 447 1292 rietes
471 1257 828 1301 exstruerentur3
857 1263 1043 1307 eamque
1068 1246 1470 1292 contabulationem
1494 1264 1706 1292 summam

315 1327 522 1372 lateribus
548 1326 730 1388 lutoque
756 1337 1120 1384 constraverunt,
1159 1344 1213 1371 ne
1243 1327 1349 1388 quid
1374 1329 1486 1390 ignis
1514 1329 1706 1372 hostium

316 1425 472 1451 nocere
504 1418 672 1468 posset3
712 1418 1008 1468 centonesque
1035 1409 1214 1468 insuper
1257 1408 1520 1468 injecerunt,
1555 1425 1607 1453 ne
1632 1418 1709 1453 aut

317 1488 401 1532 tela
446 1489 679 1532 tormentis
719 1489 848 1531 missa
890 1486 1207 1531 tabulationem
1246 1488 1589 1549 perfringerent,
1632 1499 1708 1533 aut

317 1585 418 1611 saxa
452 1584 504 1611 ex
530 1566 764 1628 catapultis
794 1567 1029 1611 lateritium
1059 1567 1339 1612 discuterent.
1368 1570 1532 1612 Storias
1561 1579 1707 1613 autem

316 1665 366 1691 cx
395 1648 571 1692 funibus
599 1648 872 1692 anchorariis
913 1658 1022 1703 tres,
1064 1649 1107 1691 in
1144 1647 1464 1709 longitudinem
1490 1650 1706 1710 parietum

316 1729 470 1781 turris,
494 1728 600 1771 latas
640 1745 683 1771 iv
714 1728 846 1788 pedes
878 1727 1096 1779 fecerunt,
1129 1744 1287 1787 easque
1321 1745 1373 1771 ex
1399 1729 1540 1772 tribus
1571 1730 1707 1789 parti-

312 1810 419 1861 bus,
444 1826 540 1868 quae
560 1808 615 1852 ad
630 1808 775 1851 hostes
798 1808 1058 1869 vergebant,
1088 1808 1380 1852 eminentibus
1405 1808 1600 1852 trabibus
1625 1809 1708 1852 cir-

315 1907 413 1933 cum
442 1890 598 1932 turrim
614 1888 945 1950 praependentes
972 1887 1296 1949 religaverunt:
1318 1888 1437 1948 quod
1464 1905 1603 1932 unum
1630 1905 1705 1950 ge-

317 1988 397 2014 nus
428 1970 653 2031 tegimenti
684 1968 780 2012 aliis
810 1967 914 2012 locis
951 1978 1073 2012 erant
1110 1970 1276 2029 experti
1304 1968 1426 2013 nullo
1454 1968 1540 2012 telo
1568 1985 1709 2030 neque

316 2060 536 2094 tormento
571 2050 767 2110 transjici
796 2065 934 2110 posse.
966 2049 1054 2092 Ubi
1084 2066 1188 2093 vero
1220 2066 1269 2093 ea
1299 2066 1399 2110 pars
1427 2050 1584 2103 turris,
1614 2065 1708 2109 quae

315 2142 407 2176 erat
431 2131 647 2192 perfecta,
680 2141 790 2174 tecta
821 2140 951 2190 atquc
983 2132 1151 2174 munita
1191 2141 1253 2174 est
1280 2131 1334 2174 ab
1363 2132 1481 2174 omni
1512 2130 1598 2174 ictu
1628 2131 1707 2174 ho·

317 2214 472 2269 stium,
499 2211 670 2272 pluteos
690 2211 744 2255 ad
771 2210 854 2255 alia
873 2227 1007 2272 opera
1038 2211 1315 2256 abduxerunt
1342 2230 1349 2254 :
1380 2212 1513 2255 turris
1543 2221 1704 2255 tectum

319 2310 394 2354 per
409 2310 453 2337 sc
474 2294 614 2354 ipsum
636 2292 1001 2353 prehensionibus
1024 2310 1074 2337 ex
1103 2293 1434 2353 contignatione
1449 2292 1591 2353 prima
1612 2308 1706 2334 sus·

320 2374 506 2434 pendere
546 2391 596 2417 ac
627 2372 778 2417 tollere
813 2384 1058 2433 coeperunt,
1085 2375 1183 2431 ubi,
1219 2384 1432 2434 quantum
1472 2373 1705 2416 storiarum

320 2456 521 2499 demissio
551 2455 825 2515 patiebatur,
851 2464 1021 2497 tantum
1051 2455 1295 2499 elevabant.
1328 2458 1449 2498 Intra
1479 2453 1567 2496 haec
1607 2450 1708 2511 tegi-

321 2545 466 2579 menta
488 2534 623 2578 abditi
647 2544 776 2595 atque
794 2535 947 2578 muniti
974 2536 1158 2595 parietes
1174 2534 1382 2579 lateribus
1399 2532 1705 2585 exstruebant,

322 2632 558 2676 rursusque
595 2615 677 2658 alia
712 2616 997 2676 prehensionc
1033 2616 1085 2659 ad
1119 2615 1418 2660 wdificandum
1450 2613 1528 2657 sibi
1561 2612 1708 2656 lorum
