<?xml version="1.0" encoding="UTF-8"?>
<!DOCTYPE html PUBLIC "-//W3C//DTD XHTML 1.0 Transitional//EN"
    "http://www.w3.org/TR/xhtml1/DTD/xhtml1-transitional.dtd">
<html xmlns="http://www.w3.org/1999/xhtml" xml:lang="en" lang="en">
 <head>
  <title>
</title>
<meta http-equiv="Content-Type" content="text/html;charset=utf-8" />
  <meta name='ocr-system' content='tesseract 3.04.00' />
  <meta name='ocr-capabilities' content='ocr_page ocr_carea ocr_par ocr_line ocrx_word'/>
</head>
<body>
  <div class='ocr_page' id='page_1' title='image "./operajoh0102caesuoft_0617.png"; bbox 0 0 1972 3356; ppageno 0'>
   <div class='ocr_carea' id='block_1_1' title="bbox 680 173 1607 214">
    <p class='ocr_par' dir='ltr' id='par_1_1' title="bbox 680 173 1607 214">
     <span class='ocr_line' id='line_1_1' title="bbox 680 173 1607 214; baseline 0.004 -4"><span class='ocrx_word' id='word_1_1' title='bbox 680 175 747 210; x_wconf 90' lang='lat' dir='ltr'><strong>DE</strong></span> <span class='ocrx_word' id='word_1_2' title='bbox 778 175 943 211; x_wconf 88' lang='lat' dir='ltr'>BELLO</span> <span class='ocrx_word' id='word_1_3' title='bbox 975 173 1142 210; x_wconf 85' lang='lat' dir='ltr'>CIVILI.</span> <span class='ocrx_word' id='word_1_4' title='bbox 1537 177 1607 214; x_wconf 84' lang='lat'><strong>311</strong></span> 
     </span>
    </p>
   </div>
   <div class='ocr_carea' id='block_1_2' title="bbox 207 252 1614 2657">
    <p class='ocr_par' dir='ltr' id='par_1_2' title="bbox 215 252 1613 414">
     <span class='ocr_line' id='line_1_2' title="bbox 271 252 1613 304; baseline 0.001 -15"><span class='ocrx_word' id='word_1_5' title='bbox 271 254 356 289; x_wconf 51' lang='lat' dir='ltr'><strong>cip.</strong></span> <span class='ocrx_word' id='word_1_6' title='bbox 387 254 505 289; x_wconf 87' lang='lat' dir='ltr'>LXII.</span> <span class='ocrx_word' id='word_1_7' title='bbox 539 255 664 302; x_wconf 79' lang='lat' dir='ltr'>Aeque</span> <span class='ocrx_word' id='word_1_8' title='bbox 693 266 870 304; x_wconf 79' lang='lat' dir='ltr'><em>aggerem</em></span> <span class='ocrx_word' id='word_1_9' title='bbox 897 260 1130 301; x_wconf 80' lang='lat' dir='ltr'><strong>comportare</strong></span> <span class='ocrx_word' id='word_1_10' title='bbox 1142 252 1258 298; x_wconf 78' lang='lat' dir='ltr'><strong>jubet.</strong></span> <span class='ocrx_word' id='word_1_11' title='bbox 1286 254 1466 301; x_wconf 81' lang='lat' dir='ltr'><strong>Sequenti</strong></span> <span class='ocrx_word' id='word_1_12' title='bbox 1491 255 1613 303; x_wconf 87' lang='lat' dir='ltr'><strong>capite</strong></span> 
     </span>
     <span class='ocr_line' id='line_1_3' title="bbox 216 315 1613 365; baseline 0.002 -14"><span class='ocrx_word' id='word_1_13' title='bbox 216 316 363 352; x_wconf 88' lang='lat' dir='ltr'><strong>dicetur</strong></span> <span class='ocrx_word' id='word_1_14' title='bbox 386 329 460 364; x_wconf 89' lang='lat' dir='ltr'><strong>qua</strong></span> <span class='ocrx_word' id='word_1_15' title='bbox 479 324 604 352; x_wconf 80' lang='lat' dir='ltr'><strong>mente</strong></span> <span class='ocrx_word' id='word_1_16' title='bbox 625 324 660 352; x_wconf 86' lang='lat' dir='ltr'><strong>et</strong></span> <span class='ocrx_word' id='word_1_17' title='bbox 689 330 800 365; x_wconf 88' lang='lat' dir='ltr'>quem</span> <span class='ocrx_word' id='word_1_18' title='bbox 822 316 870 352; x_wconf 83' lang='lat' dir='ltr'><strong>ad</strong></span> <span class='ocrx_word' id='word_1_19' title='bbox 897 329 1002 352; x_wconf 88' lang='lat' dir='ltr'><strong>usum</strong></span> <span class='ocrx_word' id='word_1_20' title='bbox 1020 315 1221 364; x_wconf 86' lang='lat' dir='ltr'><strong>Pompeius</strong></span> <span class='ocrx_word' id='word_1_21' title='bbox 1252 315 1303 352; x_wconf 83' lang='lat' dir='ltr'><strong>ita</strong></span> <span class='ocrx_word' id='word_1_22' title='bbox 1331 327 1368 351; x_wconf 90' lang='lat' dir='ltr'><strong>se</strong></span> <span class='ocrx_word' id='word_1_23' title='bbox 1389 329 1448 352; x_wconf 88' lang='lat' dir='ltr'><strong>res</strong></span> <span class='ocrx_word' id='word_1_24' title='bbox 1472 316 1613 354; x_wconf 87' lang='lat' dir='ltr'>habere</span> 
     </span>
     <span class='ocr_line' id='line_1_4' title="bbox 215 378 414 414; baseline 0 -1"><span class='ocrx_word' id='word_1_25' title='bbox 215 378 414 414; x_wconf 85' lang='lat' dir='ltr'>curaverit.</span> 
     </span>
    </p>

    <p class='ocr_par' dir='ltr' id='par_1_3' title="bbox 215 440 1614 600">
     <span class='ocr_line' id='line_1_5' title="bbox 271 440 1612 489; baseline 0.001 -13"><span class='ocrx_word' id='word_1_26' title='bbox 271 442 357 476; x_wconf 61' lang='lat' dir='ltr'><strong>Cn.</strong></span> <span class='ocrx_word' id='word_1_27' title='bbox 381 441 522 477; x_wconf 89' lang='lat' dir='ltr'>LXIII.</span> <span class='ocrx_word' id='word_1_28' title='bbox 545 441 675 476; x_wconf 73' lang='lat' dir='ltr'><em>Millia</em></span> <span class='ocrx_word' id='word_1_29' title='bbox 700 453 888 488; x_wconf 81' lang='lat' dir='ltr'><em>passuum</em></span> <span class='ocrx_word' id='word_1_30' title='bbox 914 441 951 474; x_wconf 78' lang='lat' dir='ltr'><strong>ia</strong></span> <span class='ocrx_word' id='word_1_31' title='bbox 977 440 1130 474; x_wconf 73' lang='lat' dir='ltr'><strong>circuitu</strong></span> <span class='ocrx_word' id='word_1_32' title='bbox 1163 452 1278 475; x_wconf 86' lang='lat' dir='ltr'>xv111.</span> <span class='ocrx_word' id='word_1_33' title='bbox 1298 440 1425 476; x_wconf 80' lang='lat' dir='ltr'><strong>Justus</strong></span> <span class='ocrx_word' id='word_1_34' title='bbox 1444 442 1612 489; x_wconf 80' lang='lat' dir='ltr'>Lipsius,</span> 
     </span>
     <span class='ocr_line' id='line_1_6' title="bbox 216 501 1614 551; baseline -0.001 -13"><span class='ocrx_word' id='word_1_35' title='bbox 216 511 251 537; x_wconf 82' lang='lat' dir='ltr'><strong>et</strong></span> <span class='ocrx_word' id='word_1_36' title='bbox 274 510 362 550; x_wconf 88' lang='lat' dir='ltr'><strong>post</strong></span> <span class='ocrx_word' id='word_1_37' title='bbox 389 515 472 538; x_wconf 88' lang='lat' dir='ltr'><strong>eum</strong></span> <span class='ocrx_word' id='word_1_38' title='bbox 499 502 798 550; x_wconf 87' lang='lat' dir='ltr'><strong>Oudendorpius</strong></span> <span class='ocrx_word' id='word_1_39' title='bbox 821 513 893 549; x_wconf 90' lang='lat' dir='ltr'><strong>pro</strong></span> <span class='ocrx_word' id='word_1_40' title='bbox 918 512 963 551; x_wconf 69' lang='grc' dir='ltr'><strong>τῷ</strong></span> <span class='ocrx_word' id='word_1_41' title='bbox 986 518 1000 531; x_wconf 87' lang='lat'><em>«</em></span> <span class='ocrx_word' id='word_1_42' title='bbox 1019 513 1123 536; x_wconf 79' lang='lat' dir='ltr'><strong>xvxu</strong></span> <span class='ocrx_word' id='word_1_43' title='bbox 1141 517 1156 532; x_wconf 69' lang='grc' dir='ltr'><strong><em>υ</em></strong></span> <span class='ocrx_word' id='word_1_44' title='bbox 1183 501 1390 547; x_wconf 86' lang='lat' dir='ltr'><strong>conjiciunt</strong></span> <span class='ocrx_word' id='word_1_45' title='bbox 1412 502 1614 550; x_wconf 88' lang='lat' dir='ltr'><strong>legendum</strong></span> 
     </span>
     <span class='ocr_line' id='line_1_7' title="bbox 215 576 560 600; baseline 0.003 -1"><span class='ocrx_word' id='word_1_46' title='bbox 215 576 293 599; x_wconf 89' lang='lat' dir='ltr'><strong>esse</strong></span> <span class='ocrx_word' id='word_1_47' title='bbox 323 582 336 596; x_wconf 84' lang='lat'>«</span> <span class='ocrx_word' id='word_1_48' title='bbox 355 576 527 600; x_wconf 75' lang='lat' dir='ltr'><strong>xxxviu.</strong></span> <span class='ocrx_word' id='word_1_49' title='bbox 547 580 560 595; x_wconf 72' lang='lat' dir='ltr'>n</span> 
     </span>
    </p>

    <p class='ocr_par' dir='ltr' id='par_1_4' title="bbox 269 624 1481 673">
     <span class='ocr_line' id='line_1_8' title="bbox 269 624 1481 673; baseline 0.002 -12"><span class='ocrx_word' id='word_1_50' title='bbox 269 627 354 664; x_wconf 75' lang='lat' dir='ltr'>CAP.</span> <span class='ocrx_word' id='word_1_51' title='bbox 376 627 508 662; x_wconf 86' lang='lat' dir='ltr'>LXVI.</span> <span class='ocrx_word' id='word_1_52' title='bbox 539 628 592 662; x_wconf 80' lang='lat' dir='ltr'><strong>Ut</strong></span> <span class='ocrx_word' id='word_1_53' title='bbox 603 625 944 661; x_wconf 77' lang='lat' dir='ltr'><strong>demonstravimus.</strong></span> <span class='ocrx_word' id='word_1_54' title='bbox 967 624 1021 659; x_wconf 91' lang='lat' dir='ltr'><strong>Cf.</strong></span> <span class='ocrx_word' id='word_1_55' title='bbox 1038 637 1146 672; x_wconf 83' lang='lat' dir='ltr'><strong>supra</strong></span> <span class='ocrx_word' id='word_1_56' title='bbox 1165 638 1269 673; x_wconf 85' lang='lat' dir='ltr'><strong>‚cap.</strong></span> <span class='ocrx_word' id='word_1_57' title='bbox 1293 624 1340 669; x_wconf 69' lang='lat'><strong>[45</strong></span> <span class='ocrx_word' id='word_1_58' title='bbox 1362 634 1399 662; x_wconf 89' lang='lat' dir='ltr'><strong>et</strong></span> <span class='ocrx_word' id='word_1_59' title='bbox 1419 627 1481 670; x_wconf 75' lang='grc'><strong>46.</strong></span> 
     </span>
    </p>

    <p class='ocr_par' dir='ltr' id='par_1_5' title="bbox 215 687 1613 799">
     <span class='ocr_line' id='line_1_9' title="bbox 269 687 1613 735; baseline 0.003 -11"><span class='ocrx_word' id='word_1_60' title='bbox 269 689 354 724; x_wconf 64' lang='lat' dir='ltr'><strong>Cn.</strong></span> <span class='ocrx_word' id='word_1_61' title='bbox 380 689 566 725; x_wconf 83' lang='lat' dir='ltr'>LXXIII.</span> <span class='ocrx_word' id='word_1_62' title='bbox 598 689 798 724; x_wconf 82' lang='lat' dir='ltr'><strong>Fim&#39;timas</strong></span> <span class='ocrx_word' id='word_1_63' title='bbox 812 687 1164 735; x_wconf 71' lang='lat' dir='ltr'><strong>frumentariasque</strong></span> <span class='ocrx_word' id='word_1_64' title='bbox 1187 688 1417 735; x_wconf 73' lang='lat' dir='ltr'><strong>provincias.</strong></span> <span class='ocrx_word' id='word_1_65' title='bbox 1447 690 1613 727; x_wconf 84' lang='lat' dir='ltr'><strong>Siciliam</strong></span> 
     </span>
     <span class='ocr_line' id='line_1_10' title="bbox 215 750 670 799; baseline 0 -14"><span class='ocrx_word' id='word_1_66' title='bbox 215 751 406 799; x_wconf 85' lang='lat' dir='ltr'><strong>intellige,</strong></span> <span class='ocrx_word' id='word_1_67' title='bbox 434 758 469 786; x_wconf 89' lang='lat' dir='ltr'><strong>et</strong></span> <span class='ocrx_word' id='word_1_68' title='bbox 490 750 670 786; x_wconf 85' lang='lat' dir='ltr'><strong>Africam.</strong></span> 
     </span>
    </p>

    <p class='ocr_par' dir='ltr' id='par_1_6' title="bbox 219 811 1607 923">
     <span class='ocr_line' id='line_1_11' title="bbox 270 811 1607 862; baseline 0.002 -14"><span class='ocrx_word' id='word_1_69' title='bbox 270 814 336 848; x_wconf 82' lang='lat' dir='ltr'><strong>Uti</strong></span> <span class='ocrx_word' id='word_1_70' title='bbox 352 813 407 848; x_wconf 87' lang='lat' dir='ltr'><strong>ad</strong></span> <span class='ocrx_word' id='word_1_71' title='bbox 428 813 650 861; x_wconf 65' lang='lat' dir='ltr'><strong>Gergoviam</strong></span> <span class='ocrx_word' id='word_1_72' title='bbox 668 812 881 848; x_wconf 76' lang='lat' dir='ltr'><strong>accidisset.</strong></span> <span class='ocrx_word' id='word_1_73' title='bbox 902 811 1000 846; x_wconf 87' lang='lat' dir='ltr'>Vide</span> <span class='ocrx_word' id='word_1_74' title='bbox 1015 811 1111 847; x_wconf 83' lang='lat' dir='ltr'><em>Bell.</em></span> <span class='ocrx_word' id='word_1_75' title='bbox 1131 811 1251 856; x_wconf 62' lang='lat' dir='ltr'><strong>Gall„</strong></span> <span class='ocrx_word' id='word_1_76' title='bbox 1273 812 1338 848; x_wconf 91' lang='lat' dir='ltr'><strong>lib.</strong></span> <span class='ocrx_word' id='word_1_77' title='bbox 1361 826 1441 859; x_wconf 90' lang='lat' dir='ltr'>v11,</span> <span class='ocrx_word' id='word_1_78' title='bbox 1462 826 1542 862; x_wconf 85' lang='lat' dir='ltr'><strong>cap.</strong></span> <span class='ocrx_word' id='word_1_79' title='bbox 1566 815 1607 851; x_wconf 83' lang='lat'><strong>51</strong></span> 
     </span>
     <span class='ocr_line' id='line_1_12' title="bbox 219 888 323 923; baseline 0 -12"><span class='ocrx_word' id='word_1_80' title='bbox 219 888 323 923; x_wconf 84' lang='lat' dir='ltr'>seqq.</span> 
     </span>
    </p>

    <p class='ocr_par' dir='ltr' id='par_1_7' title="bbox 210 936 1613 1048">
     <span class='ocr_line' id='line_1_13' title="bbox 266 936 1613 989; baseline 0.004 -18"><span class='ocrx_word' id='word_1_81' title='bbox 266 938 351 972; x_wconf 74' lang='lat' dir='ltr'>CAP.</span> <span class='ocrx_word' id='word_1_82' title='bbox 371 937 586 973; x_wconf 86' lang='lat' dir='ltr'>LXXVIII.</span> <span class='ocrx_word' id='word_1_83' title='bbox 609 937 829 986; x_wconf 74' lang='lat' dir='ltr'><strong>Tc&#39;mensque</strong></span> <span class='ocrx_word' id='word_1_84' title='bbox 854 937 1034 972; x_wconf 79' lang='lat' dir='ltr'><strong>Domitio.</strong></span> <span class='ocrx_word' id='word_1_85' title='bbox 1049 936 1125 981; x_wconf 88' lang='lat' dir='ltr'><strong>Qui</strong></span> <span class='ocrx_word' id='word_1_86' title='bbox 1145 936 1298 983; x_wconf 88' lang='lat' dir='ltr'>quidem</span> <span class='ocrx_word' id='word_1_87' title='bbox 1319 944 1408 973; x_wconf 90' lang='lat' dir='ltr'><strong>tunc</strong></span> <span class='ocrx_word' id='word_1_88' title='bbox 1434 942 1613 989; x_wconf 86' lang='lat' dir='ltr'><strong>temporis</strong></span> 
     </span>
     <span class='ocr_line' id='line_1_14' title="bbox 210 998 1052 1048; baseline -0.001 -14"><span class='ocrx_word' id='word_1_89' title='bbox 210 1001 250 1034; x_wconf 88' lang='lat' dir='ltr'><strong>in</strong></span> <span class='ocrx_word' id='word_1_90' title='bbox 277 999 504 1035; x_wconf 84' lang='lat' dir='ltr'><strong>Macedonia</strong></span> <span class='ocrx_word' id='word_1_91' title='bbox 531 1006 629 1043; x_wconf 84' lang='lat' dir='ltr'><strong>erat,</strong></span> <span class='ocrx_word' id='word_1_92' title='bbox 655 1007 694 1034; x_wconf 83' lang='lat' dir='ltr'><strong>ut</strong></span> <span class='ocrx_word' id='word_1_93' title='bbox 714 1007 818 1048; x_wconf 86' lang='lat' dir='ltr'><strong>patet</strong></span> <span class='ocrx_word' id='word_1_94' title='bbox 844 1012 863 1034; x_wconf 91' lang='lat' dir='ltr'>e</span> <span class='ocrx_word' id='word_1_95' title='bbox 884 1011 962 1046; x_wconf 87' lang='lat' dir='ltr'><strong>cap.</strong></span> <span class='ocrx_word' id='word_1_96' title='bbox 991 998 1052 1034; x_wconf 78' lang='lat'><strong>36.</strong></span> 
     </span>
    </p>

    <p class='ocr_par' dir='ltr' id='par_1_8' title="bbox 270 1060 1390 1110">
     <span class='ocr_line' id='line_1_15' title="bbox 270 1060 1390 1110; baseline 0.002 -12"><span class='ocrx_word' id='word_1_97' title='bbox 270 1062 431 1098; x_wconf 76' lang='lat' dir='ltr'><strong>obsesso</strong></span> <span class='ocrx_word' id='word_1_98' title='bbox 452 1069 579 1097; x_wconf 81' lang='lat' dir='ltr'><strong>tamen</strong></span> <span class='ocrx_word' id='word_1_99' title='bbox 609 1062 797 1110; x_wconf 80' lang='lat' dir='ltr'><em>Scipione.</em></span> <span class='ocrx_word' id='word_1_100' title='bbox 824 1061 898 1107; x_wconf 87' lang='lat' dir='ltr'><strong>Qui</strong></span> <span class='ocrx_word' id='word_1_101' title='bbox 922 1060 1151 1097; x_wconf 78' lang='lat' dir='ltr'>Thessaliam</span> <span class='ocrx_word' id='word_1_102' title='bbox 1180 1061 1390 1101; x_wconf 80' lang='lat' dir='ltr'>obtinebat.</span> 
     </span>
    </p>

    <p class='ocr_par' dir='ltr' id='par_1_9' title="bbox 212 1124 1614 1235">
     <span class='ocr_line' id='line_1_16' title="bbox 264 1124 1614 1173; baseline 0.003 -13"><span class='ocrx_word' id='word_1_103' title='bbox 264 1125 349 1160; x_wconf 64' lang='lat' dir='ltr'><strong>Cn.</strong></span> <span class='ocrx_word' id='word_1_104' title='bbox 371 1125 553 1161; x_wconf 88' lang='lat' dir='ltr'>LXXIX.</span> <span class='ocrx_word' id='word_1_105' title='bbox 585 1125 687 1171; x_wconf 75' lang='lat' dir='ltr'><strong>Quos</strong></span> <span class='ocrx_word' id='word_1_106' title='bbox 710 1124 962 1173; x_wconf 71' lang='lat' dir='ltr'><em>perfugisse...</em></span> <span class='ocrx_word' id='word_1_107' title='bbox 989 1125 1337 1160; x_wconf 78' lang='lat' dir='ltr'><strong>demonstravimus.</strong></span> <span class='ocrx_word' id='word_1_108' title='bbox 1367 1127 1485 1171; x_wconf 89' lang='lat' dir='ltr'>Vide,</span> <span class='ocrx_word' id='word_1_109' title='bbox 1505 1141 1546 1164; x_wconf 85' lang='lat' dir='ltr'><strong>ea</strong></span> <span class='ocrx_word' id='word_1_110' title='bbox 1567 1128 1614 1164; x_wconf 85' lang='lat' dir='ltr'><strong>de</strong></span> 
     </span>
     <span class='ocr_line' id='line_1_17' title="bbox 212 1186 465 1235; baseline 0 -13"><span class='ocrx_word' id='word_1_111' title='bbox 212 1200 272 1231; x_wconf 87' lang='lat' dir='ltr'><strong>re,</strong></span> <span class='ocrx_word' id='word_1_112' title='bbox 292 1200 374 1235; x_wconf 86' lang='lat' dir='ltr'><strong>cap.</strong></span> <span class='ocrx_word' id='word_1_113' title='bbox 404 1186 465 1235; x_wconf 80' lang='lat'><strong>59.</strong></span> 
     </span>
    </p>

    <p class='ocr_par' dir='ltr' id='par_1_10' title="bbox 210 1249 1611 1361">
     <span class='ocr_line' id='line_1_18' title="bbox 262 1249 1611 1301; baseline 0.003 -17"><span class='ocrx_word' id='word_1_114' title='bbox 262 1249 347 1284; x_wconf 65' lang='lat' dir='ltr'><strong>Cn.</strong></span> <span class='ocrx_word' id='word_1_115' title='bbox 372 1249 590 1285; x_wconf 86' lang='lat' dir='ltr'>LXXXIII.</span> <span class='ocrx_word' id='word_1_116' title='bbox 619 1251 709 1284; x_wconf 78' lang='lat' dir='ltr'><strong>lam</strong></span> <span class='ocrx_word' id='word_1_117' title='bbox 741 1251 789 1285; x_wconf 82' lang='lat' dir='ltr'><strong>de</strong></span> <span class='ocrx_word' id='word_1_118' title='bbox 811 1250 1023 1286; x_wconf 75' lang='lat' dir='ltr'><strong>sacerdotio</strong></span> <span class='ocrx_word' id='word_1_119' title='bbox 1046 1250 1218 1286; x_wconf 62' lang='lat' dir='ltr'><strong>Coesarcls.</strong></span> <span class='ocrx_word' id='word_1_120' title='bbox 1246 1250 1399 1299; x_wconf 84' lang='lat' dir='ltr'><strong>Quippe</strong></span> <span class='ocrx_word' id='word_1_121' title='bbox 1422 1253 1487 1300; x_wconf 90' lang='lat' dir='ltr'><strong>qui</strong></span> <span class='ocrx_word' id='word_1_122' title='bbox 1509 1265 1611 1301; x_wconf 89' lang='lat' dir='ltr'><strong>pon—</strong></span> 
     </span>
     <span class='ocr_line' id='line_1_19' title="bbox 210 1311 1029 1361; baseline 0.005 -16"><span class='ocrx_word' id='word_1_123' title='bbox 210 1311 299 1348; x_wconf 72' lang='lat' dir='ltr'><strong>tifex</strong></span> <span class='ocrx_word' id='word_1_124' title='bbox 323 1312 508 1348; x_wconf 82' lang='lat' dir='ltr'><strong>maximus</strong></span> <span class='ocrx_word' id='word_1_125' title='bbox 535 1325 554 1347; x_wconf 84' lang='lat' dir='ltr'><strong>a</strong></span> <span class='ocrx_word' id='word_1_126' title='bbox 577 1313 723 1361; x_wconf 90' lang='lat' dir='ltr'>populo</span> <span class='ocrx_word' id='word_1_127' title='bbox 746 1313 857 1349; x_wconf 84' lang='lat' dir='ltr'><strong>fuerit</strong></span> <span class='ocrx_word' id='word_1_128' title='bbox 880 1314 1029 1349; x_wconf 85' lang='lat' dir='ltr'><strong>electus.</strong></span> 
     </span>
    </p>

    <p class='ocr_par' dir='ltr' id='par_1_11' title="bbox 209 1374 1613 1487">
     <span class='ocr_line' id='line_1_20' title="bbox 264 1374 1613 1426; baseline 0.004 -17"><span class='ocrx_word' id='word_1_129' title='bbox 264 1374 390 1422; x_wconf 82' lang='lat' dir='ltr'><strong>Scipio</strong></span> <span class='ocrx_word' id='word_1_130' title='bbox 421 1374 613 1422; x_wconf 79' lang='lat' dir='ltr'><strong>affinitate</strong></span> <span class='ocrx_word' id='word_1_131' title='bbox 642 1376 818 1424; x_wconf 84' lang='lat' dir='ltr'><strong>Pompeii</strong></span> <span class='ocrx_word' id='word_1_132' title='bbox 842 1377 1054 1424; x_wconf 77' lang='lat' dir='ltr'><strong>confideret.</strong></span> <span class='ocrx_word' id='word_1_133' title='bbox 1086 1377 1138 1413; x_wconf 89' lang='lat' dir='ltr'><strong>Ut</strong></span> <span class='ocrx_word' id='word_1_134' title='bbox 1165 1384 1256 1426; x_wconf 89' lang='lat' dir='ltr'><strong>pote</strong></span> <span class='ocrx_word' id='word_1_135' title='bbox 1282 1378 1452 1426; x_wconf 69' lang='lat' dir='ltr'><strong>Pompeii</strong></span> <span class='ocrx_word' id='word_1_136' title='bbox 1485 1390 1613 1424; x_wconf 83' lang='lat' dir='ltr'><strong>socer,</strong></span> 
     </span>
     <span class='ocr_line' id='line_1_21' title="bbox 209 1437 1206 1487; baseline 0.003 -15"><span class='ocrx_word' id='word_1_137' title='bbox 209 1437 266 1472; x_wconf 87' lang='lat' dir='ltr'><strong>cui</strong></span> <span class='ocrx_word' id='word_1_138' title='bbox 293 1437 448 1485; x_wconf 83' lang='lat' dir='ltr'>quidem</span> <span class='ocrx_word' id='word_1_139' title='bbox 472 1437 686 1473; x_wconf 78' lang='lat' dir='ltr'><strong>Corneliam</strong></span> <span class='ocrx_word' id='word_1_140' title='bbox 714 1437 831 1474; x_wconf 86' lang='lat' dir='ltr'><strong>filiam</strong></span> <span class='ocrx_word' id='word_1_141' title='bbox 858 1446 1016 1487; x_wconf 86' lang='lat' dir='ltr'><strong>nuptum</strong></span> <span class='ocrx_word' id='word_1_142' title='bbox 1039 1439 1206 1476; x_wconf 82' lang='lat' dir='ltr'>dederat.</span> 
     </span>
    </p>

    <p class='ocr_par' dir='ltr' id='par_1_12' title="bbox 210 1501 1613 1612">
     <span class='ocr_line' id='line_1_22' title="bbox 261 1501 1613 1549; baseline 0.003 -15"><span class='ocrx_word' id='word_1_143' title='bbox 261 1501 345 1534; x_wconf 74' lang='lat' dir='ltr'>CAP.</span> <span class='ocrx_word' id='word_1_144' title='bbox 373 1501 622 1537; x_wconf 84' lang='lat' dir='ltr'>LXXXVIII.</span> <span class='ocrx_word' id='word_1_145' title='bbox 644 1501 678 1536; x_wconf 85' lang='lat' dir='ltr'><em>T</em></span> <span class='ocrx_word' id='word_1_146' title='bbox 677 1502 862 1537; x_wconf 78' lang='lat' dir='ltr'><strong>ransditoe</strong></span> <span class='ocrx_word' id='word_1_147' title='bbox 880 1515 904 1536; x_wconf 87' lang='grc' dir='ltr'><em>α</em></span> <span class='ocrx_word' id='word_1_148' title='bbox 923 1501 953 1537; x_wconf 89' lang='lat' dir='ltr'><em>C</em></span> <span class='ocrx_word' id='word_1_149' title='bbox 953 1515 1078 1537; x_wconf 80' lang='lat' dir='ltr'><strong>oesare</strong></span> <span class='ocrx_word' id='word_1_150' title='bbox 1097 1503 1202 1538; x_wconf 75' lang='lat' dir='ltr'><strong>initio</strong></span> <span class='ocrx_word' id='word_1_151' title='bbox 1225 1504 1482 1540; x_wconf 75' lang='lat' dir='ltr'><strong>dissenscbnis.</strong></span> <span class='ocrx_word' id='word_1_152' title='bbox 1499 1503 1613 1549; x_wconf 87' lang='lat' dir='ltr'>Quod</span> 
     </span>
     <span class='ocr_line' id='line_1_23' title="bbox 210 1563 1104 1612; baseline 0.003 -15"><span class='ocrx_word' id='word_1_153' title='bbox 210 1570 355 1598; x_wconf 85' lang='lat' dir='ltr'><strong>constat</strong></span> <span class='ocrx_word' id='word_1_154' title='bbox 384 1576 403 1598; x_wconf 86' lang='lat' dir='ltr'><strong>e</strong></span> <span class='ocrx_word' id='word_1_155' title='bbox 427 1563 521 1598; x_wconf 81' lang='lat' dir='ltr'><strong>Bell.</strong></span> <span class='ocrx_word' id='word_1_156' title='bbox 550 1564 649 1599; x_wconf 87' lang='lat' dir='ltr'><em>Gall.</em></span> <span class='ocrx_word' id='word_1_157' title='bbox 667 1591 678 1607; x_wconf 88' lang='lat'><em>,</em></span> <span class='ocrx_word' id='word_1_158' title='bbox 713 1565 779 1601; x_wconf 91' lang='lat' dir='ltr'><strong>lib.</strong></span> <span class='ocrx_word' id='word_1_159' title='bbox 806 1578 906 1609; x_wconf 85' lang='lat' dir='ltr'><strong>vm,</strong></span> <span class='ocrx_word' id='word_1_160' title='bbox 931 1578 1011 1612; x_wconf 87' lang='lat' dir='ltr'><strong>cap.</strong></span> <span class='ocrx_word' id='word_1_161' title='bbox 1044 1564 1104 1608; x_wconf 75' lang='lat'><strong>54.</strong></span> 
     </span>
    </p>

    <p class='ocr_par' dir='ltr' id='par_1_13' title="bbox 260 1625 1113 1674">
     <span class='ocr_line' id='line_1_24' title="bbox 260 1625 1113 1674; baseline 0.001 -14"><span class='ocrx_word' id='word_1_162' title='bbox 260 1625 370 1660; x_wconf 77' lang='lat' dir='ltr'><strong>Rivus</strong></span> <span class='ocrx_word' id='word_1_163' title='bbox 391 1626 561 1673; x_wconf 78' lang='lat' dir='ltr'><strong>quidam.</strong></span> <span class='ocrx_word' id='word_1_164' title='bbox 589 1626 742 1661; x_wconf 87' lang='lat' dir='ltr'><strong>Fluvins</strong></span> <span class='ocrx_word' id='word_1_165' title='bbox 763 1626 906 1661; x_wconf 88' lang='lat' dir='ltr'><strong>scilicet</strong></span> <span class='ocrx_word' id='word_1_166' title='bbox 932 1626 1113 1674; x_wconf 85' lang='lat' dir='ltr'>Enipeus.</span> 
     </span>
    </p>

    <p class='ocr_par' dir='ltr' id='par_1_14' title="bbox 208 1687 1611 1784">
     <span class='ocr_line' id='line_1_25' title="bbox 261 1687 1611 1737; baseline 0.004 -16"><span class='ocrx_word' id='word_1_167' title='bbox 261 1687 345 1722; x_wconf 63' lang='lat' dir='ltr'><strong>Cn.</strong></span> <span class='ocrx_word' id='word_1_168' title='bbox 384 1687 501 1723; x_wconf 89' lang='lat' dir='ltr'>XCII.</span> <span class='ocrx_word' id='word_1_169' title='bbox 543 1688 580 1723; x_wconf 85' lang='lat' dir='ltr'><strong>C.</strong></span> <span class='ocrx_word' id='word_1_170' title='bbox 615 1687 763 1725; x_wconf 78' lang='lat' dir='ltr'><strong>Triarii.</strong></span> <span class='ocrx_word' id='word_1_171' title='bbox 790 1689 913 1733; x_wconf 84' lang='lat' dir='ltr'>Quem</span> <span class='ocrx_word' id='word_1_172' title='bbox 946 1690 1112 1737; x_wconf 76' lang='lat' dir='ltr'><strong>legatum</strong></span> <span class='ocrx_word' id='word_1_173' title='bbox 1141 1689 1325 1725; x_wconf 82' lang='lat' dir='ltr'>habuerat</span> <span class='ocrx_word' id='word_1_174' title='bbox 1361 1690 1540 1726; x_wconf 87' lang='lat' dir='ltr'>Lucullus</span> <span class='ocrx_word' id='word_1_175' title='bbox 1575 1691 1611 1726; x_wconf 92' lang='lat' dir='ltr'><strong>in</strong></span> 
     </span>
     <span class='ocr_line' id='line_1_26' title="bbox 208 1748 609 1784; baseline 0 0"><span class='ocrx_word' id='word_1_176' title='bbox 208 1750 311 1784; x_wconf 88' lang='lat' dir='ltr'>bello</span> <span class='ocrx_word' id='word_1_177' title='bbox 337 1748 609 1784; x_wconf 82' lang='lat' dir='ltr'><strong>Mithridatico.</strong></span> 
     </span>
    </p>

    <p class='ocr_par' dir='ltr' id='par_1_15' title="bbox 208 1810 1613 2034">
     <span class='ocr_line' id='line_1_27' title="bbox 262 1810 1613 1861; baseline 0.001 -15"><span class='ocrx_word' id='word_1_178' title='bbox 262 1812 347 1847; x_wconf 67' lang='lat' dir='ltr'>CAP.</span> <span class='ocrx_word' id='word_1_179' title='bbox 364 1811 501 1847; x_wconf 90' lang='lat' dir='ltr'>XCVI.</span> <span class='ocrx_word' id='word_1_180' title='bbox 517 1812 582 1846; x_wconf 85' lang='lat' dir='ltr'><strong>Ad</strong></span> <span class='ocrx_word' id='word_1_181' title='bbox 599 1824 703 1846; x_wconf 84' lang='lat' dir='ltr'><strong>mare</strong></span> <span class='ocrx_word' id='word_1_182' title='bbox 719 1812 902 1859; x_wconf 77' lang='lat' dir='ltr'><strong>pervenit.</strong></span> <span class='ocrx_word' id='word_1_183' title='bbox 924 1810 979 1847; x_wconf 88' lang='lat' dir='ltr'><strong>Cf.</strong></span> <span class='ocrx_word' id='word_1_184' title='bbox 995 1812 1042 1847; x_wconf 91' lang='lat' dir='ltr'><strong>de</strong></span> <span class='ocrx_word' id='word_1_185' title='bbox 1056 1812 1228 1860; x_wconf 87' lang='lat' dir='ltr'><strong>Pompeii</strong></span> <span class='ocrx_word' id='word_1_186' title='bbox 1242 1813 1349 1861; x_wconf 83' lang='lat' dir='ltr'><strong>fuga,</strong></span> <span class='ocrx_word' id='word_1_187' title='bbox 1375 1815 1591 1848; x_wconf 65' lang='lat' dir='ltr'><strong>Pmmncu.</strong></span> <span class='ocrx_word' id='word_1_188' title='bbox 1603 1841 1613 1857; x_wconf 92' lang='lat'>‚</span> 
     </span>
     <span class='ocr_line' id='line_1_28' title="bbox 208 1872 1612 1922; baseline 0 -13"><span class='ocrx_word' id='word_1_189' title='bbox 208 1875 341 1922; x_wconf 76' lang='lat' dir='ltr'>Pomp.</span> <span class='ocrx_word' id='word_1_190' title='bbox 368 1881 401 1908; x_wconf 85' lang='lat' dir='ltr'><strong>et</strong></span> <span class='ocrx_word' id='word_1_191' title='bbox 442 1873 568 1917; x_wconf 79' lang='lat' dir='ltr'><strong>Coes.;</strong></span> <span class='ocrx_word' id='word_1_192' title='bbox 598 1875 779 1916; x_wconf 60' lang='lat' dir='ltr'>Apum,</span> <span class='ocrx_word' id='word_1_193' title='bbox 810 1872 873 1908; x_wconf 63' lang='lat' dir='ltr'><strong>ssib.</strong></span> <span class='ocrx_word' id='word_1_194' title='bbox 902 1874 1148 1919; x_wconf 57' lang='lat' dir='ltr'><strong>113Lucm„</strong></span> <span class='ocrx_word' id='word_1_195' title='bbox 1175 1874 1240 1910; x_wconf 90' lang='lat' dir='ltr'><strong>lib.</strong></span> <span class='ocrx_word' id='word_1_196' title='bbox 1268 1888 1330 1909; x_wconf 85' lang='lat' dir='ltr'><strong>v11</strong></span> <span class='ocrx_word' id='word_1_197' title='bbox 1358 1881 1393 1909; x_wconf 94' lang='lat' dir='ltr'><strong>et</strong></span> <span class='ocrx_word' id='word_1_198' title='bbox 1420 1887 1520 1917; x_wconf 79' lang='lat' dir='ltr'><strong>vni,</strong></span> <span class='ocrx_word' id='word_1_199' title='bbox 1549 1874 1612 1922; x_wconf 90' lang='lat' dir='ltr'><strong>qui</strong></span> 
     </span>
     <span class='ocr_line' id='line_1_29' title="bbox 208 1935 1612 1984; baseline 0 -13"><span class='ocrx_word' id='word_1_200' title='bbox 208 1936 314 1983; x_wconf 86' lang='lat' dir='ltr'>plura</span> <span class='ocrx_word' id='word_1_201' title='bbox 337 1942 493 1971; x_wconf 79' lang='lat' dir='ltr'><strong>narrant</strong></span> <span class='ocrx_word' id='word_1_202' title='bbox 518 1935 564 1972; x_wconf 88' lang='lat' dir='ltr'><strong>de</strong></span> <span class='ocrx_word' id='word_1_203' title='bbox 592 1935 798 1983; x_wconf 82' lang='lat' dir='ltr'><strong>pharsalica</strong></span> <span class='ocrx_word' id='word_1_204' title='bbox 824 1948 972 1983; x_wconf 58' lang='lat' dir='ltr'><strong>pugna,</strong></span> <span class='ocrx_word' id='word_1_205' title='bbox 997 1948 1158 1983; x_wconf 85' lang='lat' dir='ltr'>quorum</span> <span class='ocrx_word' id='word_1_206' title='bbox 1179 1937 1280 1972; x_wconf 86' lang='lat' dir='ltr'><strong>nulla</strong></span> <span class='ocrx_word' id='word_1_207' title='bbox 1308 1936 1409 1984; x_wconf 84' lang='lat' dir='ltr'><strong>apud</strong></span> <span class='ocrx_word' id='word_1_208' title='bbox 1431 1935 1612 1972; x_wconf 79' lang='lat' dir='ltr'><strong>Caesarem</strong></span> 
     </span>
     <span class='ocr_line' id='line_1_30' title="bbox 209 1998 366 2034; baseline 0.013 -2"><span class='ocrx_word' id='word_1_209' title='bbox 209 1998 366 2034; x_wconf 83' lang='lat' dir='ltr'><strong>mentio.</strong></span> 
     </span>
    </p>

    <p class='ocr_par' dir='ltr' id='par_1_16' title="bbox 207 2061 1612 2171">
     <span class='ocr_line' id='line_1_31' title="bbox 260 2061 1612 2107; baseline 0.002 -12"><span class='ocrx_word' id='word_1_210' title='bbox 260 2062 346 2097; x_wconf 78' lang='lat' dir='ltr'>CAP.</span> <span class='ocrx_word' id='word_1_211' title='bbox 374 2061 414 2098; x_wconf 87' lang='lat' dir='ltr'><strong>C.</strong></span> <span class='ocrx_word' id='word_1_212' title='bbox 447 2062 530 2106; x_wconf 79' lang='lat' dir='ltr'><strong>Qua</strong></span> <span class='ocrx_word' id='word_1_213' title='bbox 541 2061 695 2107; x_wconf 77' lang='lat' dir='ltr'><strong>factum</strong></span> <span class='ocrx_word' id='word_1_214' title='bbox 724 2074 748 2095; x_wconf 84' lang='grc' dir='ltr'><em>α</em></span> <span class='ocrx_word' id='word_1_215' title='bbox 773 2061 911 2096; x_wconf 79' lang='lat' dir='ltr'><strong>Libone</strong></span> <span class='ocrx_word' id='word_1_216' title='bbox 931 2069 1048 2095; x_wconf 79' lang='lat' dir='ltr'><strong>antea</strong></span> <span class='ocrx_word' id='word_1_217' title='bbox 1067 2062 1415 2098; x_wconf 72' lang='lat' dir='ltr'><strong>demonstravimus.</strong></span> <span class='ocrx_word' id='word_1_218' title='bbox 1435 2061 1532 2097; x_wconf 84' lang='lat' dir='ltr'><strong>Vide</strong></span> <span class='ocrx_word' id='word_1_219' title='bbox 1550 2074 1612 2098; x_wconf 78' lang='lat' dir='ltr'><strong>su-</strong></span> 
     </span>
     <span class='ocr_line' id='line_1_32' title="bbox 207 2112 1259 2171; baseline -0.001 -13"><span class='ocrx_word' id='word_1_220' title='bbox 207 2135 293 2171; x_wconf 78' lang='lat' dir='ltr'><strong>pra,</strong></span> <span class='ocrx_word' id='word_1_221' title='bbox 322 2135 402 2171; x_wconf 90' lang='lat' dir='ltr'><strong>cap.</strong></span> <span class='ocrx_word' id='word_1_222' title='bbox 433 2122 480 2157; x_wconf 78' lang='lat'><strong>23</strong></span> <span class='ocrx_word' id='word_1_223' title='bbox 507 2130 543 2158; x_wconf 83' lang='lat' dir='ltr'><strong>et</strong></span> <span class='ocrx_word' id='word_1_224' title='bbox 573 2128 634 2166; x_wconf 74' lang='lat'><strong>24.</strong></span> <span class='ocrx_word' id='word_1_225' title='bbox 1257 2112 1259 2114; x_wconf 35' lang='lat'>¹</span> 
     </span>
    </p>

    <p class='ocr_par' dir='ltr' id='par_1_17' title="bbox 260 2183 1558 2234">
     <span class='ocr_line' id='line_1_33' title="bbox 260 2183 1558 2234; baseline 0.002 -14"><span class='ocrx_word' id='word_1_226' title='bbox 260 2185 346 2220; x_wconf 66' lang='lat' dir='ltr'><strong>Cn.</strong></span> <span class='ocrx_word' id='word_1_227' title='bbox 372 2185 429 2221; x_wconf 91' lang='lat' dir='ltr'><strong>CI.</strong></span> <span class='ocrx_word' id='word_1_228' title='bbox 455 2185 620 2221; x_wconf 78' lang='lat' dir='ltr'><strong>Cassius.</strong></span> <span class='ocrx_word' id='word_1_229' title='bbox 650 2183 758 2221; x_wconf 86' lang='lat' dir='ltr'><strong>Idem</strong></span> <span class='ocrx_word' id='word_1_230' title='bbox 780 2185 844 2221; x_wconf 89' lang='lat' dir='ltr'><strong>ille</strong></span> <span class='ocrx_word' id='word_1_231' title='bbox 870 2187 910 2222; x_wconf 83' lang='lat' dir='ltr'><strong>C.</strong></span> <span class='ocrx_word' id='word_1_232' title='bbox 940 2184 1086 2222; x_wconf 81' lang='lat' dir='ltr'><strong>Cassius</strong></span> <span class='ocrx_word' id='word_1_233' title='bbox 1104 2185 1152 2221; x_wconf 90' lang='lat' dir='ltr'><strong>de</strong></span> <span class='ocrx_word' id='word_1_234' title='bbox 1172 2197 1248 2233; x_wconf 90' lang='lat' dir='ltr'><strong>quo</strong></span> <span class='ocrx_word' id='word_1_235' title='bbox 1268 2197 1402 2234; x_wconf 90' lang='lat' dir='ltr'><strong>supra,</strong></span> <span class='ocrx_word' id='word_1_236' title='bbox 1428 2199 1507 2234; x_wconf 85' lang='lat' dir='ltr'><strong>cap.</strong></span> <span class='ocrx_word' id='word_1_237' title='bbox 1524 2186 1558 2223; x_wconf 84' lang='lat'><strong>5.</strong></span> 
     </span>
    </p>

    <p class='ocr_par' dir='ltr' id='par_1_18' title="bbox 208 2247 1613 2419">
     <span class='ocr_line' id='line_1_34' title="bbox 261 2247 1611 2297; baseline 0.003 -15"><span class='ocrx_word' id='word_1_238' title='bbox 261 2247 346 2283; x_wconf 63' lang='lat' dir='ltr'><strong>Cn.</strong></span> <span class='ocrx_word' id='word_1_239' title='bbox 367 2248 470 2283; x_wconf 86' lang='lat' dir='ltr'>CIII.</span> <span class='ocrx_word' id='word_1_240' title='bbox 498 2249 669 2283; x_wconf 79' lang='lat' dir='ltr'><strong>Pecunia</strong></span> <span class='ocrx_word' id='word_1_241' title='bbox 688 2248 882 2284; x_wconf 77' lang='lat' dir='ltr'><strong>societatis</strong></span> <span class='ocrx_word' id='word_1_242' title='bbox 908 2248 1070 2284; x_wconf 79' lang='lat' dir='ltr'><strong>sublata.</strong></span> <span class='ocrx_word' id='word_1_243' title='bbox 1091 2247 1321 2284; x_wconf 86' lang='lat' dir='ltr'>Publicanos</span> <span class='ocrx_word' id='word_1_244' title='bbox 1348 2248 1534 2297; x_wconf 86' lang='lat' dir='ltr'><strong>intellige,</strong></span> <span class='ocrx_word' id='word_1_245' title='bbox 1548 2250 1611 2297; x_wconf 86' lang='lat' dir='ltr'><strong>qui</strong></span> 
     </span>
     <span class='ocr_line' id='line_1_35' title="bbox 209 2307 1613 2359; baseline 0.003 -16"><span class='ocrx_word' id='word_1_246' title='bbox 209 2307 404 2357; x_wconf 86' lang='lat' dir='ltr'><strong>vectigalia</strong></span> <span class='ocrx_word' id='word_1_247' title='bbox 432 2310 584 2357; x_wconf 87' lang='lat' dir='ltr'><strong>publica</strong></span> <span class='ocrx_word' id='word_1_248' title='bbox 605 2310 944 2355; x_wconf 82' lang='lat' dir='ltr'><strong>administrabant,</strong></span> <span class='ocrx_word' id='word_1_249' title='bbox 967 2317 1002 2346; x_wconf 87' lang='lat' dir='ltr'><strong>et</strong></span> <span class='ocrx_word' id='word_1_250' title='bbox 1031 2322 1191 2358; x_wconf 89' lang='lat' dir='ltr'>quorum</span> <span class='ocrx_word' id='word_1_251' title='bbox 1207 2310 1468 2359; x_wconf 83' lang='lat' dir='ltr'><strong>potentissima</strong></span> <span class='ocrx_word' id='word_1_252' title='bbox 1491 2312 1613 2348; x_wconf 87' lang='lat' dir='ltr'><strong>socie-</strong></span> 
     </span>
     <span class='ocr_line' id='line_1_36' title="bbox 208 2372 969 2419; baseline 0.005 -14"><span class='ocrx_word' id='word_1_253' title='bbox 208 2378 264 2406; x_wconf 72' lang='lat' dir='ltr'><strong>tas</strong></span> <span class='ocrx_word' id='word_1_254' title='bbox 291 2383 336 2406; x_wconf 86' lang='lat' dir='ltr'><strong>ex</strong></span> <span class='ocrx_word' id='word_1_255' title='bbox 361 2372 550 2419; x_wconf 78' lang='lat' dir='ltr'><strong>equitibus</strong></span> <span class='ocrx_word' id='word_1_256' title='bbox 569 2373 737 2408; x_wconf 87' lang='lat' dir='ltr'><strong>romanis</strong></span> <span class='ocrx_word' id='word_1_257' title='bbox 761 2373 969 2409; x_wconf 83' lang='lat' dir='ltr'><strong>constabat.</strong></span> 
     </span>
    </p>

    <p class='ocr_par' dir='ltr' id='par_1_19' title="bbox 208 2432 1613 2544">
     <span class='ocr_line' id='line_1_37' title="bbox 264 2432 1613 2483; baseline 0.003 -16"><span class='ocrx_word' id='word_1_258' title='bbox 264 2433 346 2468; x_wconf 78' lang='lat' dir='ltr'><strong>Rex</strong></span> <span class='ocrx_word' id='word_1_259' title='bbox 371 2440 453 2469; x_wconf 80' lang='lat' dir='ltr'><strong>erat</strong></span> <span class='ocrx_word' id='word_1_260' title='bbox 486 2435 725 2472; x_wconf 62' lang='lat' dir='ltr'><strong>Ptolemaeus.</strong></span> <span class='ocrx_word' id='word_1_261' title='bbox 758 2436 950 2472; x_wconf 66' lang='lat' dir='ltr'><strong>Ptolemaei</strong></span> <span class='ocrx_word' id='word_1_262' title='bbox 975 2434 1120 2470; x_wconf 78' lang='lat' dir='ltr'><strong>Auletis</strong></span> <span class='ocrx_word' id='word_1_263' title='bbox 1146 2432 1263 2481; x_wconf 84' lang='lat' dir='ltr'><strong>filius,</strong></span> <span class='ocrx_word' id='word_1_264' title='bbox 1289 2447 1432 2483; x_wconf 87' lang='lat' dir='ltr'>rexque</span> <span class='ocrx_word' id='word_1_265' title='bbox 1461 2435 1613 2471; x_wconf 80' lang='lat' dir='ltr'><strong>ultimus</strong></span> 
     </span>
     <span class='ocr_line' id='line_1_38' title="bbox 208 2495 378 2544; baseline 0.006 -14"><span class='ocrx_word' id='word_1_266' title='bbox 208 2495 378 2544; x_wconf 62' lang='lat' dir='ltr'><strong>ngypti.</strong></span> 
     </span>
    </p>

    <p class='ocr_par' dir='ltr' id='par_1_20' title="bbox 209 2559 1613 2657">
     <span class='ocr_line' id='line_1_39' title="bbox 264 2559 1613 2609; baseline 0.001 -15"><span class='ocrx_word' id='word_1_267' title='bbox 264 2559 358 2594; x_wconf 82' lang='lat' dir='ltr'><strong>Cum</strong></span> <span class='ocrx_word' id='word_1_268' title='bbox 384 2572 510 2595; x_wconf 81' lang='lat' dir='ltr'><strong>sorore</strong></span> <span class='ocrx_word' id='word_1_269' title='bbox 535 2560 750 2608; x_wconf 75' lang='lat' dir='ltr'><strong>Cleopatra.</strong></span> <span class='ocrx_word' id='word_1_270' title='bbox 766 2562 890 2606; x_wconf 86' lang='lat' dir='ltr'><strong>Quam</strong></span> <span class='ocrx_word' id='word_1_271' title='bbox 911 2560 1060 2609; x_wconf 80' lang='lat' dir='ltr'><strong>perdite</strong></span> <span class='ocrx_word' id='word_1_272' title='bbox 1082 2567 1303 2596; x_wconf 85' lang='lat' dir='ltr'><strong>amaverunt</strong></span> <span class='ocrx_word' id='word_1_273' title='bbox 1329 2561 1470 2605; x_wconf 81' lang='lat' dir='ltr'><strong>Caesar,</strong></span> <span class='ocrx_word' id='word_1_274' title='bbox 1493 2564 1613 2597; x_wconf 83' lang='lat' dir='ltr'><strong>Anto-</strong></span> 
     </span>
     <span class='ocr_line' id='line_1_40' title="bbox 209 2619 571 2657; baseline 0.008 -3"><span class='ocrx_word' id='word_1_275' title='bbox 209 2619 292 2655; x_wconf 81' lang='lat' dir='ltr'><strong>nius</strong></span> <span class='ocrx_word' id='word_1_276' title='bbox 319 2628 355 2656; x_wconf 86' lang='lat' dir='ltr'><strong>et</strong></span> <span class='ocrx_word' id='word_1_277' title='bbox 379 2621 571 2657; x_wconf 84' lang='lat' dir='ltr'><strong>Octavius.</strong></span> 
     </span>
    </p>
   </div>
  </div>
 </body>
</html>
