1972 3356
632 198 699 234 DE
731 194 896 232 BELLO
929 189 1090 228 CIVILI
1121 188 1217 224 LIB.
1242 186 1291 222 11.
1619 194 1663 226 7¹

257 300 449 355 quaestor
474 286 661 332 navibus
682 281 945 334 duodecim,
974 293 1084 339 quas
1111 271 1318 337 praesidio
1345 268 1562 315 onerariis
1591 283 1672 311 na·

257 374 387 419 vibus
422 371 562 417 Curio
592 384 646 413 ex
673 363 820 410 Sicilia
849 361 1085 414 eduxerat,
1111 365 1350 419 postquam
1384 349 1583 397 relictam
1625 349 1671 393 in

262 455 391 501 litore
406 468 564 498 navem
584 445 837 509 conspexit,
860 443 976 487 hanc
999 437 1199 484 remulco
1227 434 1442 481 abstraxit
1467 449 1476 477 :
1506 432 1600 494 ipse
1617 429 1674 474 ad

263 539 506 585 Curionem
526 548 629 578 cum
659 528 798 574 classe
822 524 950 569 redit.

326 619 497 664 XXIV.
534 612 673 660 Curia
704 611 912 654 Marcum
952 604 1133 649 Uticam
1170 599 1359 644 navibus
1396 596 1628 659 praemittit
1664 611 1674 638 :

264 705 359 765 ipse
395 697 551 745 eodem
587 709 690 739 cum
725 689 922 734 exercitu
968 682 1296 747 proficiscitur,
1339 678 1556 739 biduique
1596 678 1682 721 iter

265 795 552 846 progressus,
579 775 636 820 ad
661 773 825 818 flumen
855 766 1102 830 Bagradam
1129 763 1334 826 pervenit
1365 778 1373 805 :
1418 760 1479 804 ibi
1512 760 1561 804 C.
1598 760 1681 803 Ca-

267 864 442 909 ninium
459 856 669 906 Rebilum
696 854 893 916 legatum
920 866 1022 895 curn
1048 845 1299 909 legionibus
1326 841 1564 903 relinquit;
1588 840 1684 900 ipse

269 963 371 991 cum
401 942 606 1004 equitatu
639 934 860 982 antecedit
886 931 942 977 ad
967 939 1111 976 castra
1146 923 1419 989 exploranda
1447 920 1683 976 Cornelia,

270 1025 391 1088 quod
417 1026 452 1069 is
482 1022 605 1068 locus
626 1017 896 1083 peridoneus
919 1013 1074 1059 castris
1098 1009 1365 1056 habebatur.
1381 1005 1433 1050 Id
1450 1014 1597 1049 autem
1619 1011 1686 1046 est

271 1110 428 1172 jugum
464 1105 710 1158 directum,
746 1099 946 1144 eminens
986 1096 1031 1138 in
1065 1109 1213 1146 mare,
1247 1099 1436 1150 utraque
1472 1103 1523 1131 ex
1563 1094 1688 1146 parte

275 1197 556 1252 praeruptum
581 1194 715 1245 atque
741 1195 973 1242 asperum,
1000 1175 1074 1220 sed
1097 1184 1247 1218 tamen
1268 1169 1403 1233 paulo
1430 1167 1599 1212 leniore
1628 1163 1691 1209 fa-

276 1271 410 1333 stigio
431 1269 485 1313 ab
514 1284 565 1311 ea
591 1274 735 1328 parte,
760 1279 858 1324 quae
886 1259 941 1304 ad
966 1258 1147 1304 Uticam
1173 1254 1329 1316 vergit.
1362 1251 1501 1297 Abest
1522 1247 1690 1292 directo

278 1354 437 1397 itinere
465 1349 519 1395 ab
545 1349 678 1394 Utica
704 1343 838 1407 paulo
869 1340 1059 1403 amplius
1088 1353 1302 1400 passuum
1327 1332 1462 1378 inille.
1498 1329 1583 1376 Sed
1608 1329 1692 1372 hoc

279 1435 435 1478 itinere
461 1441 527 1476 est
554 1429 677 1482 fons,
717 1443 806 1488 quo
831 1439 952 1469 mare
984 1419 1182 1465 succedit
1217 1416 1421 1478 longius,
1456 1412 1629 1472 lateque
1659 1410 1694 1453 is

283 1516 407 1560 locus
435 1520 664 1573 restagnat
690 1526 699 1552 ε
732 1523 862 1569 quem
893 1505 927 1549 si
955 1504 1054 1565 quis
1075 1502 1216 1544 vitare
1245 1495 1461 1551 voluerit,
1488 1509 1562 1536 sex
1593 1488 1694 1534 mil-

279 1597 389 1641 lium
418 1593 606 1638 circuitu
636 1592 681 1634 in
705 1587 922 1650 oppidum
944 1582 1188 1646 perveniet.

346 1679 494 1725 XXV.
533 1677 631 1719 Hoc
666 1670 896 1733 explorato
935 1666 1063 1722 loco,
1099 1663 1239 1709 Curio
1269 1669 1412 1705 castra
1442 1655 1551 1701 Vari
1592 1669 1699 1698 con-

285 1762 443 1824 spicit,
466 1773 596 1802 muro
625 1753 881 1816 oppidoque
911 1748 1170 1809 conjuncta,
1189 1743 1245 1788 ad
1272 1750 1470 1803 portam,
1497 1752 1595 1798 quae
1620 1751 1699 1796 ap-

287 1841 479 1906 pellatur
507 1835 693 1890 Bellica,
722 1831 963 1878 admodum
997 1827 1172 1872 munita
1202 1833 1362 1868 natura
1392 1820 1506 1874 loci;
1533 1834 1621 1861 una
1650 1831 1702 1860 ex

288 1933 415 1987 parte
436 1922 532 1983 ipso
557 1915 723 1979 oppido
750 1914 905 1965 Utica,
931 1909 1068 1955 altera
1089 1925 1113 1952 a
1135 1907 1337 1961 theatr0,
1365 1899 1487 1963 quod
1513 1908 1577 1944 est
1603 1907 1704 1942 ante

291 2003 531 2068 oppidum,
553 1993 961 2044 substructionibus
984 1991 1078 2052 ejus
1101 1987 1249 2050 operis
1273 1983 1478 2029 maximis
1499 1979 1622 2024 aditu
1649 1977 1703 2021 ad

293 2096 439 2132 castra
470 2079 646 2127 difficili
688 2088 731 2123 et
770 2084 973 2138 angusto.
1003 2068 1144 2117 Simul
1185 2063 1525 2119 animadvertit,
1563 2057 1704 2104 multa

295 2168 491 2229 undique
523 2161 693 2226 portari
720 2170 853 2220 atque
881 2156 951 2219 agi
981 2151 1248 2217 plenissimis
1288 2149 1393 2202 viis,
1423 2161 1521 2207 quae
1548 2157 1707 2204 repen-

301 2251 380 2295 tini
407 2245 625 2293 tumultus
658 2243 819 2287 timore
845 2256 897 2283 ex
931 2237 1047 2299 agris
1084 2236 1129 2278 in
1161 2232 1318 2276 urbem
1346 2225 1706 2273 conferebantur.

299 2335 399 2377 Huc
429 2328 678 2389 equitatum
705 2322 862 2377 mittit,
896 2329 944 2364 ut
970 2318 1206 2378 diriperet,
1237 2322 1370 2373 atque
1400 2309 1584 2354 haberet
1612 2304 1711 2348 loco

302 2410 470 2475 praedae.
490 2407 749 2467 Eodemque
774 2413 971 2464 tempore
991 2399 1060 2443 his
1081 2397 1212 2442 rebus
1238 2392 1435 2438 subsidio
1460 2405 1519 2434 Dc
1543 2386 1713 2447 equites

302 2491 498 2539 numidae
540 2506 592 2534 ex
633 2484 799 2549 oppido
826 2483 1085 2547 peditesque
1122 2495 1182 2524 ει)
1221 2476 1463 2520 mittuntur
1503 2486 1528 2513 a
1563 2469 1714 2519 Varo,

304 2591 416 2638 quos
444 2569 594 2617 auxilii
621 2584 753 2613 causa
785 2582 861 2610 rex
884 2564 998 2608 Juba
1021 2561 1176 2625 paucis
1217 2556 1371 2601 diebus
1403 2560 1504 2596 ante
1533 2547 1717 2593 Uticam

306 2657 500 2700 miserat.
547 2651 664 2696 Huic
703 2657 746 2692 et
788 2655 1024 2709 paternum
1055 2641 1301 2704 hospitium
1335 2651 1439 2681 cum
1479 2627 1719 2692 PompeiO,
