1972 3356
406 306 478 344 244
614 301 651 335 C.
684 302 704 335 J
708 301 810 335 ULII
841 301 1055 335 CAESARIS
1087 300 1572 339 COMMENTARIORUM

404 385 543 427 virtus
563 385 656 443 ejus
677 393 807 440 esset,
834 383 930 427 telis
954 384 1146 428 hostium
1168 384 1442 445 flammaeque
1469 402 1512 428 se
1535 385 1789 430 offerebant.

467 465 629 507 XLIII.
668 466 812 507 Cacsar
840 481 977 524 quum
1012 464 1264 526 complures
1295 481 1394 508 suos
1424 463 1646 508 vulnerari
1672 465 1792 509 vide-

404 553 496 596 ret,
533 560 584 587 ex
621 544 826 588 omnibus
855 545 1008 606 oppidi
1039 545 1238 606 partibus
1272 545 1474 588 cohortes
1508 555 1702 588 montem
1725 561 1792 588 as-

403 624 610 681 cendere,
635 634 704 680 et,
737 624 1016 669 simulatione
1044 626 1255 670 moenium
1289 624 1677 686 occupandorum,
1705 624 1792 668 cla-

401 722 569 749 morem
601 705 797 766 undique
823 706 952 766 jubet
980 705 1147 750 tollere.
1177 707 1281 763 Quo
1316 706 1431 750 facto
1464 706 1686 767 perterriti
1714 721 1809 766 op-·

401 784 550 846 pidani
568 821 578 841 ,
617 803 756 846 quum
796 786 903 847 quid
945 796 1149 848 ageretur
1188 788 1232 830 in
1279 786 1386 830 locis
1430 786 1610 847 reliquis
1651 797 1794 830 essent

403 866 566 926 ignari,
597 868 796 927 suspensi
830 876 1037 911 revocant
1064 868 1116 911 ab
1143 867 1455 929 impugnandis
1485 867 1692 928 operibus
1721 883 1792 910 ar·-

401 955 563 1001 matos,
583 947 810 1007 murisque
830 946 1087 1007 disponunt.
1110 950 1177 991 Ita
1200 948 1360 1003 nostri,
1381 947 1466 991 fine
1493 945 1635 1008 proelii
1659 946 1792 1005 facto,

401 1025 602 1070 celeriter
617 1043 752 1087 opera
775 1027 951 1071 flamina
973 1028 1290 1088 comprehensa
1313 1029 1471 1088 partim
1492 1028 1794 1089 restinguunt,

402 1107 563 1166 partim
587 1107 924 1151 interscindunt.
949 1109 1102 1165 Quum
1129 1108 1414 1168 pertinaciter
1437 1108 1690 1152 resisterent
1713 1125 1793 1169 op-

402 1186 580 1247 pidani,
605 1197 667 1244 et,
689 1188 779 1248 jam
804 1203 962 1249 magna
988 1197 1112 1248 parte
1139 1205 1321 1232 suorum
1340 1190 1411 1232 siti
1431 1189 1612 1245 amissa,
1638 1189 1682 1231 in
1703 1205 1796 1232 sen-

401 1268 539 1312 tentia
560 1278 890 1329 permanerent,
913 1268 967 1312 ad
986 1279 1259 1329 postremum
1283 1268 1496 1312 cuniculis
1520 1285 1642 1312 venae
1662 1268 1796 1313 fontis

402 1348 617 1392 intercisae
638 1359 742 1393 sunt
765 1358 897 1410 atque
921 1366 1098 1393 aversae.
1123 1351 1227 1408 Quo
1253 1349 1369 1393 facto
1389 1358 1570 1410 repente
1593 1351 1797 1410 perennis

400 1430 574 1473 exaruit
595 1430 715 1487 fons,
741 1439 1000 1491 tantamque
1028 1429 1178 1475 attulit
1202 1430 1436 1492 oppidanis
1470 1429 1620 1474 salutis
1644 1430 1798 1491 despe-

402 1511 643 1566 rationem,
681 1521 729 1554 ut
768 1511 813 1554 id
854 1528 940 1555 non
980 1512 1213 1556 hominum
1254 1510 1457 1569 consilio,
1496 1511 1572 1555 sed
1613 1511 1797 1557 deorum

402 1588 628 1634 voluntate
651 1590 814 1635 factum
839 1602 1060 1653 putarent.
1086 1594 1265 1653 Itaque,
1294 1593 1553 1636 necessitate
1570 1594 1732 1651 coacti,
1753 1611 1798 1638 se

402 1670 694 1715 tradiderunt.

466 1752 626 1797 XLIV.
664 1754 830 1809 Caesar,
854 1772 989 1815 quum
1015 1772 1139 1798 suam
1161 1754 1386 1799 lenitatem
1409 1756 1630 1816 cognitam
1655 1757 1798 1799 omni-

400 1830 482 1875 bus
512 1833 662 1889 sciret,
689 1850 833 1894 neque
861 1845 1089 1878 vereretur
1117 1852 1172 1878 ne
1207 1835 1313 1895 quid
1339 1834 1599 1879 crudelitate
1630 1845 1798 1880 naturae

401 1907 626 1957 videretur
665 1915 860 1976 asperius
902 1915 1081 1973 fecisse,
1119 1932 1261 1976 neque
1301 1917 1464 1960 exitum
1511 1915 1797 1961 consiliorum

401 2011 584 2038 suorum
615 1995 989 2041 animadverteret
1023 1998 1057 2041 si
1094 1996 1168 2041 tali
1202 1997 1375 2041 ratione
1405 1996 1587 2041 diversis
1615 1998 1658 2040 in
1691 1996 1797 2041 locis

402 2073 549 2135 plures
573 2075 785 2120 rebellare
817 2076 999 2121 consilia
1031 2078 1238 2134 inissent,
1263 2076 1466 2139 exemplo
1494 2076 1697 2139 supplicii
1726 2077 1798 2121 de-

403 2156 632 2201 terrendos
658 2156 853 2219 reliquos
877 2159 1154 2202 existimavit.
1176 2161 1331 2220 Itaque
1352 2159 1558 2205 omnibus
1583 2159 1658 2219 qui
1679 2175 1799 2203 arma

405 2237 597 2283 tulerant
626 2256 781 2284 manus
819 2239 1038 2301 praecidit3
1061 2241 1195 2284 vitam
1228 2241 1464 2291 concessit,
1488 2257 1577 2301 quo
1601 2241 1799 2285 testatior

402 2331 515 2363 esset
543 2337 668 2380 poena
694 2320 1016 2382 improborum.
1045 2324 1267 2383 Drappes,
1294 2338 1424 2383 quem
1448 2331 1626 2383 captum
1658 2338 1748 2365 esse
1774 2338 1799 2364 a

403 2402 592 2445 Caninio
624 2401 781 2458 docui,
818 2404 907 2446 sive
944 2403 1208 2465 indignitate
1241 2413 1282 2447 et
1315 2401 1467 2447 dolore
1491 2401 1797 2456 vinculorum,

402 2481 492 2524 sive
524 2482 683 2525 timore
712 2484 926 2544 gravioris
963 2483 1189 2546 supplicii,
1220 2485 1370 2545 paucis
1401 2483 1553 2528 diebus
1580 2499 1671 2527 sese
1700 2483 1796 2527 cibo

404 2562 638 2620 abstinuit,
664 2574 796 2625 atque
824 2566 884 2609 ita
917 2566 1096 2610 interiit,
1124 2566 1290 2611 Eodem
1315 2575 1511 2626 tempore
1539 2565 1795 2619 Lucterius,

405 2658 535 2701 <suem
562 2644 808 2706 profugisse
836 2663 889 2690 ex
912 2645 1069 2708 proelio
1095 2649 1271 2708 scripsi,
1299 2663 1435 2708 quum
1468 2647 1511 2689 in
1536 2655 1796 2706 potestatem

409 2725 595 2768 venisset
619 2727 857 2787 Epasnacti
880 2729 1067 2772 Arverni
1092 2728 1264 2789 (crebro
1283 2728 1398 2772 enim
1423 2726 1645 2771 mutandis
1669 2726 1771 2770 locis
1786 2761 1796 2781 ,
