1972 3356
499 236 565 270 DE
596 236 755 271 BELLO
786 236 1002 271 GALLICO
1034 236 1124 270 LIB.
1149 236 1253 270 VIII.
1510 232 1583 278 237

175 332 376 378 caretur,
404 324 663 365 Dumnacus
694 322 875 365 instruit
902 322 1061 376 aciem,
1091 337 1189 381 quae
1216 320 1305 364 suis
1329 328 1442 363 esset
1465 319 1587 379 equi-

178 403 295 447 tibus
318 404 507 447 invicem
535 403 752 464 praesidio.
782 404 898 446 Tum
929 412 1111 462 repente
1147 401 1355 446 confertae
1391 399 1587 462 legiones

177 484 221 527 in
252 494 539 545 conspectum
564 484 755 527 hostium
792 483 990 526 veniunt.
1018 483 1195 540 Quibus
1218 483 1343 538 visis,
1375 479 1588 542 perculsae

176 565 468 609 barbarorum
493 574 649 607 turmae
681 579 731 606 ac
754 563 999 623 perterritae
1030 563 1144 605 acies
1167 562 1386 618 hostium,
1411 571 1588 623 pertur-

176 647 279 690 bato
308 645 730 706 impedimentorum
760 645 960 705 agmine,
988 660 1152 704 magno
1191 643 1386 687 clamore
1419 643 1590 687 discur-

176 744 315 788 suque
344 728 505 787 passim
534 718 649 787 fugae
688 743 732 770 se
766 725 999 768 mandant.
1030 727 1090 769 At
1119 726 1262 769 nostri
1291 726 1482 786 equites,
1513 727 1588 785 qui

179 807 310 869 paulo
350 817 451 851 ante
496 824 599 851 cum
646 806 953 851 resistentibus
991 806 1230 850 fortissime
1271 805 1588 857 conflixerant,

178 888 326 932 laetitia
364 888 560 932 victoriae
611 886 742 943 elati,
793 904 957 948 magno
1004 886 1205 948 undique
1251 886 1443 931 clamore
1489 887 1591 930 sub—

176 967 292 1023 lato,
327 968 584 1013 cedentibus
624 968 909 1025 circumfusi,
949 978 1168 1029 quantum
1211 985 1431 1029 equorum
1473 968 1589 1011 vires

175 1050 231 1093 ad
255 1049 611 1111 persequendum
637 1049 891 1110 dextraeque
921 1049 976 1093 ad
999 1049 1259 1094 caedendum
1285 1048 1456 1107 valent,
1488 1059 1590 1093 tan-

178 1142 273 1174 tum
300 1148 351 1175 eo
375 1129 532 1192 proelio
560 1131 847 1174 interficiunt.
881 1133 1037 1191 Itaque
1073 1130 1264 1192 amplius
1298 1130 1493 1175 millibus
1523 1147 1589 1176 xli

177 1222 253 1255 aut
292 1222 588 1267 armatorum,
626 1222 702 1255 aut
738 1228 894 1255 eorum
927 1213 1002 1273 qui
1039 1213 1199 1256 timore
1240 1229 1363 1256 arma
1390 1213 1590 1274 projece-

179 1303 298 1349 rant,
333 1293 596 1351 interfectis,
628 1294 771 1337 omnis
810 1292 1053 1337 multitudo
1086 1294 1261 1355 capitur
1294 1293 1590 1356 impedimen-

181 1384 339 1417 torum.

240 1457 387 1500 XXX.
438 1457 541 1513 Qua
590 1473 642 1500 ex
694 1456 822 1518 fuga,
870 1461 1008 1517 qutun
1059 1467 1283 1501 constaret
1328 1459 1589 1518 Drappeten

176 1537 396 1580 Senonem
441 1538 562 1599 (qui,
605 1547 653 1581 ut
691 1538 885 1598 primum
929 1538 1149 1582 defecerat
1187 1537 1354 1595 Gallia,
1394 1536 1591 1582 collectis

177 1617 373 1679 undique
408 1618 591 1680 perditis
623 1619 897 1676 hominibus,
929 1620 1066 1664 servis
1094 1619 1151 1664 ad
1179 1619 1430 1665 libertatem
1460 1636 1590 1664 voca-

177 1701 251 1757 tis,
281 1699 504 1744 exsulibus
527 1701 729 1745 omnium
757 1701 989 1745 civitatum
1016 1701 1216 1758 adscitis,
1241 1701 1436 1762 receptis
1461 1700 1590 1745 latro-

177 1783 327 1839 nibus,
367 1781 685 1843 impedimenta
718 1792 761 1826 et
793 1792 1066 1826 commeatus
1105 1786 1415 1828 Romanorum
1452 1783 1590 1826 inter-

177 1861 400 1924 ceperat),
428 1880 516 1907 non
543 1862 732 1924 amplius
753 1863 987 1907 hominum
1012 1879 1041 1906 v
1068 1863 1263 1908 millibus
1292 1881 1343 1908 ex
1370 1864 1474 1926 fuga
1498 1863 1591 1908 col-

179 1943 321 2000 lectis,
358 1944 639 1988 Provinciam
680 1953 849 2004 petere,
898 1960 1074 2004 unaque
1114 1943 1350 1988 consilium
1394 1961 1496 1988 eum
1537 1962 1589 1989 eo

178 2026 439 2070 Lucterium
457 2025 712 2069 Cadurcum
731 2026 895 2086 cepisse
917 2023 1088 2086 (quem,
1114 2026 1343 2086 superiore
1368 2042 1590 2070 commen-

180 2107 317 2161 tario,
361 2107 505 2166 prima
541 2105 789 2150 defectione
825 2105 1005 2161 Galliae,
1046 2105 1190 2150 facere
1227 2107 1273 2150 in
1306 2107 1588 2152 Provinciam

180 2188 395 2248 impetum
420 2185 609 2230 voluisse
638 2188 867 2248 cognitum
898 2187 1010 2249 est),
1035 2188 1249 2232 Caninius
1282 2187 1452 2249 legatus
1486 2205 1587 2232 cum

181 2268 428 2330 legionibus
462 2284 495 2312 11
527 2267 583 2311 ad
615 2284 689 2312 eos
719 2267 1048 2329 persequendos
1081 2268 1331 2325 contendit,
1360 2286 1414 2313 ne
1445 2269 1498 2314 de
1532 2270 1588 2313 ti—

181 2365 304 2392 more
330 2358 406 2392 aut
429 2348 696 2392 detrimento
718 2349 961 2393 Provinciae
985 2366 1145 2411 magna
1171 2350 1370 2407 infamia,
1396 2351 1589 2412 perdito-

183 2445 281 2472 rum
305 2429 538 2472 hominum
571 2428 837 2486 latrociniis,
870 2439 1115 2491 caperetur.

248 2511 416 2554 XXXI.
451 2512 499 2555 C.
533 2509 695 2554 Fabius
725 2526 826 2554 cum
861 2510 1032 2572 reliquo
1061 2512 1258 2556 exercitu
1289 2513 1333 2556 in
1367 2514 1586 2558 Carnutes

183 2601 436 2651 ceterasque
491 2589 787 2652 proficiscitur
838 2592 1037 2637 civitates
1088 2609 1277 2653 quarum
1327 2609 1378 2637 eo
1429 2593 1586 2654 proelio

185 2672 303 2731 quod
331 2688 431 2716 cum
461 2673 698 2716 Dumnaco
726 2672 886 2717 fecerat
919 2674 1067 2735 copias
1096 2690 1188 2718 esse
1217 2674 1379 2718 accisas
1407 2674 1583 2719 sciebat.
