1972 3356
577 222 643 258 DE
673 221 836 257 BELLO
868 221 1144 258 AFRICANO.
1481 222 1552 267 267

158 325 184 353 L
215 307 430 353 militibus
456 308 645 365 amissis,
673 307 826 369 paucis
855 306 1034 363 sauciis,
1070 307 1113 349 in
1141 315 1306 359 castra,
1334 322 1383 349 ac
1410 306 1554 349 statim

163 407 216 434 ex
242 391 398 435 itinere
427 399 529 434 ante
557 388 770 451 oppidum
799 387 1024 448 Thapsum
1040 387 1261 444 constitit,
1283 385 1557 448 elephantos-

162 488 248 532 que
271 488 381 516 Lxlv
404 479 584 515 ornatos
612 479 891 529 armatosque
915 484 1014 511 cum
1042 467 1240 512 turribus
1266 468 1559 512 ornamentis-

165 569 250 614 que
273 553 413 614 capit,
433 560 584 612 captos
605 559 708 594 ante
730 548 944 611 oppidum
964 549 1204 593 instructos
1222 550 1455 593 constituit
1480 567 1489 593 :
1514 549 1556 593 id

159 634 242 679 hoc
264 631 470 689 consilio,
499 632 533 675 si
559 640 705 692 posset
727 628 967 691 Virgilius,
994 629 1159 689 quique
1183 646 1282 673 cum
1309 647 1361 673 eo
1384 630 1559 675 obside-

157 716 343 768 bantur,
372 713 437 757 rei
463 711 576 757 male
603 721 734 773 gestae
763 727 945 755 suorum
975 708 1142 754 indicio
1170 726 1195 754 a
1221 712 1464 772 pertinacia
1492 711 1563 756 de·

159 796 275 840 duci.
301 793 477 839 Deinde
507 795 599 854 ipse
629 790 866 854 Virgilium
894 790 1159 853 appellavit,
1189 792 1482 854 invitavitque
1508 792 1562 836 ad

156 877 448 933 deditionem,
486 892 700 937 suamque
731 874 956 919 lenitatem
986 884 1029 918 et
1056 872 1338 918 elementiam
1372 884 1565 919 comme-

154 960 358 1004 moravit.
397 959 543 1016 Quem
580 967 814 1020 postquam
846 955 1159 1001 animadvertit
1189 973 1453 1018 responsum
1480 956 1561 1000 sibi

153 1058 245 1085 non
287 1040 414 1096 dare,
459 1040 514 1084 ab
552 1038 716 1101 oppido
756 1039 947 1083 recessit.
985 1040 1170 1083 Postero
1200 1037 1291 1094 die,
1331 1037 1483 1083 divina
1517 1054 1563 1081 re

154 1122 291 1179 facta,
333 1122 548 1166 concione
588 1120 824 1176 advocata,
866 1121 911 1164 in
950 1129 1191 1182 conspectu
1234 1119 1563 1182 oppidanorum

154 1203 317 1249 milites
353 1202 604 1248 collaudat:
644 1211 877 1264 totumque
911 1202 1156 1246 exercitum
1189 1211 1450 1246 veteranum
1488 1200 1566 1245 do-

157 1286 302 1342 navit,
342 1284 523 1347 praemia
548 1283 790 1328 fortissimo
829 1283 990 1345 cuique
1024 1299 1074 1327 ae
1109 1282 1221 1327 bene
1254 1283 1439 1327 merenti
1483 1299 1565 1345 pro

158 1376 367 1430 suggestu
399 1366 556 1410 tribuit
584 1384 593 1410 z
622 1382 671 1410 ac
701 1365 847 1409 statim
875 1364 978 1409 inde
1005 1364 1249 1427 digressuS,
1278 1363 1440 1409 Rebilo
1470 1381 1569 1426 pro-

160 1447 343 1493 consule
360 1465 462 1492 cum
489 1464 544 1493 111
568 1446 623 1491 ad
647 1447 875 1508 Thapsum
903 1445 1172 1508 legionibus,
1195 1456 1238 1491 et
1257 1448 1338 1492 Cn.
1365 1447 1567 1490 Domitio

158 1546 260 1575 cum
295 1546 330 1574 11
363 1528 551 1584 Tisdrae,
578 1528 655 1572 ubi
688 1527 925 1574 Considius
954 1537 1165 1590 praeerat,
1192 1527 1247 1572 ad
1273 1527 1566 1572 obsidendum

158 1610 352 1667 relictis,
388 1612 452 1656 M.
480 1608 670 1654 Messala
707 1610 886 1655 Uticam
919 1619 1021 1654 ante
1054 1610 1284 1671 praemisso
1317 1625 1420 1654 cum
1451 1609 1569 1670 equi-

157 1702 280 1750 tatu,
310 1693 403 1755 ipse
432 1691 589 1736 eodem
618 1691 701 1736 iter
726 1690 871 1735 faeere
898 1690 1142 1735 contendit.

226 1775 501 1819 LXXXVII.
530 1774 713 1833 Equites
741 1773 919 1816 interim
951 1773 1198 1832 Scipionis,
1230 1773 1306 1834 qui
1332 1789 1382 1817 ex
1416 1771 1573 1834 proelio

162 1856 397 1919 fugerant,
419 1870 557 1915 quum
576 1853 756 1897 Uticam
776 1868 929 1897 versus
950 1853 1034 1897 iter
1057 1852 1283 1911 facerent,
1308 1854 1575 1915 perveniunt

163 1936 219 1982 ad
255 1935 473 1999 oppidum
495 1934 691 1980 Paradae.
728 1934 819 1978 Ubi
845 1949 984 1995 quum
1016 1933 1069 1978 ab
1098 1933 1255 1978 incolis
1282 1951 1372 1980 non
1400 1935 1572 1996 recipe-

162 2029 345 2075 rentur,
364 2017 463 2062 ideo
484 2015 604 2078 quod
627 2015 741 2061 fama
763 2015 817 2060 de
840 2015 1024 2060 victoria
1047 2015 1233 2060 Caesaris
1258 2016 1573 2078 praecucurris-

164 2112 230 2147 set
247 2138 258 2156 ‚
286 2102 329 2146 vi
359 2099 525 2163 oppido
553 2098 704 2161 potiti,
731 2099 775 2142 in
805 2097 953 2142 medio
980 2097 1077 2142 foro
1107 2096 1239 2160 lignis
1273 2098 1573 2154 coacervatis,

165 2183 463 2245 omnibusque
491 2181 622 2226 rebus
650 2197 806 2225 eorum
844 2180 1086 2242 congestis,
1117 2180 1267 2242 ignem
1307 2179 1575 2241 subjiciunt,

165 2275 299 2327 atque
323 2266 417 2327 ejus
445 2263 598 2326 oppidi
626 2261 791 2307 incolas
816 2263 1031 2324 cujusque
1057 2263 1231 2324 generis
1255 2262 1482 2323 aetatisque
1511 2262 1569 2305 vi-

167 2364 248 2392 vos
287 2346 640 2407 constrictosque
681 2345 725 2388 in
764 2343 986 2388 flammam
1026 2344 1299 2404 conjiciunt,
1339 2354 1472 2405 atque
1514 2344 1573 2387 ita

169 2428 454 2474 acerbissimo
480 2426 682 2471 afficiunt
707 2425 954 2488 supplicio:
983 2424 1142 2470 deiude
1171 2426 1375 2488 protinus
1392 2426 1571 2469 Uticam

170 2510 450 2572 perveniunt.
470 2508 708 2569 Superiore
724 2517 922 2570 tempore
936 2509 998 2552 M.
1021 2508 1160 2565 Cato>
1183 2507 1301 2569 quod
1329 2508 1374 2551 in
1395 2507 1576 2551 Uticen-

170 2592 291 2636 sibus
332 2600 514 2652 propter
542 2589 803 2634 beneficium
834 2588 939 2652 legis
975 2587 1102 2634 Juliae
1136 2605 1295 2650 parum
1325 2589 1414 2632 suis
1445 2589 1577 2650 parti-

172 2673 254 2717 hus
278 2671 470 2734 praesidii
486 2688 578 2717 esse
602 2671 949 2729 existimaverat,
977 2669 1150 2733 plebem
1174 2671 1387 2714 inermem
1410 2668 1576 2732 oppido
