1972 3356
619 248 685 283 DE
716 247 874 284 BELLO
906 247 1054 284 AFRIC
1063 247 1177 284 ANO.
1519 257 1591 289 227

204 350 302 377 rum
330 333 495 378 circum
522 335 705 379 Caesaris
733 333 1001 377 munitiones
1026 333 1203 393 vagari,
1230 341 1361 393 atque
1391 348 1489 387 eos,
1517 332 1592 392 qui

202 414 440 477 pabulandi
466 425 541 460 aut
566 414 758 477 aquandi
784 415 923 476 gratia
943 424 1065 458 extra
1088 412 1251 457 vallum
1282 414 1500 475 progressi
1527 430 1593 458 es-

205 507 321 555 sent,
348 497 570 558 excipere;
597 497 657 540 ita
693 513 844 541 omnes
872 495 1146 540 adversarios
1183 496 1296 539 intra
1323 498 1593 542 munitiones

205 580 443 624 continere.
471 578 622 636 Quare
655 577 891 623 Caesariani
934 577 1055 638 gravi
1091 593 1265 621 annona
1306 589 1407 623 sunt
1442 579 1594 623 confli-

201 662 329 717 ctati,
361 659 486 714 ideo,
515 658 633 720 quod
666 658 864 703 nondum
902 675 1044 719 neque
1069 659 1124 702 ab
1153 659 1322 716 Sicilia,
1360 678 1504 722 neque
1540 663 1594 706 ab

201 741 401 786 Sardinia
424 749 695 785 commeatus
728 749 1015 801 supportatus
1050 749 1167 796 erat3
1203 757 1345 802 neque
1372 759 1452 803 per
1489 744 1595 786 anni

200 822 372 883 tempus
407 821 450 864 in
487 822 596 864 mari
618 819 775 865 classes
810 821 903 865 sine
941 819 1140 882 periculo
1176 823 1326 884 vagari
1357 833 1594 883 poterant,

197 918 340 962 neque
362 900 550 962 amplius
579 901 716 946 millia
746 919 952 963 passuum
983 919 1054 947 sex
1080 913 1206 947 terrae
1230 903 1386 949 Africae
1414 921 1595 966 quoquo

198 999 351 1028 versus
387 983 625 1041 tenebant,
664 983 904 1045 pabulique
943 986 1092 1046 inopia
1125 985 1452 1046 premebantur.
1494 988 1596 1044 Qua

197 1065 453 1110 necessitate
474 1066 612 1110 coacti
636 1067 829 1110 veterani
857 1065 1018 1111 milites
1039 1067 1325 1128 equitesque,
1354 1068 1430 1128 qui
1456 1067 1596 1112 multa

197 1155 317 1191 terra
341 1147 542 1208 marique
567 1146 682 1191 bella
707 1147 1022 1203 confecissent,
1052 1158 1096 1192 et
1122 1147 1330 1209 periculis
1358 1149 1596 1211 inopiaque

196 1227 272 1272 tali
307 1244 419 1289 saepe
451 1238 593 1273 essent
629 1228 893 1283 conflictati,
931 1228 1031 1291 alga
1076 1246 1098 1273 e
1138 1227 1269 1273 litore
1310 1228 1516 1287 collecta,
1554 1242 1598 1274 et

198 1326 312 1371 aqua
336 1308 455 1355 dulci
482 1309 599 1355 eluta
616 1345 627 1367 ,
657 1321 701 1355 et
729 1312 786 1356 ita
808 1311 1024 1372 jumentis
1049 1310 1345 1356 esurientibus
1372 1312 1473 1356 data
1496 1348 1507 1370 ,
1535 1313 1597 1356 vi-

198 1401 287 1436 tam
309 1408 462 1436 eorum
491 1392 809 1453 producebant.

260 1475 402 1518 XXV.
423 1475 546 1518 Dum
569 1474 661 1519 haec
680 1475 739 1518 ita
756 1474 934 1531 fierent,
956 1492 1031 1519 rex
1049 1475 1184 1529 Juha‚
1208 1476 1396 1537 cognitis
1412 1475 1596 1520 Caesaris

196 1553 533 1599 difficultatibus
562 1556 881 1616 copiarumque
919 1557 1168 1617 paucitate,
1198 1573 1287 1600 non
1324 1566 1387 1600 est
1426 1557 1596 1609 visum,

190 1635 292 1680 ‘dari
318 1636 511 1698 spatium
533 1635 895 1694 convalescendi,
916 1636 1308 1698 augendarumque
1331 1637 1425 1698 ejus
1447 1654 1596 1698 opum.

194 1720 376 1779 Itaque,
404 1719 668 1780 comparatis
695 1720 896 1780 equitum
922 1720 1092 1781 magnis
1120 1718 1410 1780 peditumque
1435 1719 1599 1780 copiiS,

195 1800 394 1845 subsidio
425 1802 513 1845 suis
531 1836 542 1857 ,
564 1817 764 1860 egressus
791 1817 814 1845 e
842 1817 1006 1862 regno,
1033 1801 1094 1845 ire
1120 1801 1363 1845 contendit.
1391 1803 1437 1845 P.
1465 1802 1600 1845 Sitius

198 1883 377 1926 interim
405 1892 449 1927 et
470 1899 546 1926 rex
573 1882 801 1939 Bocchus,
825 1882 1076 1943 conjunctis
1100 1883 1189 1927 suis
1220 1883 1389 1943 copiis,
1418 1883 1598 1945 cognito

198 1965 313 2025 regis
346 1963 470 2008 Jubae
515 1980 718 2025 egressu,
755 1964 939 2025 propius
981 1964 1076 2024 ejus
1109 1981 1297 2026 regnum
1324 1964 1472 2025 copias
1500 1980 1600 2008 suas

199 2044 453 2102 admovere,
482 2046 767 2106 Cirtamque,
794 2044 1008 2107 oppidum
1035 2046 1129 2106 ejus
1162 2047 1287 2107 regni
1315 2044 1598 2107 opulentissi-

199 2143 320 2171 mum
340 2161 351 2180 ‚
378 2125 543 2183 adorti,
573 2126 723 2187 paucis
751 2126 905 2171 diebus
934 2126 1174 2188 pugnando
1199 2128 1403 2189 capiunt,
1428 2137 1471 2171 et
1493 2143 1601 2191 prae-

201 2218 320 2253 terea
357 2208 446 2252 duo
479 2207 643 2270 oppida
678 2206 991 2253 Gaetulorum:
1023 2208 1185 2271 quibus
1218 2227 1358 2272 quum
1394 2212 1606 2256 conditio-

201 2306 303 2334 nem
329 2290 520 2345 ferrent,
548 2300 597 2334 ut
625 2289 791 2352 oppido
819 2291 1111 2345 excederent,
1142 2292 1273 2354 idque
1304 2293 1386 2337 sibi
1412 2310 1603 2338 vacuum

200 2372 506 2430 transderent,
523 2371 916 2436 conditionemque
933 2375 1262 2436 repudiassent,
1284 2386 1436 2437 postea
1464 2376 1518 2420 ab
1541 2376 1602 2420 eis

201 2454 645 2516 captiinterfectique
666 2466 768 2500 sunt
793 2472 961 2500 omnes.
979 2456 1090 2501 Inde
1114 2458 1365 2519 progressi,
1389 2474 1517 2519 agros
1532 2475 1605 2518 op-

201 2535 394 2598 pidaque
420 2553 579 2581 vexare
618 2553 708 2581 non
746 2536 973 2583 desistunt.
1013 2538 1188 2596 Quibus
1226 2539 1358 2583 rebus
1392 2539 1604 2600 cognitis,

200 2619 337 2676 Juba,
366 2636 505 2680 quum
530 2620 621 2680 jam
650 2636 739 2664 non
767 2618 899 2682 longe
925 2621 979 2665 ab
1006 2621 1213 2682 Scipione
1241 2630 1374 2681 atque
1403 2621 1496 2682 ejus
1525 2620 1606 2665 du-

201 2699 324 2744 cibus
351 2700 542 2755 abesset,
572 2701 689 2762 capit
715 2700 947 2746 consilium
971 2737 982 2759 ,
1013 2702 1150 2746 satius
1180 2718 1296 2759 esse,
1326 2701 1410 2746 sibi
1436 2718 1604 2762 suoque

1372 2781 1439 2828 15.
