1972 3356
298 286 371 324 2¹4
507 282 544 319 C.
576 280 704 316 JULII
733 276 955 314 CAESARIS
987 276 1470 314 COMMENTARIORUM

297 374 413 410 cunt.
433 367 541 408 Erat
559 380 583 407 a
603 362 992 423 septemtrionibus
1010 359 1133 404 collis
1151 376 1303 420 quem,
1324 369 1503 420 propter
1521 361 1689 420 magni-

298 444 498 489 tudinem
517 444 746 500 circuitus,
761 459 894 504 opere
913 440 1215 501 circumplecti
1234 456 1323 483 non
1345 449 1582 500 potuerant
1596 455 1692 483 nos-

297 526 374 580 tri3
415 525 750 586 necessarioque
783 540 905 586 paene
939 523 1092 584 iniquo
1124 521 1222 565 loco
1259 530 1302 565 et
1345 519 1501 564 leniter
1534 518 1693 563 declivi

298 616 438 651 castra
474 606 682 651 fecerant.
713 609 815 651 Haec
850 607 900 649 C.
938 604 1155 649 Antistius
1181 602 1377 664 Reginus
1411 611 1454 645 et
1482 602 1531 646 C.
1559 601 1694 645 Cani-

298 687 397 731 nius
424 686 628 742 Rebilus,
655 686 806 748 legati,
833 703 933 730 cnm
959 685 1129 729 duabus
1151 683 1398 745 legionibus
1422 681 1694 727 obtinebant.

300 769 500 829 Cognitis
525 785 603 830 per
631 766 930 829 exploratores
952 766 1229 828 regionibus,
1252 764 1386 809 duces
1418 764 1613 808 hostium
1641 779 1701 808 Lx

301 847 440 893 millia
470 866 522 893 ex
560 849 682 893 omni
712 865 898 893 numero
926 847 1126 909 deligunt
1155 863 1304 890 earum
1337 846 1566 890 civitatum
1604 860 1699 904 quae

301 931 537 974 maximam
579 931 754 974 virtutis
790 930 1046 990 opinionem
1085 928 1324 983 habebant;
1360 925 1486 987 quid,
1523 941 1700 986 quoque

303 1020 432 1072 pacto
457 1012 526 1072 agi
550 1011 742 1071 placeat,
778 1009 948 1055 occulte
974 1010 1087 1053 inter
1117 1025 1160 1052 se
1182 1008 1477 1063 constituunt3
1510 1004 1699 1050 adeundi

304 1101 478 1151 tempus
507 1090 743 1146 definiunt,
774 1106 912 1150 quum
943 1087 1148 1132 meridies
1174 1104 1267 1133 esse
1300 1086 1513 1131 videatur.
1544 1087 1602 1130 Iis
1633 1103 1703 1130 co-

304 1171 386 1231 piis
407 1173 447 1214 V
450 1170 796 1233 ergasillaunum
827 1172 1077 1215 Arvernum
1093 1204 1105 1223 ‚
1130 1185 1269 1213 unum
1293 1184 1345 1211 ex
1367 1176 1558 1228 quatuor
1584 1165 1705 1210 duci-

305 1252 405 1309 bus,
444 1253 749 1314 propinquum
786 1250 1189 1312 Vercingetorigis,
1222 1248 1483 1310 praeficiunt.
1520 1246 1622 1303 Ille,
1654 1263 1707 1290 ex

306 1333 458 1377 castris
484 1334 625 1394 prima
649 1332 798 1395 vigilia
822 1349 1039 1394 egressus,
1067 1347 1205 1393 prope
1234 1329 1435 1374 confecto
1460 1329 1540 1373 sub
1564 1327 1706 1372 lucem

307 1415 481 1471 itinere,
515 1424 615 1476 post
637 1423 836 1458 montem
868 1431 912 1458 se
947 1411 1205 1464 occultavit,
1235 1410 1485 1471 militesque
1516 1427 1567 1454 ex
1600 1426 1706 1453 noc-

309 1506 443 1539 turno
467 1494 617 1539 labore
641 1512 733 1540 sese
757 1494 937 1540 reficere
958 1495 1100 1556 jussit.
1125 1493 1277 1550 Quum
1295 1493 1386 1553 jam
1410 1491 1615 1535 meridies
1638 1507 1710 1551 ap-

310 1576 612 1637 propinquare
634 1576 885 1631 videretur,
913 1575 969 1619 ad
993 1592 1042 1619 ea
1066 1584 1205 1619 castra
1232 1590 1328 1633 quae
1350 1589 1483 1633 supra
1509 1572 1710 1615 demons-

314 1657 525 1700 travimus
565 1656 818 1710 contendit;
862 1654 1105 1715 eodemque
1154 1664 1353 1714 tempore
1395 1653 1613 1713 equitatus
1654 1653 1709 1697 ad

313 1747 578 1798 campestres
606 1738 874 1781 munitiones
910 1736 1146 1791 accedere,
1177 1744 1220 1778 et
1245 1732 1425 1794 reliquae
1455 1734 1591 1794 copiae
1621 1750 1711 1777 sese

314 1834 395 1878 pro
419 1818 572 1862 castris
596 1817 827 1861 ostendere
851 1824 1090 1877 coeperunt.

380 1899 629 1942 LXXXIV.
656 1896 1017 1958 Vercingetorix,
1045 1912 1096 1940 ex
1119 1912 1220 1940 arce
1245 1895 1400 1940 Alesiae
1419 1911 1520 1939 suos
1543 1896 1715 1956 conspi-

316 1989 459 2033 catus,
487 1995 536 2023 ex
563 1978 728 2040 oppido
753 1978 1000 2039 egreditur3
1025 1995 1048 2021 a
1076 1978 1228 2021 castris
1261 1976 1488 2038 longurios
1505 2011 1516 2033 ,
1536 1993 1715 2020 muscu-

318 2059 402 2115 los,
433 2058 586 2115 falces,
615 2058 873 2120 reliquaque
903 2074 1000 2119 quae
1021 2058 1269 2119 eruptionis
1299 2073 1429 2101 causa
1463 2065 1715 2118 paraverat,

319 2140 499 2201 profert.
534 2143 767 2202 Pugnatur·
799 2156 889 2184 uno
926 2150 1124 2200 tempore
1158 2139 1365 2183 omnibus
1395 2138 1502 2182 locis
1535 2138 1716 2192 acriter,

320 2231 450 2282 atque
472 2222 621 2266 omnia
647 2231 888 2266 tentantur.
910 2221 1013 2278 Qua
1031 2221 1214 2264 minime
1238 2220 1329 2264 visa
1353 2236 1453 2280 pars
1480 2218 1609 2262 firma
1631 2226 1717 2275 est,

322 2303 408 2347 huc
436 2303 731 2347 concurritur.
767 2304 1074 2346 Romanorum
1111 2317 1266 2344 manus
1305 2301 1433 2344 tantis
1466 2299 1719 2343 munitioni-

322 2383 404 2427 bus
427 2383 684 2438 distinetur,
700 2400 782 2427 nec
800 2381 924 2427 facile
943 2381 1144 2443 pluribus
1164 2380 1267 2425 locis
1289 2381 1497 2424 occurrit.
1522 2378 1717 2425 Multum

323 2463 378 2506 ad
422 2463 650 2507 terrendos
694 2473 867 2508 nostros
912 2462 1047 2506 valuit
1084 2461 1251 2506 clamor
1290 2461 1366 2521 qui
1409 2471 1508 2521 post
1546 2469 1716 2520 tergum

326 2544 626 2605 pugnantibus
663 2545 848 2599 exstitit,
886 2543 1005 2604 quod
1043 2560 1171 2587 suum
1206 2541 1452 2603 periculum
1489 2542 1532 2584 in
1577 2538 1719 2583 aliena

327 2623 477 2668 vident
532 2626 695 2669 virtute
741 2624 977 2669 consistere
1023 2641 1030 2666 :
1085 2624 1234 2668 omnia
1290 2621 1406 2666 enim
1459 2620 1718 2681 plerumque

329 2719 423 2763 quae
460 2705 618 2749 absunt
648 2705 951 2749 vehementius
979 2704 1211 2748 hominum
1251 2712 1416 2746 mentes
1447 2700 1717 2761 perturbant.
