1972 3356
416 282 489 317 272
648 269 686 303 C.
712 268 842 302 JULII
873 267 1089 302 CAESARIS
1118 266 1377 303 COMMENT.
1415 270 1561 306 LIBER

418 358 594 398 Zamam
634 352 896 412 perveniunt
925 350 980 394 ad
1014 353 1256 406 Caesarem,
1295 352 1350 395 ab
1387 368 1527 413 eoque
1551 363 1654 397 sunt
1678 365 1797 399 metu

413 432 697 494 periculoque
725 431 908 476 liberati.
1811 490 1814 493 1

479 515 641 558 XCIII.
661 515 781 557 Dum
808 513 901 556 haec
928 512 1164 573 utrobique
1189 523 1422 574 geruntur,
1439 514 1672 559 Considius
1688 550 1699 572 ,
1725 517 1802 577 qui

412 593 576 639 Tisdrae
603 610 704 638 cum
733 592 896 637 familia
922 609 1026 650 sua,
1057 591 1317 654 gladiatoria
1345 610 1501 651 manu,
1532 595 1802 657 Gaetulisque

413 685 622 737 praeerat‚
644 676 820 737 cognita
847 674 962 718 caede
985 691 1187 730 suorum,
1213 675 1486 736 Domitiique
1511 686 1553 719 et
1579 675 1803 738 legionum

412 756 605 801 adventu
630 755 917 817 perterritus,
941 755 1169 816 desperata
1195 755 1353 812 salute,
1380 756 1592 818 oppidum
1613 757 1800 813 deserit,

417 854 551 898 seque
579 837 691 881 clam
719 853 816 880 cum
844 837 995 897 paucis
1031 836 1234 880 Barbaris
1268 838 1455 898 pecunia
1484 847 1666 882 onustus
1699 839 1801 882 sub-

412 917 554 974 ducit,
577 927 707 978 atque
731 918 775 960 in
800 933 983 978 regnum
1008 917 1157 977 fugere
1178 917 1404 961 contendit
1427 935 1438 974 3
1464 935 1592 978 quem
1617 918 1800 975 Gaetuli,

413 999 480 1042 sui
507 999 714 1053 comites,
749 998 793 1040 in
830 997 1005 1053 itinere,
1042 997 1199 1057 praedae
1237 998 1413 1058 cupidi,
1449 998 1705 1056 concidunt,
1746 1016 1803 1044 se-

412 1095 497 1139 que
530 1079 575 1122 in
612 1094 898 1139 quascunque
925 1087 1108 1138 potuere
1142 1087 1288 1138 partes
1326 1078 1574 1122 conferunt.
1608 1081 1660 1124 C.
1694 1080 1801 1124 inte-

411 1160 494 1203 rim
520 1157 760 1220 Virgilius,
785 1168 1018 1219 postquam
1047 1167 1165 1201 terra
1195 1159 1395 1218 marique
1420 1158 1594 1203 clausus
1618 1176 1663 1203 se
1689 1159 1798 1204 nihil

414 1239 627 1301 proficere
651 1237 892 1294 intellexit,
919 1255 1108 1299 suosque
1130 1238 1385 1283 interfectos
1411 1249 1487 1284 aut
1508 1239 1680 1301 fugatos
1697 1275 1709 1298 ‚
1735 1242 1800 1285 M.

412 1322 628 1366 Catonem
663 1321 805 1364 Uticae
840 1320 922 1364 sibi
947 1321 1090 1381 ipsum
1117 1336 1273 1364 manus
1300 1318 1525 1377 intulisse,
1558 1337 1710 1383 regem
1734 1337 1805 1365 va-

412 1418 540 1463 gum,
566 1401 621 1446 ab
647 1402 824 1462 suisque
847 1400 1069 1445 desertum
1094 1401 1148 1444 ab
1172 1400 1376 1444 omnibus
1396 1404 1646 1462 aspernari,
1672 1401 1804 1446 Sabu-

369 1520 372 1523 4
410 1500 505 1527 ram
528 1483 711 1543 ejusque
736 1483 885 1543 copias
923 1482 977 1526 ab
1017 1483 1129 1526 Sitio
1157 1498 1248 1525 esse
1284 1481 1447 1526 deletas
1464 1516 1475 1538 ‚
1499 1482 1642 1526 Uticae
1667 1483 1805 1526 Caesa-

412 1580 505 1608 rem
542 1565 635 1609 sine
675 1582 799 1609 mora
836 1574 1088 1624 receptum,
1121 1562 1174 1607 de
1208 1573 1332 1607 tanto
1371 1563 1564 1607 exercitu
1596 1562 1804 1623 reliquias

411 1661 503 1689 esse
533 1643 699 1700 nullas,
724 1661 820 1705 quae
845 1644 927 1688 sibi
952 1644 1127 1703 suisque
1153 1642 1299 1686 liberis
1320 1643 1599 1703 prodessent3
1622 1660 1646 1687 a
1672 1644 1803 1688 Cani-

414 1726 486 1768 nio
514 1724 889 1785 proconsule,qui
913 1740 1014 1767 eum
1042 1723 1291 1778 obsidebat,
1323 1723 1408 1766 fide
1434 1733 1638 1783 accepta,
1671 1741 1804 1784 seque

413 1815 457 1849 et
485 1822 561 1849 sua
590 1806 738 1849 omnia
766 1814 806 1848 ct
830 1803 1044 1865 oppidum
1069 1802 1326 1864 proconsuli
1350 1803 1550 1847 transdit.

475 1888 634 1931 XCIV.
662 1888 756 1930 Rex
782 1886 958 1929 interim
983 1885 1121 1941 Juba,
1147 1885 1202 1928 ab
1227 1885 1434 1929 omnibus
1459 1885 1710 1930 civitatibus
1735 1903 1802 1930 ex-

411 1966 558 2011 clusus
575 2002 586 2024 ⁷
614 1966 843 2028 desperata
870 1964 1034 2022 salute,
1061 1981 1198 2026 quum
1222 1965 1313 2025 jam
1342 1975 1538 2009 coenatus
1565 1975 1674 2010 esset
1701 1983 1802 2010 cum

410 2048 605 2105 Petreio,
631 2056 680 2090 ut
700 2064 778 2108 per
802 2047 1011 2090 virtutem
1036 2045 1253 2089 interfecti
1279 2061 1371 2089 esse
1393 2044 1664 2103 viderentur,
1686 2046 1802 2090 ferro

411 2129 528 2173 inter
562 2145 606 2172 se
640 2127 921 2189 depugnant3
959 2137 1089 2187 atque
1125 2126 1294 2170 firmior
1322 2124 1655 2170 imbecilliorem
1689 2127 1803 2170 Juba

411 2209 634 2254 Petreium
660 2207 784 2252 facile
802 2208 915 2252 ferro
942 2207 1235 2268 consumpsit:
1262 2206 1419 2250 deinde
1442 2207 1533 2267 ipse
1557 2206 1639 2250 sibi
1661 2223 1798 2267 quum

412 2300 647 2334 conaretur
678 2288 824 2351 gladio
854 2289 1108 2349 transjicere
1139 2298 1317 2349 pectus,
1349 2304 1430 2332 nce
1464 2296 1635 2348 posset,
1662 2287 1802 2348 preci-

411 2371 492 2415 bus
525 2388 550 2415 a
587 2387 713 2415 servo
753 2387 832 2414 suo
866 2370 1142 2431 impetravit,
1175 2379 1224 2413 ut
1262 2385 1306 2413 sc
1343 2368 1633 2425 interficeret,
1669 2367 1801 2429 idque

412 2451 620 2495 obtinuit.

474 2534 613 2577 XCV.
641 2534 689 2576 P.
719 2533 854 2576 Sitius
878 2532 1077 2587 interim,
1101 2531 1227 2593 pulso
1253 2531 1449 2575 exercitu
1473 2529 1674 2585 Saburae,
1697 2544 1801 2589 prae-

412 2613 513 2657 fecti
540 2613 689 2671 Jubae‚
717 2614 900 2675 ipsoque
937 2612 1189 2670 interfecto,
1226 2629 1363 2673 quum
1398 2612 1481 2655 iter
1511 2626 1608 2654 cum
1647 2609 1800 2670 paucis

413 2709 489 2753 per
530 2694 843 2738 Mauritaniam
869 2693 922 2738 ad
946 2696 1158 2738 Caesarem
1195 2693 1376 2749 faceret,
1414 2690 1526 2735 forte
1563 2689 1716 2733 incidit
1755 2689 1798 2731 in
