1972 3356
290 266 309 302 l.
498 261 536 295 C.
571 260 698 295 JULII
727 259 938 293 CAESARIS
971 257 1454 292 COMMENTARIORUM

291 345 419 400 vitas,
446 344 501 386 ob
525 359 618 385 eam
644 358 736 385 rem
766 342 964 396 incitata,
990 341 1121 383 armis
1144 341 1215 400 jus
1241 356 1364 383 suum
1394 343 1567 401 exsequi
1597 359 1668 385 co-

290 433 480 478 naretur,
499 421 918 481 multitudinemque
940 420 1171 464 hominum
1188 435 1240 462 ex
1257 420 1374 480 agris
1389 421 1669 480 magistratus

288 513 514 564 cogerent,
544 502 778 562 Orgetorix
803 511 1003 544 mortuus
1027 510 1092 544 est
1117 517 1125 544 :
1153 517 1293 560 neque
1315 501 1436 544 abest
1459 501 1669 561 suspicit),

288 593 335 626 ut
369 581 558 626 Helvetii
592 582 885 639 arbitrantur,
920 582 1026 641 quin
1055 582 1146 642 ipsc
1179 581 1259 624 sibi
1289 590 1476 624 mortem
1504 581 1671 624 consci-

287 664 410 707 verit.

349 746 403 787 V.
440 745 543 787 Post
579 745 671 804 ejus
701 752 888 786 mortem
919 741 1207 785 nihilominus
1233 741 1425 785 Helvetii
1456 741 1523 797 id,
1555 741 1673 801 quod

287 824 631 878 constituerant,
657 822 799 866 facere
822 831 1059 877 conantur,
1085 831 1131 864 ut
1157 839 1179 865 e
1203 822 1364 865 finibus
1388 823 1475 865 suis
1500 831 1668 864 exeant.

286 905 373 948 Ubi
393 905 480 965 jam
509 920 552 947 se
582 903 636 946 ad
665 919 760 946 eam
788 919 880 946 rem
910 912 1086 962 paratos
1111 918 1202 945 esse
1228 903 1428 945 arbitrati
1452 911 1573 957 sunt,
1598 917 1673 960 op-

288 984 389 1044 pida
415 1001 490 1027 sua
514 984 662 1026 omnia
682 999 869 1026 numero
893 982 947 1025 ad
973 982 1227 1037 duodecim,
1249 983 1369 1025 vicos
1393 981 1447 1025 ad
1470 980 1677 1042 quadrin-

287 1073 462 1124 gentos,
492 1063 661 1123 reliqua
694 1063 866 1124 privata
894 1062 1075 1106 aedificia
1106 1063 1368 1121 incendunt,
1403 1063 1674 1106 frumentum

288 1161 436 1199 omne,
464 1153 619 1205 praeter
641 1143 760 1203 quod
785 1159 935 1187 secum
963 1144 1183 1203 portaturi
1207 1153 1356 1198 erant,
1381 1143 1675 1198 comburunt,

289 1235 361 1280 ut,
387 1224 568 1268 domum
598 1224 829 1267 reditionis
854 1240 929 1283 spe
957 1222 1153 1279 sublata,
1179 1224 1421 1283 paratiores
1445 1222 1500 1266 ad
1529 1223 1676 1265 omnia

290 1303 483 1364 pericula
512 1303 741 1348 subeunda
766 1313 909 1348 essent
936 1320 944 1346 :
972 1303 1105 1346 trium
1135 1304 1353 1346 mensium
1384 1302 1537 1346 molita
1560 1302 1678 1345 ciba-

288 1386 352 1428 ria
376 1386 457 1428 sibi
477 1400 698 1444 quemque
723 1383 856 1427 domo
885 1383 1040 1427 efferre
1062 1383 1233 1443 jubent.
1258 1382 1532 1427 Persuadent
1559 1385 1677 1426 Rau-

289 1466 422 1522 racis,
460 1475 503 1508 et
530 1464 752 1525 Tulingis,
787 1474 829 1507 et
858 1464 1108 1524 Latobrigis
1145 1463 1365 1519 finitimis,
1400 1464 1486 1520 uti,
1523 1462 1677 1506 eodem

290 1547 357 1589 usi
388 1544 597 1601 consilio,
627 1544 801 1606 oppidis
830 1545 917 1588 suis
945 1544 1141 1605 vicisque
1167 1544 1356 1600 exustis,
1382 1560 1470 1587 una
1497 1560 1597 1587 cum
1628 1543 1679 1585 iis

290 1625 662 1686 proficiscantur:
693 1626 934 1685 Boiosque,
969 1625 1044 1684 qui
1081 1634 1203 1668 trans
1239 1625 1448 1668 Rhenum
1485 1622 1680 1667 incolue—

290 1716 415 1763 rant,
453 1716 496 1750 et
535 1707 581 1749 in
612 1723 767 1767 agrum
801 1706 1018 1751 Noricum
1057 1705 1344 1761 transierant,
1379 1705 1680 1764 Noreiamque

292 1796 625 1847 oppugnarant,
653 1795 850 1847 receptos
879 1785 933 1828 ad
963 1802 1007 1829 se
1036 1785 1178 1829 socios
1208 1785 1288 1828 sibi
1316 1785 1581 1828 adsciscunt.

357 1868 433 1910 VI.
453 1868 592 1910 Erant
612 1867 796 1909 omuino
814 1865 972 1909 itinera
996 1865 1104 1922 duo,
1121 1865 1282 1926 quibus
1301 1865 1531 1908 itineribus
1550 1864 1681 1908 domo

293 1947 412 1990 exire
434 1956 615 2006 possent
642 1963 651 1989 z
675 1963 815 1989 unum
846 1963 925 2006 per
951 1948 1202 2006 Sequanos,
1230 1955 1467 2007 angustum
1496 1955 1538 1989 et
1565 1944 1681 1988 diffi-

293 2025 394 2083 cile,
420 2027 535 2070 inter
558 2035 753 2070 montem
776 2028 928 2069 Juram
947 2035 990 2070 et
1009 2025 1173 2069 flumen
1195 2025 1483 2081 Rhodanum,
1504 2025 1577 2068 vix
1598 2041 1683 2085 qua

296 2105 456 2167 singuli
484 2106 598 2149 carri
627 2105 914 2161 ducerentur3
938 2123 1064 2149 mons
1080 2116 1228 2150 autem
1253 2105 1490 2149 altissimus
1516 2106 1684 2166 impen-

294 2185 442 2242 debat,
464 2195 512 2228 ut
535 2184 662 2229 facile
681 2186 892 2246 perpauci
913 2186 1147 2246 prohibere
1171 2196 1348 2247 possent
1367 2203 1376 2229 :
1400 2184 1589 2229 alterum
1608 2201 1684 2245 per

297 2267 572 2309 Provinciam
608 2275 831 2323 nostram,
869 2266 1010 2309 multo
1046 2265 1216 2310 facilius
1249 2277 1380 2327 atque
1414 2265 1683 2327 expeditius,

298 2356 529 2406 propterea
558 2345 679 2405 quod
705 2344 1012 2390 Helvetiorum
1037 2348 1150 2390 inter
1177 2346 1284 2390 fines
1305 2356 1347 2390 et
1370 2345 1683 2406 Allobrogum,

296 2427 369 2484 qui
393 2443 534 2486 nuper
560 2427 704 2487 pacati
731 2436 874 2482 erant,
899 2426 1141 2470 Rhodanus
1170 2427 1286 2481 fluit,
1315 2428 1437 2487 isque
1460 2423 1684 2469 nonnullis

297 2503 403 2548 locis
434 2506 545 2549 vado
581 2507 807 2550 transitur.
842 2509 1103 2550 Extremum
1137 2507 1352 2568 oppidum
1393 2505 1684 2566 Allobrogum

297 2594 379 2638 cst,
411 2586 753 2645 proximumque
778 2586 1083 2630 Helvetiorum
1113 2587 1294 2643 finibus,
1323 2589 1515 2631 Geneva.
1547 2587 1611 2628 Ex
1635 2601 1686 2629 eo

298 2663 458 2723 oppido
482 2681 592 2724 pons
607 2664 661 2708 ad
684 2664 906 2709 Helvetios
931 2667 1135 2726 pertinet.
1166 2666 1477 2726 Allobrogibus
1505 2681 1596 2716 sese
1620 2664 1685 2707 vel

1948 753 1958 802 ›e‹
1948 707 1962 743 -κ
