1972 3356
582 230 648 265 DE
684 230 843 266 BELLO
872 231 1143 270 AFRICANO.
1480 239 1526 276 24
1534 233 1553 268 5

167 311 381 357 instructa
405 313 485 357 sub
512 313 636 358 hoste
663 314 817 358 stabat.
843 316 1022 375 Equites
1046 316 1246 371 barbari,
1278 316 1470 379 levisque
1493 335 1555 362 ar-

165 405 371 454 maturae,
401 395 564 457 proeliis
589 398 769 442 minutis
794 400 993 443 cominus
1021 399 1301 444 dimicabant.

228 482 320 525 LII.
359 482 505 525 Caesar
527 482 580 525 ab
607 497 659 525 eo
687 498 819 543 opere
842 498 976 542 quum
1002 483 1093 542 jam
1117 483 1197 526 sub
1225 500 1455 544 vesperum
1480 502 1553 530 co-

163 563 258 624 pias
273 564 316 607 in
332 575 474 608 castra
492 563 740 619 reduceret,
764 581 924 625 magno
947 565 1148 619 incursu,
1170 581 1271 608 cum
1292 569 1411 610 omni
1432 570 1553 628 equi-

165 656 260 690 tatu
282 646 451 707 levique
473 641 695 689 armatura
710 680 721 702 ,
745 646 879 700 Juba,
902 646 1077 707 Scipio,
1100 646 1341 704 Labienus,
1365 649 1409 692 in
1433 648 1558 711 legio-

161 728 308 772 narios
329 728 542 788 impetum
563 727 772 772 fecerunt.
793 727 972 788 Equites
994 729 1256 785 Caesariani,
1277 730 1317 773 vi
1342 730 1552 776 universae

161 811 403 871 subitaeque
429 810 622 854 hostium
649 809 942 855 multitudinis
972 811 1117 872 pulsi,
1147 828 1386 873 parumper
1414 829 1549 857 cesse-

159 903 277 937 runt.
305 894 416 951 Quae
438 911 506 938 res
527 892 654 938 aliter
679 893 940 939 adversariis
964 894 1122 939 cecidit
1143 912 1152 938 :
1174 912 1364 956 namque
1382 897 1550 953 Caesar,

159 993 211 1021 ex
233 976 377 1021 medio
404 977 558 1022 itinere
583 977 720 1038 copiis
744 977 959 1035 reductis,
981 976 1202 1039 equitibus
1225 979 1312 1022 suis
1335 978 1548 1023 auxilium

158 1058 285 1117 tulit3
311 1061 478 1121 equites
503 1071 680 1118 autem,
707 1060 894 1105 adventu
936 1060 1158 1123 legionum
1187 1062 1335 1105 animo
1373 1061 1549 1120 addito,

157 1145 377 1188 conversis
406 1145 527 1205 equis
558 1145 602 1188 in
630 1144 867 1202 Numidas,
894 1144 1054 1206 cupide
1078 1145 1356 1206 insequentes
1382 1145 1549 1206 disper-

158 1243 336 1288 sosque,
360 1228 572 1289 impetum
597 1228 823 1285 fecerunt,
849 1238 979 1289 atque
1004 1245 1078 1272 eos
1104 1227 1443 1273 convulneratos
1475 1245 1547 1273 us-

156 1326 242 1370 que
269 1311 314 1354 in
337 1320 476 1355 castra
504 1311 624 1373 regia
651 1311 931 1373 repulerunt,
958 1312 1207 1373 multosque
1229 1329 1281 1356 ex
1304 1313 1355 1356 iis
1379 1313 1549 1357 interfe-

157 1404 326 1438 cerunt.
355 1395 489 1452 Quod
528 1396 573 1439 ni
606 1397 651 1439 in
690 1405 864 1440 noctem
902 1395 1106 1457 proelium
1135 1406 1243 1439 esset
1278 1396 1547 1457 conjectum,

156 1477 389 1539 pulvisque
411 1489 543 1523 vento
563 1479 692 1524 flatus
707 1481 905 1523 omnium
924 1489 1163 1541 prospectu
1180 1479 1417 1536 offecisset,
1435 1480 1548 1524 Juba

155 1578 256 1605 cum
277 1562 473 1607 Labieno
493 1563 609 1624 capti
629 1563 672 1606 in
691 1572 950 1623 potestatem
967 1565 1148 1608 Caesaris
1162 1564 1402 1620 venissent,
1421 1564 1545 1624 equi·

156 1655 360 1706 tatusque
395 1662 492 1690 cum
525 1645 610 1690 levi
639 1657 863 1692 armatura
892 1646 1090 1690 funditus
1120 1646 1174 1691 ad
1205 1647 1546 1691 internecionem

153 1727 323 1773 deletus
347 1739 473 1773 esset.
498 1731 682 1774 Interim
706 1729 1022 1775 incredibiliter
1039 1747 1091 1774 ex
1108 1729 1354 1791 legionibus
1372 1746 1419 1774 1v
1438 1741 1481 1774 et
1501 1746 1545 1774 v1

157 1812 375 1873 Scipionis
414 1811 576 1858 milites
606 1811 845 1875 diffugere,
881 1813 1041 1873 partim
1084 1813 1126 1855 in
1162 1822 1301 1857 castra
1339 1813 1546 1868 Caesaris,

152 1897 312 1956 partim
337 1897 380 1940 in
400 1912 508 1957 quas
522 1897 707 1957 quisque
728 1906 899 1958 poterat
920 1897 1119 1958 regiones
1138 1897 1367 1957 pervenire
1390 1914 1398 1941 :
1422 1898 1545 1941 item-

154 1997 240 2041 que
270 1983 438 2041 equites
467 1981 728 2026 Curioniani
750 2015 762 2037 ,
787 1980 916 2025 diffisi
945 1981 1139 2042 Scipioni
1166 1981 1347 2042 ejusque
1373 1983 1509 2042 copiis
1532 2016 1542 2038 ,

152 2063 396 2125 complures
422 2081 466 2108 se
489 2063 643 2109 eodem
663 2064 957 2109 conferebant.

217 2151 335 2194 LIII.
369 2152 488 2194 Dum
519 2150 609 2194 haec
645 2150 811 2194 circum
840 2150 1012 2194 Uzitam
1047 2149 1100 2193 ab
1130 2151 1327 2211 utrisque
1357 2149 1542 2195 ducibus

153 2232 534 2291 administrantur,
552 2232 744 2294 legiones
767 2231 886 2288 duae,
911 2249 958 2277 lx
980 2243 1022 2277 et
1043 2251 1090 2289 x,
1113 2249 1166 2278 ex
1186 2233 1333 2278 Sicilia
1357 2234 1541 2278 navibus

153 2317 365 2361 onerariis
390 2317 617 2380 profectae,
642 2334 779 2379 quum
805 2318 896 2378 jam
928 2334 1018 2362 non
1050 2316 1179 2379 longe
1215 2334 1239 2361 a
1268 2328 1399 2379 portu
1426 2320 1540 2362 Rus-

154 2401 269 2461 pinae
291 2400 513 2456 abessent,
533 2402 792 2462 conspicatae
810 2418 941 2446 naves
956 2402 1244 2460 Caesarianas,
1265 2418 1360 2463 quae
1385 2403 1429 2446 in
1455 2412 1541 2446 sta-

154 2485 274 2528 tione
312 2483 429 2546 apud
451 2485 676 2546 Thapsum
704 2485 896 2541 stabant,
929 2486 1081 2542 veriti,
1111 2501 1166 2530 ne
1194 2486 1239 2530 in
1265 2486 1538 2531 adversario-

155 2585 277 2626 rum,
303 2578 352 2613 ut
386 2567 622 2613 insidiandi
656 2569 796 2630 gratia
827 2569 887 2613 ibi
922 2571 1292 2614 commorantium
1312 2604 1323 2624 ,
1357 2569 1538 2614 classem

156 2651 420 2711 inciderent,
450 2653 747 2715 imprudentes
766 2652 860 2698 vela
885 2654 930 2697 in
955 2652 1092 2698 altum
1118 2652 1356 2711 dederunt,
1383 2669 1431 2697 ac
1460 2653 1534 2696 diu
