1972 3356
14 2418 18 2476 --
10 1948 17 2407 θ..μμ..-.---..,.-..---ῄ-.-.
11 1902 20 1919 3

533 205 600 240 DE
630 205 794 242 BELLO
826 207 1046 243 GALLICO
1078 207 1169 244 Lm.
1197 209 1259 244 IV.
1552 210 1602 260 95

198 297 371 333 nostros
398 289 660 350 prohibere,
682 300 726 335 et
756 309 849 336 rem
875 293 919 336 in
942 293 1134 337 hiemem
1163 293 1433 355 producere,
1460 295 1602 356 quod,

196 369 246 412 iis
283 371 519 431 superatis,
567 382 644 416 aut
681 372 829 417 reditu
874 372 1146 429 interclusis,
1190 376 1414 419 neminem
1453 385 1605 437 postea

195 449 299 495 belli
338 451 556 496 inferendi
589 470 720 498 causa
756 454 801 497 in
828 455 1105 499 Britanniam
1132 456 1427 501 transiturum
1464 457 1604 502 confi-

195 531 373 576 debant.

259 616 426 659 XXXI.
452 616 630 675 Itaque,
652 632 803 659 rursus
821 615 1132 676 conjuratione
1147 617 1286 673 facta,
1312 618 1528 679 paulatim
1553 636 1606 663 ex

196 695 350 739 castris
383 694 625 752 discedere,
659 713 710 740 ac
737 713 839 741 suos
862 695 977 740 clam
1001 713 1055 741 ex
1081 699 1198 759 agris
1216 698 1436 743 deducere
1461 716 1607 761 coepe-

196 785 316 820 runt.
337 778 396 820 At
409 776 575 833 Caesar,
595 777 677 821 etsi
696 776 899 821 nondum
923 794 1079 822 eorum
1100 778 1288 823 consilia
1311 791 1607 842 cognoverat,

195 866 345 901 tamen
367 865 410 900 et
437 873 491 901 ex
512 867 675 902 eventu
697 859 880 902 navium
898 875 1104 916 suarum,
1128 870 1172 904 et
1190 877 1243 904 ex
1262 877 1338 917 eo,
1357 860 1479 922 quod
1494 861 1609 906 obsi-

195 938 269 982 des
298 938 404 982 dare
433 939 790 995 intermiserant,
822 939 916 984 fore
947 939 1012 995 id,
1041 940 1164 1001 quod
1191 941 1380 998 accidit,
1409 943 1606 1004 suspica-

194 1021 339 1065 batur.
367 1023 525 1082 Itaque
544 1021 600 1066 ad
619 1038 774 1067 omnes
794 1039 920 1067 casus
939 1022 1134 1067 subsidia
1158 1024 1446 1086 comparabat
1469 1042 1478 1068 :
1505 1042 1607 1070 nam

194 1112 238 1146 et
261 1101 537 1147 frumentum
566 1119 619 1147 ex
647 1104 764 1165 agris
788 1103 988 1165 quotidie
1014 1105 1058 1148 in
1085 1114 1230 1149 castra
1253 1105 1535 1164 conferebat,
1565 1117 1609 1151 et

195 1200 293 1244 quae
307 1184 565 1246 gravissime
579 1183 754 1229 afflictae
766 1195 893 1229 erant
913 1202 1044 1230 naves
1058 1221 1070 1243 ,
1099 1203 1253 1231 earum
1269 1187 1454 1232 materia
1475 1197 1609 1250 atque

196 1281 281 1309 aere
311 1264 366 1309 ad
394 1264 587 1327 reliquas
612 1265 869 1311 reficiendas
896 1267 1128 1326 utebatur,
1163 1278 1208 1313 et
1236 1285 1333 1329 quae
1357 1268 1413 1313 ad
1439 1286 1510 1314 eas
1539 1287 1609 1315 res

197 1356 325 1390 erant
361 1348 481 1404 usui,
520 1364 572 1391 ex
609 1348 858 1392 continenti
890 1350 1162 1409 comportari
1189 1350 1388 1410 jubebat.
1426 1353 1607 1412 Itaque,

195 1444 335 1489 quum
362 1427 406 1471 id
436 1445 612 1473 summo
637 1429 785 1473 studio
809 1446 834 1473 a
860 1428 1077 1473 militibus
1102 1429 1512 1488 administraretur,
1540 1449 1607 1477 xii

196 1509 382 1554 navibus
416 1510 610 1566 amissis,
650 1509 831 1571 reliquis
861 1520 911 1555 ut
944 1511 1144 1574 navigari
1175 1510 1410 1557 commode
1438 1523 1607 1575 posset,

196 1590 355 1636 effecit.

259 1676 451 1719 XXXII.
477 1676 599 1720 Dum
636 1692 686 1719 ea
711 1683 951 1737 geruntur,
990 1673 1166 1737 legione
1201 1693 1254 1720 ex
1286 1677 1609 1722 consuetudine

196 1771 284 1800 una
312 1755 636 1802 frumentatum
659 1757 811 1813 missa,
839 1773 936 1817 quae
962 1755 1270 1818 appellabatur
1299 1760 1508 1820 septima,
1534 1776 1610 1804 ne-

195 1854 281 1899 que
303 1837 393 1883 ulla
416 1838 472 1882 ad
497 1838 541 1882 id
565 1849 740 1900 tempus
761 1837 865 1882 belli
891 1839 1142 1899 suspicione
1162 1840 1447 1901 interposita,
1468 1857 1606 1902 quum

195 1935 298 1980 pars
324 1919 559 1964 hominum
587 1921 632 1964 in
659 1920 776 1982 agris
807 1929 1073 1976 remaneret,
1103 1936 1205 1980 pars
1232 1922 1365 1965 etiam
1395 1923 1441 1966 in
1464 1932 1609 1967 castra

195 2000 460 2055 ventitaret,
482 2001 531 2057 ii,
551 2002 627 2062 qui
645 2017 728 2062 pro
751 2000 892 2061 portis
913 2009 1162 2044 castrorum
1185 2001 1230 2044 in
1255 2003 1445 2047 statione
1459 2013 1607 2059 erant,

196 2081 360 2125 Caesari
388 2082 722 2137 renuntiarunt,
749 2080 978 2143 pulverem
1008 2082 1222 2143 majorem
1256 2099 1389 2144 quam
1419 2100 1607 2130 consue-

198 2161 307 2206 tudo
331 2161 486 2218 ferret,
510 2163 555 2206 in
579 2179 630 2207 ea
644 2173 770 2225 parte
793 2162 956 2221 videri,
981 2180 1115 2225 quam
1132 2165 1177 2208 in
1195 2174 1367 2226 partem
1384 2165 1500 2229 legio
1524 2167 1608 2211 iter

197 2242 383 2288 fecisset.
414 2246 581 2297 Caesar,
606 2244 651 2289 id
675 2244 796 2306 quod
823 2255 941 2302 erat,
966 2246 1234 2307 suspicatus,
1263 2245 1431 2309 aliquid
1454 2250 1559 2293 novi
1582 2266 1607 2293 a

197 2327 396 2371 barbaris
434 2327 597 2371 initum
631 2325 823 2384 consilii,
855 2326 1082 2383 cohortes,
1122 2345 1218 2389 quae
1256 2329 1300 2372 in
1340 2330 1607 2375 stationibus

197 2418 344 2466 erant,
375 2425 526 2453 secum
557 2409 602 2452 in
628 2425 725 2454 eam
749 2419 923 2471 partem
948 2409 1189 2471 proficisci,
1216 2409 1326 2455 duas
1349 2427 1402 2455 ex
1425 2410 1607 2473 reliquis

198 2492 244 2534 in
272 2490 510 2535 stationem
546 2490 802 2548 succedere,
835 2491 1026 2553 reliquas
1061 2492 1249 2549 armari,
1289 2502 1331 2536 et
1373 2493 1605 2538 confestim

199 2590 293 2619 sese
319 2572 526 2634 subsequi
552 2573 696 2634 jussit.
727 2574 881 2631 Quum
912 2573 1047 2635 paulo
1072 2572 1248 2635 longius
1273 2590 1297 2618 a
1322 2575 1477 2619 castris
1505 2591 1605 2636 pro-

204 2656 421 2709 cessisset,
447 2671 549 2699 suos
577 2655 632 2698 ab
660 2654 862 2699 hostibus
887 2657 1049 2717 premi,
1075 2666 1208 2717 atque
1231 2672 1344 2718 aegre
1370 2658 1607 2713 sustinere,
