1972 3356
364 253 432 290 125
570 255 608 288 C.
639 253 764 287 JULII
792 251 1008 286 CAESARIS
1041 250 1531 287 COMMENTARIORUM

359 339 647 383 mittebantur
669 353 677 379 :
698 350 888 395 quorum
913 350 1014 396 pars
1036 333 1305 394 deprehensa
1327 334 1371 376 in
1390 343 1627 395 conspectu
1646 350 1746 377 nos-

358 430 527 463 trorum
554 415 744 460 militum
775 432 877 459 cum
901 415 1098 458 cruciatu
1122 413 1373 457 necabatur.
1405 414 1511 458 Erat
1536 429 1648 456 unus
1677 414 1745 456 in-

358 511 428 543 tus
449 498 638 542 Nervius
655 532 666 553 ,
694 496 873 540 nomine
890 495 1087 549 Vertico,
1113 493 1211 537 loco
1241 502 1369 537 natus
1394 493 1601 548 honesto,
1623 494 1699 553 qui
1723 511 1746 536 a

359 579 498 640 prima
527 576 756 621 obsidione
792 575 847 618 ad
874 575 1133 619 Ciceronem
1166 572 1437 634 perfugerat,
1470 588 1681 633 suamque
1708 574 1745 615 ei

360 659 489 703 fidem
528 658 801 718 praestiterat.
837 656 921 699 Hic
960 670 1085 698 servo
1124 670 1198 715 spe
1236 652 1450 697 libertatis
1489 654 1748 714 magnisque

358 738 589 800 persuadet
618 737 825 799 praemiis,
856 745 906 779 ut
935 735 1101 779 litteras
1126 734 1180 778 ad
1206 736 1422 779 Caesarem
1447 734 1627 778 deferat.
1658 737 1747 777 Has

358 818 429 863 ille
456 820 500 862 in
527 817 674 879 jaculo
699 816 885 878 illigatas
912 815 1065 870 effert,
1090 824 1133 858 et
1156 813 1310 858 Gallus
1334 815 1450 858 inter
1474 813 1628 858 Gallos
1654 814 1748 857 sine

358 899 447 944 ulla
466 899 713 960 suspicione
735 906 958 952 versatus,
979 895 1035 939 ad
1055 897 1270 940 Caesarem
1293 894 1506 955 pervenit.
1530 894 1597 938 Ab
1620 910 1671 937 eo
1695 893 1747 936 de

357 978 564 1041 periculis
587 979 812 1024 Ciceronis
834 976 1106 1038 legionisque
1132 976 1426 1036 cognoscitur.

419 1062 579 1104 XLVI.
608 1061 772 1114 Caesar,
797 1057 988 1117 acceptis
1011 1055 1170 1099 litteris
1188 1055 1299 1098 hora
1320 1055 1494 1098 circiter
1516 1054 1748 1098 undecima

357 1142 462 1198 diei,
487 1140 633 1184 statim
658 1138 866 1182 nuntium
890 1137 934 1180 in
954 1133 1210 1179 Bellovacos
1230 1134 1285 1178 ad
1303 1136 1365 1178 Μ.
1384 1136 1592 1178 Crassum
1612 1150 1748 1194 quaes-

360 1233 498 1266 torem
534 1220 691 1275 mittit,
724 1218 848 1278 cujus
883 1216 1068 1260 hiberna
1096 1216 1281 1259 aberant
1309 1215 1364 1258 ab
1397 1231 1447 1258 eo
1483 1213 1620 1258 millia
1655 1231 1748 1275 pas-

358 1320 484 1347 suum
508 1317 613 1345 XXV.
639 1299 770 1344 Jubet
798 1297 942 1342 media
970 1306 1100 1341 nocte
1127 1295 1345 1358 legionem
1375 1295 1612 1356 proficisci,
1640 1293 1750 1338 cele-

359 1386 554 1444 riterque
586 1381 639 1427 ad
669 1398 713 1426 se
742 1381 905 1424 venire.
935 1379 1054 1422 Exiit
1084 1395 1186 1421 cum
1222 1377 1378 1421 nuntio
1406 1378 1604 1421 Crassus.
1634 1374 1752 1419 Alte-

361 1482 460 1509 rum
493 1463 547 1508 ad
583 1466 631 1508 C.
661 1462 846 1506 Fabium
884 1459 1077 1521 legatum
1116 1459 1275 1513 mittit3
1312 1467 1362 1502 ut
1394 1459 1438 1501 in
1473 1456 1748 1501 Atrebatium

360 1546 468 1590 fines
490 1544 708 1606 legionem
733 1541 942 1597 adducat,
965 1557 1052 1602 qua
1081 1540 1161 1583 sibi
1189 1540 1272 1583 iter
1295 1537 1548 1583 faciendum
1571 1537 1749 1581 sciebat.

364 1627 526 1672 Scribit
552 1625 774 1677 Labieno,
802 1623 836 1666 si
866 1619 1117 1682 reipublicae
1144 1619 1379 1664 commodo
1412 1619 1554 1662 facere
1585 1627 1750 1678 posset,

362 1725 462 1752 cum
486 1706 658 1768 legione
689 1704 743 1748 ad
771 1703 878 1746 fines
905 1702 1176 1747 Nerviorum
1201 1701 1348 1744 veniat
1371 1717 1378 1742 :
1408 1697 1620 1759 reliquam
1651 1715 1750 1759 par-

361 1799 446 1832 tem
483 1787 718 1841 exercitus,
751 1783 869 1845 quod
902 1781 1033 1844 paulo
1072 1783 1221 1825 aberat
1260 1780 1456 1841 longius,
1494 1797 1583 1823 non
1624 1788 1750 1839 putat

359 1867 725 1930 exspectandam3
752 1865 920 1925 equites
950 1864 1124 1905 circiter
1156 1877 1214 1906 CD
1243 1878 1293 1904 ex
1319 1861 1527 1921 proximis
1556 1859 1752 1903 hibernis

359 1950 486 2010 cogit.

423 2031 606 2073 XLVII.
643 2030 762 2071 Hora
802 2027 978 2070 circiter
1017 2022 1173 2077 tertia,
1213 2021 1265 2064 al)
1307 2019 1664 2063 antecursoribus
1700 2017 1752 2060 de

361 2110 507 2155 Crassi
534 2109 725 2152 adventu
751 2107 914 2151 certior
937 2105 1096 2154 factus,
1123 2118 1174 2146 eo
1204 2101 1273 2144 die
1302 2100 1438 2144 millia
1461 2115 1670 2161 passuum
1694 2098 1754 2140 vi-

363 2192 473 2254 ginti
496 2189 790 2252 progreditur.
818 2189 1026 2231 Crassum
1050 2182 1365 2228 Samarobrivae
1394 2180 1592 2241 praeficit,
1619 2179 1752 2240 legio-

365 2288 555 2333 nemque
570 2272 608 2314 ei
623 2269 846 2323 attribuit,
868 2266 986 2327 quod
1008 2266 1067 2309 ibi
1087 2263 1393 2325 impedimenta
1418 2262 1651 2315 exercitus,
1673 2259 1753 2302 ob-

361 2354 474 2398 sides
501 2353 751 2406 civitatum,
777 2348 943 2392 litteras
969 2345 1190 2407 publicas,
1215 2344 1576 2403 frumentumque
1604 2356 1752 2392 omne,

363 2433 478 2495 quod
505 2449 556 2476 eo
578 2429 816 2476 tolerandae
842 2428 999 2472 hiemis
1022 2442 1152 2470 causa
1176 2424 1435 2479 devexerat,
1459 2420 1749 2481 relinquebat.

362 2515 546 2570 Fabius,
573 2523 622 2556 ut
650 2513 917 2572 imperatum
951 2518 1070 2563 erat,
1104 2523 1193 2550 non
1224 2507 1281 2549 ita
1315 2504 1502 2549 multum
1532 2511 1750 2555 moratus,

362 2594 404 2636 in
439 2595 594 2638 itinere
630 2610 731 2636 cum
765 2591 936 2653 legione
959 2589 1166 2633 occurrit.
1196 2587 1436 2638 Labienus,
1469 2583 1648 2626 interitu
1679 2582 1753 2624 Sa-

361 2671 451 2716 bini
480 2683 524 2716 et
551 2672 667 2717 caede
697 2673 944 2716 cohortium
975 2669 1172 2729 cognita,
1213 2682 1347 2728 quum
1387 2678 1538 2707 omnes
1569 2661 1621 2704 ad
1653 2677 1751 2705 eum
