1972 3356
412 227 483 263 138
600 227 639 262 C.
671 224 802 260 JULII
831 224 1051 260 CAESARIS
1080 225 1564 262 COMMENTARIORUM

408 313 530 372 prius
559 324 691 370 quam
726 306 885 351 auxilia
914 317 1279 351 concurrerent.»
1307 309 1480 369 Itaque,
1509 326 1611 354 usus
1639 313 1786 374 singu-

407 391 487 434 lari
516 388 704 433 militum
730 387 902 445 studio,
931 387 1107 443 eodem,
1131 405 1219 449 quo
1245 398 1451 443 venerat,
1472 389 1566 446 die,
1593 401 1690 452 post
1714 393 1787 438 ho-

407 487 499 514 ram
540 486 730 527 nonam,
767 469 981 531 oppidum
1020 468 1237 514 altissimis
1273 470 1488 515 moenibus
1529 487 1785 533 oppugnare

405 567 660 613 aggressus,
689 561 792 595 ante
825 549 928 595 solis
961 567 1163 595 occasum
1192 551 1487 613 expugnavit,
1520 561 1563 596 et
1596 551 1651 596 ad
1682 552 1786 598 diri-

406 631 616 693 piendum
638 631 852 676 militibus
869 633 1107 689 concessit;
1130 633 1366 693 statimque
1385 632 1439 676 ab
1458 631 1623 694 oppido
1643 643 1787 678 castra

405 715 569 768 movit,
599 724 642 759 et
668 713 950 776 Metropolim
981 715 1126 769 venit,
1155 715 1239 770 sic,
1269 724 1315 758 ut
1345 715 1522 759 nuntios
1548 717 1785 778 expugnati

404 795 553 856 oppidi
582 795 830 857 famamque
855 794 1139 840 antecederet.

471 878 672 921 LXXXI.
713 875 1030 938 Metropolitae,
1061 877 1251 939 primum
1284 876 1436 921 eodem
1472 878 1536 921 usi
1579 876 1787 932 consilio,

406 956 556 1001 iisdem
598 959 783 1018 permoti
815 958 1096 1012 rumoribus,
1133 968 1279 1018 portas
1315 957 1591 1014 clauserunt,
1622 975 1787 1003 muros·

405 1055 491 1100 que
530 1040 710 1083 armatis
743 1038 1075 1099 compleverunt
1105 1057 1113 1082 :
1150 1039 1220 1084 sed
1258 1049 1436 1100 postea,
1466 1057 1567 1084 casu
1601 1041 1787 1085 civitatis

404 1120 733 1180 comprehensis
764 1120 940 1180 cognito
973 1136 1025 1163 ex
1056 1121 1267 1181 captivis,
1291 1137 1400 1180 quos
1437 1122 1580 1165 Caesar
1610 1121 1665 1165 ad
1697 1137 1790 1165 mu-

406 1217 502 1244 rum
533 1199 838 1261 producendos
866 1209 1117 1252 curaverat,
1142 1211 1291 1261 portas
1312 1211 1592 1262 aperuerunt.
1615 1201 1788 1259 Quibus

404 1279 734 1342 diligentissime
758 1281 1049 1338 conservatis,
1071 1280 1229 1326 collata
1254 1281 1430 1326 fortuna
1449 1280 1785 1343 Metropolitum

403 1380 503 1407 cum
544 1380 646 1408 casu
682 1363 1058 1425 Gomphensium,
1093 1363 1213 1409 nulla
1238 1363 1470 1409 Thessaliae
1499 1363 1583 1408 fuit
1611 1364 1787 1418 civitas,

406 1454 561 1504 praeter
594 1445 851 1501 Larissaeos,
880 1446 954 1505 qui
982 1445 1152 1507 magnis
1181 1445 1442 1490 exercitibus
1479 1445 1695 1507 Scipionis
1732 1455 1789 1489 te-

406 1526 636 1581 nebantur,
670 1525 775 1586 quin
810 1526 968 1569 Caesari
1000 1535 1226 1587 parerent,
1257 1536 1388 1587 atque
1424 1527 1634 1588 imperata
1678 1526 1789 1570 face-

402 1615 512 1649 rent.
544 1604 648 1661 Ille,
677 1606 833 1666 segetis
865 1605 1072 1650 idoneum
1100 1605 1243 1650 locum
1269 1607 1310 1650 in
1341 1607 1455 1668 agris
1484 1617 1665 1663 nactus,
1692 1623 1788 1668 quae

402 1703 540 1748 prope
569 1686 657 1747 jam
692 1696 863 1731 matura
889 1697 1008 1738 erat,
1035 1687 1094 1730 ibi
1121 1687 1359 1731 adventum
1383 1697 1635 1749 exspectare
1660 1689 1786 1732 Pom-

404 1768 516 1828 peii,
541 1783 678 1827 eoque
701 1783 874 1810 ornnem
896 1767 1109 1810 rationem
1137 1767 1237 1810 belli
1262 1767 1461 1811 conferre
1482 1769 1719 1813 constituit.

465 1849 695 1892 LXXXII.
720 1848 957 1908 Pompeius
981 1848 1131 1908 paucis
1154 1857 1254 1910 post
1273 1847 1426 1893 diebus
1448 1849 1490 1892 in
1516 1848 1787 1894 Thessaliam

405 1929 633 1990 pervenit;
659 1928 1032 1989 concionatusque
1050 1929 1166 1990 apud
1190 1939 1396 1973 cunctum
1414 1928 1678 1988 exercitum,
1700 1931 1789 1975 suis

401 2011 492 2071 agit
526 2010 713 2072 gratias;
754 2010 971 2070 Scipionis
1008 2009 1166 2054 milites
1201 2011 1472 2061 cohortatur,
1508 2021 1624 2066 «ut,
1663 2021 1788 2073 parta

397 2093 487 2152 jam
520 2092 701 2136 victoria
719 2126 732 2147 ,
756 2090 912 2152 praedae
941 2108 991 2135 ac
1022 2092 1301 2152 praemiorum
1328 2091 1464 2136 velint
1490 2108 1582 2136 esse
1609 2092 1787 2154 partici-

403 2190 478 2234 pes
509 2190 561 2216 ι»
596 2173 870 2234 receptisque
898 2172 1103 2216 omnibus
1135 2173 1178 2216 in
1215 2189 1301 2217 una
1338 2183 1479 2217 castra
1513 2171 1786 2234 legionibus,

401 2271 529 2298 suum
568 2271 668 2298 cum
706 2253 910 2314 Scipione
955 2253 1169 2297 honorem
1214 2254 1419 2314 partitur,
1468 2253 1787 2314 classicumque

401 2334 519 2396 apud
549 2352 649 2379 eum
682 2335 800 2391 cani,
828 2343 871 2378 et
903 2333 1088 2378 alterum
1118 2333 1179 2378 illi
1207 2335 1333 2396 jubet
1362 2335 1615 2397 praetorium
1648 2333 1783 2378 tendi.

400 2417 552 2462 Auctis
583 2416 720 2477 copiis
754 2415 980 2476 Pompeii,
1017 2414 1278 2477 duobusque
1312 2417 1481 2479 magnis
1518 2415 1783 2460 exercitibus

402 2498 671 2559 conjunctis,
694 2497 874 2558 pristina
890 2496 1087 2540 omnium
1114 2496 1401 2541 confirmatur
1424 2497 1598 2558 opinio,
1623 2505 1665 2538 et
1686 2510 1787 2556 spes

403 2579 594 2623 victoriae
628 2588 812 2640 augetur
839 2577 974 2632 adeo,
1005 2587 1077 2634 ut,
1106 2577 1321 2639 quidquid
1360 2576 1646 2622 intercederet
1675 2584 1787 2619 tem-

404 2661 551 2719 poris,
587 2660 630 2704 id
666 2659 827 2704 morari
860 2657 1046 2702 reditum
1083 2660 1125 2703 in
1159 2658 1327 2703 ltaliam
1362 2657 1613 2707 videretur,
1647 2667 1712 2713 et,
1753 2657 1788 2700 si
