1972 3356
610 235 676 270 DE
705 235 871 271 BELLO
903 236 1055 271 CIVILI
1089 236 1181 271 LIB.
1214 236 1242 271 I.
1584 235 1632 273 5⁹3

297 321 567 365 LXXXVII.
600 322 768 376 Caesar,
802 337 854 364 ex
888 337 939 364 eo
974 330 1198 381 tempore,
1229 319 1333 364 dum
1372 320 1428 365 ad
1468 322 1632 366 flumen

230 405 399 446 Varum
445 401 672 457 veniatur,
719 418 763 445 se
799 400 1070 444 frumentum
1110 401 1318 445 daturum
1357 401 1630 464 pollicetur:

231 483 352 527 addit
374 484 525 538 etiam,
545 492 618 540 ut,
645 502 665 523 ι(
687 481 794 542 quid
820 483 1007 542 quisque
1033 498 1186 525 eorum
1211 483 1256 526 in
1276 482 1394 528 bello
1416 485 1633 540 amiserit,

231 582 326 625 quae
366 565 454 609 sint
487 580 619 624 penes
653 561 812 606 milites
846 578 970 617 suos,
1010 562 1082 618 iis,
1109 564 1184 623 qui
1221 565 1472 621 amiserint,
1514 567 1634 610 resti-

232 657 410 690 luatur:
434 665 453 687 »
483 643 717 699 militibus,
746 660 870 704 aequa
905 643 1020 687 facta
1048 644 1359 701 aestimatione,
1398 647 1633 705 pecuniam

232 746 312 790 pro
331 729 382 771 iis
403 726 532 771 rebus
553 723 764 769 dissolvit.
787 725 1105 785 Quascumque
1127 733 1282 786 postea
1308 727 1632 770 controversias

231 811 346 853 inter
374 825 417 852 se
445 806 604 852 milites
632 805 896 862 habuerint,
937 822 1014 850 sua
1054 815 1211 867 sponte
1241 805 1296 850 ad
1332 808 1550 851 Caesarem
1587 809 1631 851 in

224 893 296 951 jus
314 889 532 934 adierunt.
555 889 754 932 Petreius
782 897 913 948 atque
939 887 1145 932 Afranius
1161 922 1172 943 ,
1197 904 1334 948 quum
1364 889 1630 950 stipendium

229 973 283 1016 ab
310 970 557 1032 legionibus
579 986 702 1030 paene
721 969 935 1014 seditione
961 967 1074 1013 facta
1095 968 1393 1031 flagitaretur,
1421 970 1547 1031 cujus
1570 970 1631 1015 1lli

227 1053 343 1097 ‹liem
372 1052 573 1096 nondum
606 1054 779 1095 venisse
816 1051 1038 1106 dicerent,
1072 1052 1218 1095 Caesar
1248 1061 1293 1095 ut
1324 1063 1632 1113 cognosceret,

230 1132 480 1195 postulant,
501 1149 641 1193 eoque
664 1134 865 1193 utrique,
889 1131 1009 1192 quod
1030 1132 1205 1187 statuit,
1223 1133 1421 1176 contenti
1437 1132 1631 1178 fuerunt.

229 1218 358 1259 Parte
395 1215 569 1259 circiter
610 1215 738 1258 tertia
780 1214 996 1257 exercitus
1032 1230 1084 1257 eo
1114 1212 1250 1257 biduo
1285 1213 1486 1270 dimissa,
1517 1231 1549 1259 11
1579 1214 1635 1259 le-

228 1298 380 1358 giones
407 1313 505 1341 suas
526 1295 808 1350 antecedere,
838 1294 1031 1355 reliquas
1056 1295 1264 1355 subsequi
1288 1295 1439 1356 jussit,
1467 1306 1515 1340 ut
1544 1314 1632 1340 non

229 1377 360 1439 longo
400 1378 513 1420 inter
567 1394 610 1421 se
651 1378 795 1437 spatio
835 1386 977 1420 castra
1021 1376 1240 1430 facerent3
1277 1377 1406 1437 eique
1452 1379 1632 1438 negotio

227 1463 285 1517 Q.
322 1458 498 1502 Fufium
537 1456 751 1502 Calenum
789 1457 981 1517 legatum
1012 1456 1222 1517 praefecit.
1269 1459 1363 1500 Hoc
1395 1458 1489 1517 ejus
1531 1475 1635 1518 prae⁶

227 1541 392 1601 scripto
418 1556 470 1583 ex
502 1539 711 1600 Hispania
749 1538 800 1582 ad
830 1539 1001 1581 Varum
1038 1537 1202 1580 flumen
1234 1547 1300 1581 est
1331 1538 1413 1581 iter
1443 1537 1630 1595 factum,

227 1632 357 1683 atque
380 1620 438 1664 ibi
467 1619 635 1681 reliqua
664 1636 764 1680 pars
792 1620 1010 1662 exercitus
1039 1617 1229 1662 dimissa.
