1972 3356
597 223 663 258 DE
692 223 853 259 BELLO
883 225 1269 264 ALEXANDRINO.
1544 239 1559 264 1
1568 240 1587 274 7
1594 241 1613 274 7

232 305 446 350 firmiores
470 306 624 362 factos,
650 318 727 352 aut
755 308 1049 371 languidiores
1079 313 1302 356 Romanos
1338 312 1614 358 animadver-

233 396 395 443 terent,
421 385 787 449 eludentibusque
811 388 1022 434 militibus
1047 391 1159 452 regis
1184 401 1354 437 aetatem
1379 402 1510 454 atque
1548 394 1615 439 in-

231 466 504 522 firmitatem,
526 484 733 529 magnum
756 467 952 512 dolorem
976 470 1240 530 acciperent,
1263 489 1404 534 neque
1423 490 1467 518 se
1490 474 1616 535 quid-

230 563 359 606 quam
381 547 596 608 proficere
618 546 836 601 viderent,
861 564 1147 609 rumoresque
1170 552 1430 610 existerent,
1454 571 1614 617 magna

229 628 387 672 Caesari
410 626 609 687 praesidia
635 627 830 670 terrestri
856 628 1012 671 itinere
1036 629 1161 689 Syria
1185 629 1425 692 Ciliciaque
1450 633 1609 680 adduci

226 707 368 769 (quod
395 706 591 751 nondum
616 707 775 752 Caesari
805 706 1003 751 auditum
1030 708 1168 769 erat),
1196 721 1511 770 commeatum,
1536 716 1612 775 qui

226 788 385 831 nostris
414 787 523 830 mari
553 787 913 848 supportabatur,
941 788 1200 849 intercipere
1225 799 1487 836 statuerunt.
1524 795 1612 838 Ita-

224 883 332 927 que,
359 866 569 928 expeditis
595 867 803 929 navigiis,
832 865 939 912 locis
983 867 1152 913 idoneis
1195 869 1251 914 ad
1292 872 1520 933 Canopum
1566 875 1610 918 in

222 948 406 991 statione
432 946 654 1009 dispositis
677 947 883 1004 navibus,
927 948 1249 995 insidiabantur
1288 954 1450 997 nostris
1494 970 1611 998 com-

222 1028 446 1072 meatibus.
471 1028 604 1086 Quod
629 1028 703 1072 ubi
723 1029 882 1073 Caesari
902 1030 1153 1074 nuntiatum
1174 1041 1259 1088 est,
1278 1030 1460 1078 classem
1481 1035 1609 1095 jubet

221 1108 416 1169 expediri
437 1119 568 1170 atque
587 1110 757 1154 instrui.
780 1110 965 1155 Praeficit
990 1111 1093 1156 huic
1117 1112 1214 1156 Tib.
1236 1114 1473 1158 Neronem.
1499 1118 1606 1160 Pro-

221 1187 476 1234 ficiscuntur
504 1191 547 1234 in
577 1207 625 1234 ea
650 1189 783 1234 classe
808 1190 973 1235 rhodiae
995 1208 1152 1249 naves,
1179 1202 1310 1254 atque
1348 1195 1393 1238 in
1418 1195 1485 1240 his
1512 1198 1604 1241 Eu-

219 1269 435 1330 phranor,
461 1272 553 1315 sine
577 1288 665 1332 quo
705 1270 826 1316 nulla
870 1289 1063 1333 unquam
1108 1272 1331 1318 dimicatio
1366 1277 1605 1333 maritima,

219 1348 339 1394 nulla
357 1351 484 1395 etiam
504 1368 660 1413 parum
680 1350 862 1396 feliciter
881 1352 1079 1397 confecta
1098 1364 1204 1398 erat.
1224 1356 1278 1398 At
1298 1354 1494 1413 fortuna,
1509 1374 1605 1418 quae

216 1430 475 1492 plerumque
499 1449 591 1486 eos,
619 1449 728 1492 quos
754 1431 953 1493 plurimis
979 1433 1201 1478 beneficiis
1228 1436 1420 1493 ornavit,
1448 1437 1503 1481 ad
1529 1437 1605 1481 du-

214 1512 375 1555 riorem
395 1529 542 1556 casum
557 1522 775 1566 reservat,
791 1514 1067 1574 superiorum
1088 1523 1336 1575 temporum
1355 1515 1576 1561 dissimilis
1591 1553 1603 1569 ‚

214 1592 552 1653 Euphranorem
580 1593 940 1654 prosequebatur.
966 1595 1101 1649 Nam,
1128 1611 1265 1655 quum
1290 1595 1346 1639 ad
1371 1598 1602 1658 Canopum

213 1682 393 1716 ventum
415 1683 546 1729 esset,
569 1674 872 1734 instructaque
900 1675 1110 1735 utrinque
1133 1673 1281 1719 classis
1307 1675 1575 1722 conflixisset
1591 1713 1601 1733 ,

214 1763 256 1796 et
285 1770 362 1797 sua
390 1754 706 1797 consuetudine
734 1755 1000 1814 Euphranor
1026 1755 1193 1814 primus
1232 1755 1436 1815 proelium
1482 1774 1602 1801 com-

212 1833 419 1885 misisset,
450 1843 493 1877 et
521 1833 606 1877 illic
635 1835 854 1877 triremem
881 1833 1074 1878 hostium
1111 1834 1397 1895 perforasset,
1443 1853 1494 1881 ac
1524 1837 1601 1882 de-

214 1916 432 1959 mersisset
448 1949 458 1969 ,
482 1916 726 1976 proximam
750 1914 924 1975 longius
952 1916 1195 1972 insecutus,
1220 1933 1377 1978 parum
1403 1916 1602 1962 celeriter

214 1996 543 2056 insequentibus
586 1994 784 2057 reliquis,
830 1997 1152 2040 circumventus
1196 1997 1249 2040 ab
1293 1996 1600 2046 Alexandrinis

211 2086 287 2120 est.
324 2077 408 2121 Cui
435 2076 676 2121 subsidium
701 2093 830 2121 nemo
859 2076 980 2132 tulit,
1011 2078 1098 2121 sive
1137 2077 1256 2139 quod
1280 2078 1324 2123 in
1364 2080 1459 2141 ipso
1498 2083 1600 2126 satis

212 2157 401 2218 praesidii
426 2175 506 2219 pro
532 2159 690 2202 virtute
714 2175 764 2202 ac
789 2157 993 2203 felicitate
1019 2159 1112 2220 ejus
1139 2169 1345 2220 putarent
1373 2177 1483 2218 esse,
1509 2164 1599 2207 sive

213 2237 329 2298 quod
358 2239 439 2299 ipsi
482 2239 562 2283 sibi
588 2239 810 2284 timebant.
854 2242 1005 2300 Itaque
1047 2257 1160 2284 unus
1206 2257 1259 2284 ex
1304 2243 1505 2287 omnibus
1547 2260 1598 2288 eo

212 2318 366 2379 proelio
395 2319 504 2363 bene
534 2335 626 2363 rem
656 2321 808 2381 gessit,
839 2319 954 2365 solus
980 2337 1081 2365 cum
1109 2337 1187 2365 sua
1216 2322 1485 2382 quadriremi
1514 2325 1597 2368 vic-

212 2399 319 2443 trice
345 2400 484 2460 periit.

277 2482 439 2526 XXVI.
478 2482 568 2526 Sub
598 2481 713 2527 idem
742 2492 934 2544 tempus,
963 2482 1244 2528 Mithridates
1277 2485 1594 2545 Pergamenus,

212 2577 379 2624 magnae
404 2561 646 2607 nobilitatis
670 2562 807 2618 domi,
829 2565 1104 2624 scientiaeque
1128 2564 1173 2607 in
1198 2561 1312 2607 bello
1337 2574 1380 2608 et
1401 2565 1592 2622 virtutis,

212 2641 308 2685 fidei
332 2643 643 2705 dignitatisque
665 2645 710 2688 in
736 2645 926 2689 amicitia
948 2645 1150 2701 Caesaris,
1175 2644 1330 2689 missus
1351 2646 1397 2689 in
1423 2646 1591 2707 Syriam

403 2741 448 2768 υ.
1357 2742 1407 2771 12
