1972 3356
359 239 400 273 16
561 240 599 273 (ἶ.
631 240 760 274 JULH
791 240 1005 275 CAESARIS
1036 240 1529 275 COMMENTARIORUM

353 323 510 383 pridie,
539 324 837 383 superioribus
865 322 969 367 locis
993 324 1242 383 occupatis,
1270 322 1473 383 proelium
1500 340 1589 367 non
1616 341 1733 367 com-

354 404 592 456 misissent,
615 403 703 445 sive
728 419 799 458 eo,
823 402 942 462 quod
967 419 1012 446 re
1037 402 1327 446 frumentaria
1350 401 1584 446 intercludi
1608 420 1733 463 posse

352 481 645 535 confiderent,
668 492 940 526 commutato
968 481 1150 526 consilio
1174 492 1304 543 atque
1326 482 1480 525 itinere
1501 498 1732 538 converso,

351 570 523 605 nostros
560 578 584 605 a
608 562 845 606 novissimo
879 564 1053 624 agmine
1090 563 1259 623 insequi
1283 579 1331 606 ac
1360 561 1566 606 lacessere
1592 579 1732 623 coepe-

350 651 467 685 runt.
721 638 725 642 ”

412 722 575 766 XXIV.
612 726 851 782 Postquam
888 723 932 766 id
966 724 1160 767 animum
1206 724 1418 780 advertit,
1452 725 1599 784 copias
1635 741 1731 768 suas

348 803 495 846 Caesar
518 804 560 845 in
583 804 834 862 proximum
855 801 1011 846 collem
1037 802 1262 858 subducit,
1286 805 1636 864 equitatumque,
1656 806 1731 864 qui

347 884 583 926 sustineret
602 884 796 926 hostium
821 892 1055 943 impeturn,
1075 884 1205 927 misit.
1232 885 1330 944 Ipse
1352 884 1527 927 interim
1553 885 1596 927 in
1621 883 1731 928 colle

347 963 490 1007 medio
514 963 731 1024 triplicem
775 964 912 1007 aciem
935 963 1142 1007 instruxit
1162 963 1383 1024 legionum
1408 974 1598 1024 quatuor
1618 975 1733 1008 vete-

344 1059 552 1088 ranarum
567 1079 577 1099 ,
610 1045 692 1101 ita,
711 1045 775 1087 uti
800 1060 932 1104 supra
952 1060 996 1086 se
1012 1044 1053 1086 in
1085 1044 1377 1105 summojugo
1393 1044 1499 1088 (luas
1518 1044 1730 1106 legiones,

345 1141 452 1183 quas
473 1125 517 1167 in
541 1123 684 1168 Gallia
711 1124 914 1169 citeriore
936 1124 1136 1185 proxime
1158 1125 1496 1184 conscripserat,
1521 1135 1563 1168 et
1583 1127 1731 1169 omnia

344 1203 504 1247 auxilia
544 1204 804 1259 collocaret,
840 1221 890 1248 ac
919 1214 1063 1248 totum
1097 1213 1292 1248 montem
1324 1204 1577 1250 hominibus
1615 1223 1732 1250 com-

344 1282 476 1343 pleri,
518 1294 559 1327 et
587 1286 753 1328 interea
783 1285 975 1329 sarcinas
1008 1285 1052 1327 in
1089 1301 1227 1328 unum
1267 1285 1412 1329 locum
1447 1287 1657 1341 conferri,
1689 1298 1731 1331 et

343 1382 444 1408 cum
470 1365 522 1408 ab
546 1365 640 1421 his,
666 1366 741 1424 qui
773 1366 816 1407 in
847 1365 1072 1425 superiore
1101 1366 1191 1408 acie
1227 1366 1533 1421 constiterant,
1567 1368 1731 1411 muniri

339 1444 482 1504 jussit.
523 1443 733 1501 Helvetii,
763 1462 863 1488 cum
893 1445 1097 1488 omnibus
1135 1446 1222 1488 suis
1250 1446 1385 1489 carris
1410 1448 1564 1503 secuti,
1592 1448 1731 1508 impe-

343 1524 537 1569 dimenta
557 1527 601 1568 in
618 1542 756 1569 unum
775 1524 921 1570 locum
942 1524 1230 1569 contulerunt
1251 1543 1260 1569 :
1285 1526 1385 1586 ipsi,
1410 1527 1729 1572 confertissima

343 1607 435 1650 acie
464 1605 629 1667 rejecto
669 1616 821 1650 nostro
851 1607 1073 1666 equitatu,
1107 1605 1324 1667 phalange
1357 1606 1489 1662 facta,
1527 1608 1606 1651 sub
1643 1609 1730 1668 pri-

342 1703 458 1730 mam
486 1696 683 1731 nostram
705 1686 842 1730 aciem
867 1697 1183 1731 successerunt.

405 1768 546 1811 XXV.
584 1769 748 1823 Caesar,
778 1767 970 1827 primum
1002 1784 1099 1822 suo,
1127 1767 1284 1811 deinde
1316 1769 1513 1812 omnium
1541 1785 1593 1812 ex
1621 1785 1728 1814 con-

342 1857 494 1907 spectu
514 1847 694 1890 remotis
713 1847 852 1907 equis,
873 1856 941 1904 ut,
962 1857 1132 1907 aequato
1150 1848 1347 1891 omnium
1368 1847 1585 1908 periculo,
1608 1865 1727 1908 spem

342 1927 453 1988 fugae
480 1925 678 1981 tolleret,
710 1926 962 1970 cohortatus
991 1943 1109 1984 suos,
1144 1926 1345 1987 proelium
1381 1928 1614 1971 commisit.
1644 1928 1729 1971 Mi-

342 2006 456 2062 lites,
484 2024 506 2051 c
533 2007 629 2052 loco
656 2008 881 2068 superiore
911 2007 1010 2068 pilis
1040 2008 1208 2064 missis,
1246 2007 1370 2052 facile
1398 2008 1589 2052 hostium
1622 2000 1727 2068 pha—

340 2085 512 2149 langem
556 2088 876 2149 perfregerunt.
919 2090 983 2132 Ea
1012 2088 1219 2149 disjecta,
1260 2087 1414 2149 gladiis
1446 2088 1652 2132 districtis
1682 2089 1727 2132 in

339 2184 411 2211 eos
437 2169 651 2228 impetum
686 2168 898 2211 fecerunt.
943 2166 1084 2212 Gallis
1126 2185 1287 2230 magno
1324 2168 1379 2212 ad
1405 2184 1599 2229 pugnam
1634 2178 1728 2212 erat

338 2249 673 2309 impedimento,
700 2248 839 2309 quod,
871 2247 1070 2309 pluribus
1094 2265 1247 2293 eorum
1276 2250 1409 2292 scutis
1435 2265 1524 2292 uno
1548 2249 1637 2293 ictu
1663 2249 1728 2308 pi-

339 2328 479 2372 lorum
500 2328 721 2373 transfixis
741 2339 783 2372 et
803 2326 1039 2390 colligatis,
1060 2345 1197 2388 quum
1215 2328 1381 2372 ferrum
1404 2345 1447 2372 se
1471 2328 1724 2383 inflexisset,

339 2426 480 2469 neque
504 2408 709 2465 evellere,
732 2426 895 2469 neque,
919 2408 1096 2463 sinistra
1121 2409 1352 2470 impedita,
1374 2410 1475 2452 satis
1495 2406 1722 2451 commode

338 2506 533 2550 pugnare
552 2499 774 2550 poterant3
798 2487 927 2533 multi
954 2499 1023 2545 ut,
1043 2488 1118 2532 diu
1138 2489 1302 2549 jactato
1326 2489 1525 2543 brachio,
1555 2504 1724 2548 praeop-

339 2578 481 2612 tarent
504 2579 676 2614 scutum
699 2586 833 2613 manu
853 2571 1074 2625 emittere,
1099 2579 1140 2612 et
1164 2569 1284 2612 nudo
1307 2584 1490 2627 corpore
1511 2584 1720 2628 pugnare.

337 2648 550 2703 Tandem,
578 2648 833 2694 vulneribus
857 2649 1030 2705 defessi,
1054 2659 1097 2693 et
1120 2649 1275 2709 pedem
1303 2647 1483 2703 referre,
1508 2659 1576 2703 et,
1606 2649 1720 2709 quod
