1972 3356
338 159 361 196 8
550 161 589 195 C.
616 160 747 194 JULII
778 158 997 194 CAESARIS
1027 157 1517 194 COMMENTARIORUM

337 246 402 290 uti
435 261 516 306 per
549 242 768 303 colloquia
802 257 956 286 omnes
993 241 1302 285 controversiae
1337 251 1674 302 componantur.
1705 263 1726 284 n

399 326 455 369 X.
490 325 696 385 Acceptis
736 322 980 380 mandatis,
1015 323 1201 367 Roscius
1230 339 1331 366 cum
1372 324 1608 367 LCaesare
1641 325 1727 368 Ca-

336 422 469 466 puam
496 405 721 466 pervenit,
752 404 901 465 ibique
928 402 1128 448 consules
1156 404 1503 465 Pompeiumque
1542 403 1725 448 invenit.

335 484 564 530 Postulata
588 486 773 530 Caesaris
802 484 1041 529 renuntiat.
1068 483 1161 541 Illi,
1192 483 1434 528 deliberata
1459 500 1525 539 re,
1550 500 1727 546 respon-

335 565 463 623 dent,
499 567 750 628 scriptaque
789 565 844 609 ad
880 582 980 611 eum
1021 565 1227 609 mandata
1259 581 1336 626 per
1369 582 1441 610 eos
1473 566 1728 621 remittunt,

335 663 528 708 quorum
554 647 646 691 haec
675 656 769 691 erat
793 663 962 690 summa
995 664 1003 690 ς
1033 648 1220 691 «Caesar
1244 647 1288 690 in
1316 645 1504 691 Galliam
1531 655 1726 690 reverte-

335 737 483 783 retur,
511 728 713 773 Arimino
740 727 992 785 excederet,
1020 728 1239 771 exercitus
1261 727 1501 771 dimitteret
1531 744 1541 770 ε
1571 742 1668 787 quae
1694 727 1730 770 si

334 807 525 867 fecisset,
542 809 801 870 Pompeium
826 808 870 851 in
895 808 1129 870 Hispanias
1154 808 1334 852 iturum.
1362 810 1562 865 Interea,
1581 807 1730 868 quoad

335 888 442 933 fides
469 899 580 934 esset
601 889 728 944 data,
753 891 972 933 Caesarem
1010 889 1250 945 facturum,
1285 905 1382 949 quae
1417 887 1728 949 polliceretur,

336 987 425 1014 non
454 971 780 1014 intermissuros
808 969 1010 1013 consules
1038 970 1388 1030 Pompeiumque
1414 970 1662 1015 delectus.»

399 1053 479 1095 XI.
521 1054 627 1095 Erat
657 1051 805 1110 iniqua
841 1050 1063 1103 conditio,
1096 1049 1338 1110 postulare,
1375 1061 1421 1094 ut
1458 1054 1604 1095 Caesar
1630 1051 1729 1095 Ari-

335 1134 457 1176 mino
485 1131 738 1189 excederet,
766 1141 900 1192 atque
937 1132 980 1174 in
1011 1132 1284 1191 provinciam
1321 1140 1634 1188 reverteretur,
1661 1132 1728 1193 ip-

335 1230 432 1257 sum
458 1223 501 1257 et
531 1214 778 1274 provincias
807 1223 850 1256 ct
877 1211 1070 1274 legiones
1101 1210 1263 1256 alienas
1286 1223 1458 1268 tenere3
1488 1213 1732 1257 exercitum

334 1296 516 1340 Caesaris
544 1293 654 1338 velle
686 1295 870 1351 dimitti,
901 1293 1093 1338 delectus
1131 1294 1317 1351 habere,
1346 1293 1572 1355 polliceri,
1611 1310 1656 1339 se
1684 1295 1730 1338 in

334 1377 610 1438 provinciam
635 1377 823 1432 iturum,
850 1393 1017 1437 neque,
1045 1386 1146 1419 ante
1175 1393 1305 1436 quem
1334 1375 1450 1419 diem
1479 1377 1621 1420 iturus
1647 1377 1725 1430 sit,

335 1457 517 1502 definire
534 1475 545 1514 ς
568 1467 617 1501 ut
634 1492 644 1515 ,
671 1458 705 1501 si
723 1467 905 1518 peracto
924 1458 1109 1501 Caesaris
1131 1456 1361 1500 consulatu
1377 1458 1614 1518 Pompeius
1633 1473 1732 1517 pro-

333 1538 472 1582 fectus
505 1555 595 1582 non
621 1548 753 1595 esset,
776 1537 895 1582 nulla
922 1547 1064 1581 tamen
1086 1537 1305 1581 mendacii
1332 1536 1544 1598 religione
1567 1537 1725 1581 obstri-

335 1629 430 1663 ctus
454 1618 677 1663 videretur
706 1636 714 1662 :
740 1628 911 1679 tempus
937 1635 1042 1662 vero
1068 1617 1291 1678 colloquio
1320 1635 1409 1661 non
1436 1617 1566 1675 dare,
1588 1634 1731 1678 neque

335 1717 613 1745 accessurum
637 1698 856 1761 polliceri,
878 1716 1082 1760 magnam
1108 1699 1228 1768 pacis
1251 1698 1606 1759 desperationem
1627 1698 1731 1742 affe-

334 1782 471 1826 rebat.
501 1784 655 1841 Itaque
680 1780 734 1823 ab
751 1780 953 1823 Arimino
980 1781 1044 1822 M.
1071 1780 1317 1822 Antonium
1347 1795 1447 1822 cum
1469 1779 1729 1823 cohortibus

335 1864 532 1923 quinque
557 1862 785 1907 Arretium
811 1861 945 1904 mittit
974 1878 981 1904 :
1007 1862 1099 1921 ipse
1127 1862 1315 1905 Arimini
1341 1878 1441 1905 cum
1472 1860 1644 1905 duabus
1672 1859 1731 1905 le-

337 1944 542 2006 gionibus
579 1942 804 1998 subsistit,
847 1943 996 2002 ibique
1035 1941 1253 1986 delectum
1295 1942 1454 1987 habere
1489 1943 1681 1987 instituit
1719 1959 1728 1986 :

337 2025 584 2081 Pisaurum,
631 2026 828 2080 Fanum,
874 2025 1104 2067 Anconam
1144 2022 1328 2084 singulis
1367 2023 1623 2068 cohortibus
1657 2040 1732 2067 oc-

335 2117 481 2168 cupat.

398 2189 498 2232 XII.
535 2190 710 2232 Interea
732 2189 894 2233 certior
922 2188 1091 2246 factus,
1119 2189 1324 2251 Iguvium
1352 2188 1594 2233 Thermum
1622 2203 1730 2248 prae-

339 2278 479 2312 torem
519 2270 777 2314 cohortibus
825 2270 1020 2331 quinque
1056 2280 1227 2327 tenere,
1270 2269 1485 2331 oppidum
1536 2268 1730 2324 munire,

337 2351 625 2413 omniumque
651 2369 743 2397 esse
768 2353 1058 2414 Iguvinorum
1088 2353 1301 2413 optimam
1326 2367 1430 2413 erga
1454 2367 1498 2395 se
1527 2348 1731 2393 volunta-

337 2442 448 2487 tem,
477 2433 718 2478 Curionem
749 2450 849 2478 cum
878 2433 1018 2476 tribus
1045 2433 1329 2490 cohortibus,
1357 2448 1464 2493 quas
1490 2429 1660 2475 Pisauri
1687 2437 1732 2472 et

337 2512 525 2557 Arimini
545 2513 759 2571 habebat,
775 2514 925 2557 mittit.
952 2514 1090 2574 Cujus
1113 2513 1306 2559 adventu
1325 2512 1528 2574 cognito,
1559 2508 1728 2554 diffisus

340 2592 568 2654 municipii
598 2594 823 2639 voluntate
847 2594 1087 2650 Thermus,
1116 2594 1318 2638 cohortes
1348 2609 1398 2637 cx
1421 2592 1529 2636 urbe
1557 2589 1730 2645 educit,
