1972 3356
367 287 441 326 236
578 288 617 321 C.
648 286 668 320 J
676 287 775 321 UL11
803 285 1021 320 CAESARIS
1053 284 1545 321 COMMENTARJORUM

366 372 573 415 duxisset.
607 370 790 422 Fabius,
827 369 906 413 etsi
942 368 1141 412 nondum
1178 369 1223 410 in
1258 375 1544 427 conspectum
1583 375 1765 409 venerat

367 451 586 506 hostibus,
620 467 763 511 neque
801 467 845 494 se
881 466 982 494 cum
1013 448 1201 493 Caninio
1236 448 1548 508 conjunxerat,
1588 456 1764 501 tamen,

367 532 521 576 doetus
556 532 608 575 ab
646 532 697 575 iis
736 531 813 592 qui
842 530 1042 575 locorum
1079 538 1294 574 noverant
1333 538 1556 584 naturam,
1593 528 1767 588 potissi-

367 629 492 655 mum
525 611 713 656 credidit
745 612 894 656 hostes
931 612 1187 672 perterritos
1222 627 1322 654 eum
1353 608 1498 653 locum
1529 624 1660 668 quem
1694 624 1767 668 pe-

368 693 490 737 tebat
516 693 745 753 petituros.
775 695 932 753 ltaque
962 709 1064 736 cum
1098 692 1236 752 copiis
1272 690 1327 734 ad
1354 689 1560 734 eumdem
1587 697 1768 749 pontem

370 773 617 829 contendit,
649 775 984 835 equitatumque
1014 783 1187 818 tantum
1212 771 1451 833 procedere
1476 780 1577 814 ante
1613 785 1770 831 agmen

371 857 558 916 imperat
594 839 845 917 legionum,
882 865 1121 916 quantum,
1160 871 1299 915 quum
1341 853 1639 914 processisset,
1678 850 1771 893 sine

371 937 684 999 defatigatione
701 954 917 998 equorum
942 938 986 980 in
1012 936 1163 980 eadem
1185 952 1229 980 se
1247 936 1463 996 reciperet
1482 943 1636 977 castra.
1657 934 1772 976 Con-

372 1028 618 1078 sequuntur
642 1018 810 1078 equites
836 1019 999 1073 nostri,
1030 1026 1079 1060 ut
1105 1027 1198 1061 erat
1221 1025 1508 1077 praeceptum,
1538 1013 1776 1058 invadunt-

373 1115 458 1158 que
494 1099 717 1142 Dumnaci
754 1115 932 1159 agmen,
971 1108 1015 1141 et
1050 1097 1268 1159 fugientes
1310 1097 1657 1157 perterritosque
1692 1095 1772 1138 sub

374 1178 554 1222 sarcinis
580 1179 625 1221 in
654 1179 810 1222 itinere
838 1178 1061 1239 aggressi,
1084 1194 1241 1238 magna
1265 1176 1434 1238 praeda,
1460 1174 1611 1219 multis
1639 1175 1774 1218 inter·

374 1258 517 1315 fectis,
562 1260 809 1319 potiuntur.
853 1261 921 1302 Ita
961 1275 1007 1302 re
1045 1259 1156 1302 bene
1198 1267 1337 1319 gesta,
1382 1275 1425 1301 se
1467 1257 1687 1317 recipiunt
1730 1256 1774 1298 in

373 1349 525 1384 eastra.

440 1423 652 1466 XXVIII.
686 1424 942 1483 Insequenti
977 1433 1106 1467 nocte
1137 1423 1298 1466 Fabius
1329 1423 1496 1481 equites
1526 1419 1775 1481 praemittit,

376 1502 439 1544 sie
472 1512 649 1562 paratos
684 1513 734 1546 ut
765 1504 1080 1565 confligerent,
1115 1514 1246 1564 atque
1281 1519 1413 1546 omne
1448 1518 1605 1562 agmen
1637 1517 1777 1545 mora-

376 1591 551 1638 rentur,
578 1582 685 1626 dum
712 1595 1059 1644 consequeretur
1083 1586 1188 1645 ipse.
1217 1585 1353 1644 Cujus
1378 1583 1605 1643 praeceptis
1630 1592 1679 1625 ut
1707 1598 1775 1625 res

377 1673 623 1723 gereretur,
659 1664 715 1720 Q.
753 1666 881 1709 Atius
917 1667 1084 1721 Varus,
1114 1664 1343 1725 praefectus
1372 1664 1590 1724 equitum,
1629 1663 1776 1724 singu-

378 1741 480 1787 laris
502 1753 546 1787 et
568 1745 703 1787 animi
724 1755 767 1788 et
789 1745 1036 1805 prudentiae
1062 1747 1142 1801 vir,
1166 1762 1266 1788 suos
1286 1745 1506 1799 hortatur,
1528 1761 1775 1806 agmenque

378 1824 571 1868 hostium
596 1835 879 1881 consecutus,
910 1836 1077 1870 turmas
1106 1827 1266 1886 partim
1296 1825 1464 1868 idoneis
1489 1824 1596 1868 locis
1627 1824 1775 1885 dispo-

380 1905 465 1960 nit,
490 1906 651 1966 partim
677 1906 877 1967 equitum
901 1905 1103 1967 proelium
1136 1907 1385 1951 committit.
1412 1907 1648 1966 Equitatus
1677 1905 1774 1949 hos-

380 1985 491 2028 tium
536 1986 735 2048 confligit
769 1988 1000 2045 audacius,
1039 1986 1375 2032 suceedentibus
1414 1987 1496 2031 sibi
1536 1987 1775 2048 peditibus,

380 2067 473 2128 qui,
499 2076 593 2111 toto
613 2069 789 2128 agmine
812 2069 1120 2123 subsistentes,
1143 2069 1364 2129 equitibus
1389 2069 1476 2112 suis
1501 2078 1654 2112 contra
1681 2085 1779 2111 nos-

382 2158 470 2192 tros
493 2148 642 2192 ferunt
665 2149 890 2193 auxilium.
920 2151 989 2194 Fit
1014 2149 1219 2210 proelium
1243 2151 1332 2194 acri
1356 2149 1594 2193 certamine
1620 2167 1628 2192 :
1657 2165 1777 2193 nam-

380 2246 464 2290 que
493 2232 652 2284 nostri,
680 2232 943 2292 contemptis
973 2231 1113 2292 pridie
1142 2231 1359 2292 superatis
1390 2230 1610 2286 hostibus,
1638 2247 1773 2290 quum

381 2311 588 2371 subsequi
624 2310 816 2373 legiones
852 2312 1180 2367 meminissent,
1216 2322 1257 2355 et
1294 2311 1461 2372 pudore
1499 2310 1703 2366 cedendi,
1736 2320 1775 2354 ct

381 2391 618 2452 cupiditate
657 2409 736 2452 per
766 2409 810 2436 se
845 2393 1107 2437 conficiendi
1146 2391 1312 2454 proelii,
1352 2392 1588 2436 fortissime
1622 2401 1774 2434 contra

384 2472 549 2533 pedites
573 2473 908 2533 proeliabantur3
924 2474 1178 2534 hostesque,
1203 2473 1313 2516 nihil
1339 2472 1527 2534 amplius
1547 2473 1773 2532 copiarum

383 2570 663 2597 accessurum
705 2553 956 2610 credentes,
990 2564 1038 2597 ut
1078 2554 1219 2614 pridie
1248 2562 1565 2616 cognoverant,
1602 2551 1775 2596 delendi

384 2636 604 2693 equitatus
627 2637 766 2678 nostri
796 2635 914 2678 nacti
939 2637 1216 2680 occasionem
1240 2635 1517 2679 videbantur.

448 2717 610 2759 XXIX.
649 2719 801 2773 Quum
831 2716 1086 2777 aliquandiu
1126 2733 1297 2761 summa
1332 2715 1612 2759 contentione
1649 2715 1778 2759 dimi-
