1972 3356
541 231 608 267 DE
637 231 799 267 BELLO
829 232 1216 268 ALEXANDRINO.
1491 232 1562 269 205

177 319 428 378 tionemque
454 318 646 379 generis,
664 316 763 376 jure
790 315 969 359 minime
996 315 1154 373 dubio,
1172 325 1389 361 vetustate
1415 327 1561 363 tamen

177 400 449 455 intermisso,
492 397 783 443 sacerdotium
821 396 866 440 id
901 397 1137 458 repetebat.
1181 400 1378 442 Fratrem
1419 410 1563 444 autem

175 481 480 525 Ariobarzanis
491 478 751 524 Ariarathen
765 511 776 533 ,
797 494 936 537 quum
953 477 1064 521 bene
1083 479 1263 522 meritus
1280 489 1465 541 uterque
1491 498 1563 526 eo-

175 579 272 606 rum
300 562 356 606 de
386 558 612 622 republica
640 568 775 614 esset,
802 574 856 601 ne
885 567 961 601 aut
983 558 1107 618 regni
1133 557 1362 604 haereditas
1390 563 1564 606 Ariara-

175 644 277 687 then
315 640 587 694 sollicitaret,
610 648 685 682 aut
710 638 848 681 haeres
877 639 1004 699 regni
1033 648 1242 694 terreret,
1277 641 1562 688 Ariobarzani

175 723 402 776 attribuit,
419 721 494 782 qui
519 720 598 764 sub
620 720 713 780 ejus
739 719 925 779 imperio
949 735 999 762 ac
1014 718 1179 764 ditione
1200 731 1312 765 esset
1337 723 1455 784 :ipse
1485 726 1565 769 iter

173 807 396 866 inceptum
420 800 548 846 simili
577 799 806 845 velocitate
827 799 1042 844 conficere
1070 802 1215 862 coepit.

236 886 418 929 LXVII.
437 883 588 939 Quum
614 881 796 943 propius
818 883 1013 925 Pontum
1042 881 1241 944 finesque
1267 884 1565 947 Gallograeciae

169 965 442 1021 accessisset,
471 964 708 1024 Dejotarus
724 997 735 1019 ,
756 962 994 1007 tetrarches
1010 961 1312 1026 Gallograeciae
1341 976 1447 1011 tunc
1465 970 1565 1029 qui-

170 1047 268 1091 dem
288 1062 410 1107 paene
432 1045 568 1089 totius
585 1043 733 1106 (quod
755 1044 794 1088 ei
815 1061 957 1105 neque
981 1042 1171 1106 legibus,
1198 1063 1342 1108 neque
1370 1050 1566 1095 moribus

168 1144 425 1172 concessum
445 1143 536 1171 esse
559 1126 691 1170 ceteri
719 1125 948 1169 tetrarchae
975 1125 1346 1189 contendebant),
1372 1131 1464 1174 sine
1489 1131 1566 1175 du-

168 1210 242 1253 bio
276 1218 420 1253 autem
446 1225 521 1252 rex
548 1207 767 1252 Armeniae
796 1207 985 1251 Minoris
1019 1207 1073 1250 ab
1111 1218 1262 1253 senatu
1293 1210 1565 1272 appellatus,

169 1290 378 1352 depositis
400 1289 530 1351 regiis
551 1288 818 1349 insignibus,
839 1304 983 1348 neque
1002 1297 1172 1333 tantum
1191 1290 1365 1350 privato
1385 1295 1565 1352 vestitu,

170 1372 244 1415 sed
285 1372 415 1416 etiam
450 1386 627 1414 reorum
672 1368 845 1424 habitu,
875 1368 1057 1430 supplex
1092 1370 1145 1414 ad
1182 1372 1401 1417 Caesarem
1428 1378 1565 1432 venit,

168 1462 367 1509 oratum,
395 1472 415 1492 a
446 1461 493 1495 ut
523 1450 603 1494 sibi
629 1451 906 1512 ignosceret,
934 1448 1055 1510 quod
1090 1450 1133 1494 in
1175 1468 1223 1496 ea
1251 1464 1375 1513 parte
1398 1457 1567 1516 positus

167 1545 406 1590 terrarum,
444 1549 539 1593 quae
568 1529 691 1575 nulla
718 1530 921 1591 praesidia
948 1532 1130 1575 Caesaris
1165 1531 1410 1592 habuisset,
1443 1553 1567 1582 exer-

166 1616 326 1660 citibus
341 1614 624 1676 imperiisque
650 1613 695 1656 in
722 1614 803 1657 Cn.
823 1613 1023 1674 Pompeii
1051 1614 1205 1658 castris
1231 1614 1568 1680 fuissetzneque

167 1698 284 1742 enim
311 1713 355 1742 se
377 1695 572 1757 judicem
614 1694 813 1739 debuisse
855 1710 946 1737 esse
980 1697 1382 1741 controversiarum
1414 1699 1568 1761 populi

167 1779 361 1833 romani,
389 1776 463 1822 sed
492 1792 645 1838 parere
673 1775 960 1836 praesentibus
983 1775 1192 1836 imperiis.
1221 1797 1242 1819 >³

232 1861 435 1905 LXVIII.
477 1860 644 1902 Contra
682 1872 812 1916 quem
852 1857 997 1900 Caesar
1038 1873 1217 1917 «quum
1260 1857 1452 1919 plurima
1490 1879 1568 1907 sua

168 1947 553 1985 commemorasset
584 1937 754 1992 officia,
795 1953 892 1996 quae
921 1936 1077 1980 consul
1103 1938 1141 1982 ei
1168 1937 1354 1985 decretis
1381 1942 1568 2002 publicis

170 2022 413 2077 tribuisset,
444 2035 670 2081 quumque
699 2017 997 2062 defensionem
1022 2018 1116 2079 ejus
1145 2018 1310 2064 nullam
1342 2039 1468 2083 posse
1491 2041 1566 2068 ex-

169 2102 439 2147 cusationem
464 2101 555 2161 ejus
576 2098 882 2160 imprudentiae
904 2099 1099 2160 recipere
1124 2102 1417 2163 coarguisset,
1447 2106 1566 2166 quod

168 2185 302 2228 homo
326 2192 458 2227 tantae
483 2180 732 2242 prudentiae
755 2196 804 2223 ac
825 2179 1061 2241 diligentiae
1078 2182 1188 2225 scire
1208 2183 1447 2243 potuisset,
1470 2187 1569 2247 quis

169 2265 337 2309 Urbem
366 2261 629 2322 Italiamque
658 2270 852 2318 teneret,
875 2261 951 2305 ubi
977 2272 1156 2306 senatus
1184 2262 1465 2326 populusque
1496 2284 1568 2311 ro-

169 2362 353 2402 manus,
384 2344 456 2388 ubi
480 2340 728 2404 respublica
769 2352 897 2397 esset,
933 2343 1032 2404 quis
1063 2342 1220 2387 deinde
1246 2355 1345 2405 post
1370 2348 1419 2390 L.
1450 2349 1567 2392 Len-

170 2426 314 2472 tulum
332 2461 343 2483 ,
371 2427 420 2470 C.
444 2422 706 2469 Marcellum
733 2422 886 2467 consul
915 2433 1049 2480 esset,
1078 2433 1228 2468 tamen
1256 2442 1300 2469 se
1328 2427 1570 2473 concedere

171 2509 215 2553 id
242 2507 405 2552 factum
428 2505 726 2567 superioribus
747 2505 834 2548 suis
848 2504 1069 2549 beneficiis
1089 2540 1100 2561 ,
1123 2507 1263 2550 veteri
1291 2507 1486 2569 hospitio
1509 2520 1570 2553 at-

172 2606 258 2650 que
286 2588 516 2644 amicitiae,
542 2586 748 2648 dignitati
778 2587 980 2647 aetatique
1008 2585 1200 2630 hominis
1220 2621 1231 2642 ,
1259 2587 1464 2648 precibus
1495 2606 1569 2634 eo-

174 2686 294 2725 rum,
327 2669 402 2730 qui
429 2667 682 2728 frequenter
710 2667 1037 2711 concurrissent
1061 2666 1256 2729 hospites
1283 2678 1415 2729 atque
1441 2671 1567 2715 amici
