1972 3356
525 240 592 275 DE
622 239 780 274 BELLO
811 237 1028 274 GALLICO
1058 237 1148 272 LIB.
1173 236 1241 271 ΙΙΙ.
1539 233 1582 278 ‘5²'

189 325 372 386 speratis
401 323 607 368 omnibus
635 323 787 378 rebus,
822 339 866 366 se
901 339 981 383 per
1009 322 1279 366 munitiones
1309 319 1517 381 dejicere,
1545 329 1589 362 et

192 408 293 467 fuga
313 404 501 450 salutem
529 414 679 466 petere
702 403 1041 448 contenderunt.
1067 403 1193 459 Quos
1219 402 1442 462 equitatus
1467 416 1592 460 aper-

189 487 366 531 tissimis
391 486 557 547 campis
584 494 879 539 consectatuS,
912 501 965 528 ex
990 483 1180 528 millium
1209 500 1235 527 L
1262 498 1469 539 numerO,
1496 498 1592 542 quac

189 585 239 611 cx
284 567 522 628 Aquitania
564 565 889 625 Cantabrisque
931 565 1191 608 convenisse
1229 563 1482 619 constabat,
1522 563 1591 606 vix

188 658 344 709 quarta
373 657 500 709 parte
524 645 700 702 relicta,
728 644 869 689 multa
889 655 1019 689 nocte
1041 661 1086 689 se
1114 646 1159 689 in
1182 654 1326 689 castra
1347 644 1527 704 recepit.

251 730 441 774 XXVII.
481 729 576 772 Hac
614 726 765 772 audita
800 742 979 789 pugna,
1012 743 1170 789 magna
1205 743 1307 788 pars
1344 724 1596 786 Aquitaniae

187 825 278 855 sese
301 810 459 854 Crasso
485 807 678 865 dedidit,
708 807 972 869 obsidesque
998 806 1118 852 ultro
1142 808 1260 852 misit
1289 824 1297 850 :
1324 823 1414 868 quo
1441 807 1486 849 in
1516 822 1598 849 nu-

188 908 312 936 mero
339 890 523 935 fuerunt
550 889 766 947 Tarbelli,
795 890 1097 952 Bigerriones,
1132 889 1357 946 Preciani,
1386 890 1598 942 Vocates,

186 975 446 1026 Tarusates,
475 971 696 1028 Elusates,
730 972 926 1029 Garites,
957 972 1110 1029 Ausci,
1142 971 1384 1026 Garumni,
1415 968 1598 1015 Sibuza-

188 1064 277 1111 tes,
308 1055 561 1099 Cocosates.
600 1055 759 1098 Paucae
794 1052 960 1099 ultimae
993 1055 1218 1109 nationes,
1255 1053 1362 1097 anni
1399 1062 1599 1113 tempore

188 1136 390 1191 confisae,
414 1135 534 1197 quod
556 1135 698 1180 hiems
719 1136 921 1192 suberat,
942 1135 1026 1180 hoc
1052 1135 1194 1180 facere
1215 1133 1523 1197 neglexerunt.
1548 1125 1551 1126 ⁷

253 1219 466 1262 XXVIII.
503 1213 671 1261 Eodem
697 1216 788 1261 fere
812 1226 1036 1278 tempore,
1062 1218 1232 1272 Caesar,
1259 1216 1340 1260 etsi
1364 1232 1504 1278 prope
1529 1231 1601 1259 ex-

190 1310 288 1345 acta
311 1300 404 1361 jam
430 1308 554 1343 aestas
583 1308 704 1349 erat,
729 1308 902 1354 tamen,
930 1297 1070 1359 quod,
1097 1299 1220 1342 omni
1248 1296 1395 1342 Gallia
1422 1306 1600 1358 pacata,

189 1380 357 1425 Morini
379 1381 668 1441 Menapiique
693 1389 978 1441 supererant,
1003 1381 1079 1439 qui
1105 1380 1148 1422 in
1179 1379 1312 1422 armis
1336 1388 1503 1434 essent,
1526 1394 1601 1421 ne-

189 1479 274 1523 que
299 1461 354 1506 ad
378 1478 479 1505 cum
509 1478 706 1522 unquam
743 1459 910 1523 legatos
934 1461 988 1505 de
1016 1477 1123 1522 pace
1148 1461 1387 1515 misissent,
1417 1459 1602 1504 arbitra-

192 1553 262 1587 tus
291 1541 338 1587 id
364 1541 530 1586 bellum
557 1541 759 1586 celeriter
789 1541 948 1587 confici
980 1559 1129 1604 posse,
1163 1559 1215 1587 eo
1249 1542 1494 1586 exercitum
1524 1540 1602 1585 ad-

191 1624 318 1669 duxit
349 1641 357 1668 :
395 1624 471 1685 qui
498 1623 629 1685 longe
662 1623 746 1668 alia
776 1624 967 1680 ratione,
999 1641 1049 1667 ac
1076 1623 1237 1685 reliqui
1267 1622 1406 1681 Galli,
1433 1621 1601 1667 bellum

192 1723 321 1769 agere
342 1706 645 1750 instituerunt.
664 1707 782 1750 Nam
803 1705 923 1767 quod
944 1705 1278 1768 intelligebant,
1300 1706 1514 1750 maximas
1532 1721 1604 1749 na-

191 1790 352 1846 tiones,
385 1805 482 1850 quae
515 1786 672 1849 proelio
709 1787 1070 1843 contendissent,
1104 1786 1252 1849 pulsas
1286 1796 1604 1848 superatasque

189 1888 303 1928 esse,
333 1871 700 1930 continentesque
728 1868 860 1912 silvas
889 1886 938 1912 ac
975 1867 1159 1929 paludes
1191 1869 1443 1925 habebant,
1472 1886 1523 1912 eo
1559 1886 1604 1912 se

191 1969 357 2014 suaque
381 1952 531 1997 omnia
553 1949 858 1995 contulerunt.
881 1949 950 1994 Ad
973 1966 1164 2010 quarum
1190 1950 1367 1995 initium
1392 1949 1601 1995 silvarum

191 2050 330 2094 quum
360 2035 507 2078 Caesar
535 2031 826 2093 pervenisset,
855 2041 1089 2094 castraque
1119 2033 1295 2077 munire
1322 2032 1603 2086 instituisset,

192 2132 335 2176 neque
361 2116 499 2161 bostis
530 2117 709 2160 interim
739 2115 860 2160 visus
885 2123 1019 2172 esset,
1045 2114 1252 2176 dispersis
1278 2115 1323 2158 in
1349 2130 1480 2175 opere
1504 2130 1604 2158 nos-

193 2198 271 2243 tris
286 2233 297 2255 ,
318 2198 465 2242 subito
485 2214 538 2242 ex
561 2197 767 2242 omnibus
791 2197 996 2259 partibus
1018 2195 1137 2241 silvae
1157 2195 1469 2253 evolaverunt,
1497 2205 1541 2239 et
1558 2196 1603 2239 in

194 2289 370 2324 nostros
404 2279 618 2340 impetum
650 2279 863 2323 fecerunt.
898 2280 1053 2324 Nostri
1094 2277 1296 2324 celeriter
1326 2294 1449 2322 arma
1479 2294 1604 2339 cepe-

191 2371 322 2417 runt,
356 2377 520 2422 eosque
552 2362 596 2404 in
629 2360 760 2405 silvas
787 2360 1077 2423 repulerunt,
1107 2371 1168 2418 et,
1200 2360 1504 2422 compluribus
1539 2362 1604 2405 in-

192 2441 405 2497 terfectis,
434 2441 609 2504 longius
638 2442 998 2503 impeditioribus
1029 2441 1136 2487 locis
1175 2444 1334 2498 secuti,
1360 2459 1524 2504 paucos
1552 2459 1604 2487 ex

192 2522 281 2568 suis
304 2522 665 2585 deperdiderunt.

257 2607 423 2650 XXIX.
449 2603 649 2666 Reliquis
672 2603 879 2666 deinceps
910 2606 1066 2650 diebus
1096 2609 1242 2652 Caesar
1272 2606 1402 2651 silvas
1437 2606 1605 2651 caederc

195 2687 405 2741 instituit3
434 2696 498 2743 et,
531 2704 585 2730 ne
612 2686 710 2747 quis
741 2687 982 2731 inermibus
1012 2687 1463 2749 imprudentibusque
1489 2688 1606 2733 mili-
