1972 3356
347 245 416 282 ‚24
538 238 577 271 c,
610 235 740 270 JULII
773 232 996 268 cAESAms
1027 232 1519 268 COMMENTARIORUM

410 325 500 367 Lx.
544 323 689 365 Caesar
719 332 862 377 neque
902 325 1075 377 tempus
1107 313 1214 359 illud
1240 315 1634 362 animadversionis
1656 335 1747 363 esse

344 405 618 456 existimans,
643 411 687 444 et
719 397 855 442 multa
886 397 1036 441 virtuti
1073 413 1226 441 eorum
1263 396 1534 454 concedens,
1562 415 1654 442 rem
1684 409 1750 444 to-

345 496 433 530 tam
461 481 655 538 distulit3
682 479 779 525 illos
804 489 975 525 secreto
997 479 1249 541 castigavit,
1276 478 1394 539 quod
1421 479 1606 540 quaestui
1632 482 1750 541 equi-

345 579 411 611 tes
441 564 686 618 baberent,
715 563 997 623 monuitque,
1025 570 1072 605 ut
1101 577 1151 605 ex
1181 578 1257 604 sua
1277 561 1469 605 amicitia
1508 561 1656 605 omnia
1677 577 1751 605 ex—

347 656 621 711 spectarent,
651 655 693 690 et
731 662 783 689 ex
811 643 1047 706 praeteritis
1077 643 1166 687 suis
1209 642 1365 686 officiis
1407 641 1578 703 reliqua
1611 659 1754 704 spera-

348 739 460 774 rent.
482 730 693 790 Magnam
731 736 878 770 tamen
912 725 1003 769 haec
1041 741 1108 769 res
1147 722 1231 768 illis
1255 723 1546 768 offensionem
1582 734 1625 768 et
1657 741 1756 769 conr

348 812 636 873 temptionem
661 807 716 853 ad
739 824 894 853 omncs
921 805 1096 863 attulit,
1135 805 1268 867 idque
1303 806 1362 850 ita
1395 822 1511 862 esse,
1539 822 1675 867 quum
1704 823 1756 850 ex

349 893 537 938 aliorum
563 890 955 952 objectationibus,
977 899 1073 932 tum
1094 889 1224 932 etiam
1251 905 1301 931 ex
1325 887 1569 932 domestico
1588 886 1756 948 judicio

349 985 482 1036 atque
510 973 645 1018 animi
676 971 945 1016 conscientia
985 969 1303 1030 intelligebant.
1337 970 1440 1027 Quo
1475 969 1643 1030 pudore
1679 967 1756 1012 ad·

351 1057 497 1110 ducti,
524 1064 565 1099 et
599 1054 784 1098 fortasse
822 1068 911 1096 non
949 1067 993 1095 se
1018 1050 1219 1105 liberari,
1256 1049 1329 1094 sed
1361 1051 1404 1093 in
1438 1049 1558 1093 aliud
1586 1059 1758 1110 tempus

351 1137 565 1182 reservari
599 1135 826 1188 arbitrati,
854 1132 1077 1176 discedere
1104 1149 1127 1175 a
1154 1132 1306 1186 nobis,
1332 1141 1371 1174 ct
1400 1148 1559 1175 novam
1591 1140 1760 1174 tentare

353 1219 596 1269 fortunam,
626 1231 852 1276 novasque
878 1214 1068 1275 experiri
1093 1213 1308 1256 amicitias
1327 1212 1657 1256 constituerunt
1683 1228 1691 1255 :
1719 1221 1761 1255 et

352 1317 451 1344 cuin
482 1299 633 1361 paucis
666 1295 873 1342 collocuti
905 1294 1138 1341 clientibus
1175 1294 1286 1349 suis,
1319 1293 1479 1355 quibus
1500 1303 1670 1337 tantum
1699 1292 1761 1336 fa-

353 1383 480 1425 cinus
506 1381 783 1425 committere
812 1377 1056 1433 audebant,
1086 1377 1279 1438 primum
1315 1376 1460 1420 conati
1499 1384 1627 1431 sunt,
1655 1391 1762 1436 prae-

355 1464 518 1507 sectum
543 1462 764 1523 equitum,
795 1462 846 1505 C.
873 1458 1175 1513 Volusenum,
1207 1457 1479 1511 interficere,
1512 1467 1558 1501 ut
1588 1466 1764 1518 postea,

353 1543 470 1588 bello
508 1543 734 1599 confecto,
776 1542 1007 1602 cognitum
1048 1550 1138 1588 est:
1170 1550 1218 1583 ut
1252 1556 1352 1583 cum
1395 1555 1577 1583 munere
1614 1536 1764 1598 aliquo

356 1625 601 1688 perfugisse
629 1624 684 1669 ad
714 1623 975 1685 Pompeium
1008 1620 1277 1666 viderentur.
1308 1621 1547 1682 Postquam
1577 1619 1617 1663 id
1647 1618 1762 1663 diffl-

355 1707 481 1752 cilius
527 1707 671 1751 visum
703 1715 801 1762 est,
846 1720 988 1765 neque
1031 1702 1217 1747 facultas
1250 1701 1504 1764 perficiendi
1554 1701 1765 1754 dabatur;

356 1806 488 1850 quam
519 1790 730 1832 maximas
765 1795 1003 1848 potuerunt
1037 1786 1244 1846 pecunias
1271 1784 1482 1835 mutuati,
1514 1781 1695 1843 perinde
1717 1798 1767 1824 a(-

357 1872 446 1914 suis
494 1868 745 1913 satisfacere
782 1877 826 1911 et
869 1865 1068 1910 fraudata
1119 1866 1349 1909 restituere
1393 1862 1581 1917 vellent,
1619 1861 1769 1906 multis

357 1952 573 2012 coemptis
600 1950 746 2011 equiS,
771 1947 826 1993 ad
850 1948 1111 2009 Pompeium
1139 1947 1410 1990 transierunt
1433 1962 1531 1989 cum
1565 1946 1615 1988 iis
1632 1980 1643 2000 ,
1659 1960 1769 2006 quos

358 2034 424 2078 sui
452 2032 623 2077 consilii
650 2031 886 2093 participes
914 2028 1148 2072 habebant.

427 2116 542 2159 LXI.
572 2116 699 2171 Quos
726 2111 988 2172 Pompeius,
1019 2110 1139 2171 quod
1164 2121 1287 2154 erant
1314 2111 1502 2154 honesto
1529 2108 1624 2153 loro
1651 2109 1769 2163 nati,

359 2208 401 2240 et
432 2195 634 2241 instructi
663 2192 925 2249 liberaliter,
954 2209 1204 2253 magnoquc
1225 2193 1439 2236 comitatu
1467 2201 1511 2235 et
1534 2189 1771 2250 multisju-

362 2278 520 2322 iuentis
562 2285 796 2328 venerant,
835 2274 1007 2334 virique
1033 2274 1166 2317 sortes
1198 2273 1502 2327 habebantur,
1532 2282 1573 2316 et
1609 2273 1653 2315 in
1691 2271 1772 2314 bo-

364 2376 470 2404 nore
497 2357 617 2420 apud
645 2359 866 2402 Caesarem
893 2354 1085 2409 fuerant,
1116 2355 1325 2416 quodque
1355 2370 1517 2398 novum
1546 2363 1590 2397 et
1615 2361 1774 2413 praeter

362 2439 730 2486 consuetudinem
766 2436 1011 2493 acciderat,
1056 2454 1134 2498 pcr
1170 2437 1321 2481 omnia
1352 2452 1431 2480 sua
1457 2432 1656 2497 praesidia
1691 2431 1772 2475 cir·

363 2522 621 2579 cumduxit,
649 2530 781 2581 atque
811 2519 1045 2563 ostentavit
1074 2537 1082 2562 :
1116 2535 1217 2563 nain
1249 2527 1351 2562 ante
1382 2516 1424 2560 id
1452 2525 1626 2576 tempus
1645 2529 1774 2557 nemo

364 2614 441 2648 aut
468 2602 592 2648 miles
621 2612 695 2646 aut
729 2618 863 2662 eques
892 2617 915 2644 a
947 2601 1116 2645 Caesarc
1141 2600 1195 2644 ad
1229 2598 1489 2661 Pompeium
1519 2595 1773 2648 transierat,

365 2703 501 2745 quum
518 2701 627 2745 pene
651 2682 850 2744 quotidie
875 2700 899 2726 a
921 2684 1130 2743 Pompeio
1156 2681 1208 2725 ad
1225 2685 1440 2727 Caesarem
1466 2677 1746 2739 perfugerent
1763 2707 1775 2726 ,
