1972 3356
528 163 594 198 DE
629 163 790 199 BELLO
818 164 971 198 CIVILI
999 164 1091 201 LIB.
1121 165 1150 199 Ι.
1494 165 1541 213 39

157 247 309 292 castris
323 246 479 291 milites
507 246 709 291 circulari
733 257 776 292 et
799 246 969 300 dolere,
990 246 1160 292 hostem
1184 265 1236 292 ex
1257 249 1458 293 manibus
1484 250 1543 293 di-

157 328 297 382 mitti,
323 327 485 372 bellum
513 345 600 372 non
629 329 872 373 necessario
893 327 1066 389 longius
1095 328 1195 373 duci
1229 346 1237 373 :
1264 330 1543 377 centuriones

158 408 445 468 tribunosque
470 407 659 451 militum
685 407 829 462 adire,
855 416 986 466 atque
1004 408 1254 466 obsecrare,
1289 419 1337 452 ut
1364 427 1442 470 per
1470 426 1542 454 eos

159 491 304 533 Caesar
326 489 486 532 certior
507 488 650 543 fieret,
671 506 692 528 «
712 504 765 530 ne
782 486 922 530 labori
952 504 1052 543 suo,
1081 504 1165 531 neu
1190 489 1385 548 periculo
1400 507 1542 550 parce-

156 579 249 613 ret:
265 578 439 629 paratos
462 584 552 611 esse
566 583 673 624 sese3
688 583 812 628 posse
828 576 871 610 et
887 566 1047 610 audere
1071 583 1121 610 ea
1142 568 1330 612 transire
1354 569 1517 614 flumen
1532 605 1543 626 ,

157 665 242 709 qua
271 647 497 692 traductus
527 656 638 691 esset
665 647 900 706 equitatus.
933 666 953 687 n
978 648 1185 704 Quorum
1215 647 1359 691 studio
1397 659 1440 692 et
1472 666 1546 693 vo-

157 728 279 772 cibus
307 729 517 771 excitatus
545 728 713 783 Caesar,
741 728 822 771 etsi
858 728 1042 771 timebat
1068 737 1199 771 tantae
1227 728 1545 789 magnitudinis

158 809 326 851 flumini
353 808 589 851 exercitum
614 807 830 868 objicere,
862 807 1112 851 conandum
1142 817 1287 852 tamen
1314 818 1446 869 atque
1473 826 1546 853 ex-

156 888 414 948 periendum
439 888 621 949 judicat.
638 890 796 949 Itaque
812 887 1072 933 infirmiores
1088 888 1248 933 milites
1271 906 1323 932 ex
1344 890 1546 935 omnibus

157 969 366 1012 centuriis
391 967 522 1030 deligi
544 968 691 1029 jubet,
729 985 919 1029 quorum
943 979 1019 1013 aut
1043 970 1214 1013 animus
1238 979 1314 1013 aut
1341 970 1456 1014 vires
1480 971 1546 1013 vi-

158 1047 373 1092 debantur
395 1049 607 1093 sustinere
625 1066 713 1093 non
733 1066 868 1111 posse.
889 1053 979 1094 Hos
1004 1066 1105 1094 cum
1130 1049 1300 1112 legione
1327 1067 1413 1094 una
1437 1067 1547 1111 prae-

159 1128 270 1174 sidio
298 1131 453 1174 castris
478 1129 692 1190 relinquit
717 1148 726 1174 z
755 1129 946 1192 reliquas
974 1130 1167 1192 legiones
1193 1131 1418 1193 expeditas
1445 1132 1548 1176 edu-

160 1211 245 1267 cit;
282 1227 531 1272 magnoque
571 1227 756 1256 numero
790 1212 1090 1273 jumentorum
1124 1213 1166 1255 in
1198 1212 1380 1256 flumine
1417 1229 1548 1274 supra

160 1302 292 1352 atque
323 1291 434 1335 infra
459 1293 720 1347 constituto,
745 1292 936 1336 traducit
961 1293 1214 1337 exercitum.
1240 1293 1375 1336 Pauci
1401 1309 1450 1336 ex
1481 1292 1550 1336 his

160 1371 393 1429 militibus,
419 1373 459 1416 vi
491 1373 687 1417 fluminis
711 1373 905 1434 abrepti,
946 1372 1000 1416 ab
1040 1374 1239 1433 equitatu
1269 1374 1551 1433 excipiuntur

160 1469 210 1496 ac
228 1452 515 1497 sublevantur
535 1470 543 1497 :
570 1454 739 1497 interiit
759 1463 905 1497 tamen
929 1469 1071 1497 nemo.
1093 1453 1317 1498 Traducto
1338 1452 1550 1497 incolumi

159 1534 375 1589 exercitu,
403 1534 551 1594 copias
581 1535 778 1589 instruit,
810 1532 1116 1594 triplicemque
1142 1534 1278 1577 aciem
1300 1533 1459 1578 ducere
1487 1535 1552 1578 in-

159 1615 277 1675 cipit.
308 1617 370 1659 Ac
395 1624 564 1658 tantum
595 1615 677 1659 fuit
704 1616 748 1658 in
777 1614 990 1659 militibus
1017 1613 1169 1669 studii,
1197 1624 1267 1671 ut,
1295 1613 1480 1662 millium
1504 1632 1551 1660 vl

160 1695 214 1739 ad
238 1696 319 1739 iter
345 1695 495 1740 addito
531 1697 742 1752 circuitu,
774 1712 1021 1756 magnaque
1066 1695 1121 1738 ad
1159 1695 1319 1739 vadum
1358 1695 1551 1740 fluminis

162 1792 284 1819 mora
303 1777 582 1836 interposita,
608 1793 705 1832 eos,
729 1777 803 1836 qui
827 1776 881 1819 de
905 1776 1028 1819 tertia
1046 1773 1194 1835 vigilia
1220 1777 1435 1827 exissent,
1452 1786 1553 1819 ante

162 1857 315 1900 horam
343 1856 427 1900 diei
453 1873 615 1900 nonam
642 1866 1028 1917 consequerentur.

225 1938 362 1981 LXV.
395 1937 518 1993 Quos
555 1937 631 1980 uhi
670 1936 879 1981 Afranius
918 1936 1070 1998 procul
1099 1939 1213 1981 visos
1246 1954 1346 1981 cum
1380 1937 1553 1980 Petreio

163 2018 409 2079 conspexit,
435 2034 548 2061 nova
573 2035 619 2062 re
647 2018 925 2079 perterritus,
952 2017 1059 2062 locis
1081 2018 1381 2079 superioribus
1407 2018 1552 2061 consi-

163 2099 260 2154 stit,
282 2099 507 2159 aciemque
536 2100 726 2143 instruit.
755 2100 900 2144 Caesar
928 2099 973 2142 in
1001 2099 1166 2159 campis
1185 2099 1426 2142 exercitum
1456 2096 1556 2142 refi-

164 2180 244 2235 cit,
274 2195 329 2223 ne
358 2178 575 2223 defessum
609 2178 765 2241 proelio
789 2179 983 2240 objiciat.
1012 2181 1185 2223 Rursus
1216 2188 1426 2222 conantes
1453 2195 1555 2240 pro-

165 2259 287 2321 gredi
322 2259 568 2321 insequitur
602 2270 644 2305 et
676 2270 886 2305 moratur.
924 2258 995 2304 Illi
1034 2259 1279 2303 necessario
1314 2259 1555 2316 maturius,

164 2356 296 2400 quam
311 2341 651 2398 constituerant,
668 2351 806 2386 castra
826 2350 1001 2402 ponunt
1029 2357 1038 2383 :
1064 2340 1273 2384 suberant
1296 2340 1410 2383 enim
1428 2356 1556 2383 mon-

164 2430 245 2475 tes,
274 2430 403 2482 atque
436 2438 462 2465 a
493 2421 685 2467 millibus
716 2439 924 2484 passuum
950 2439 979 2465 v
1006 2422 1166 2465 itinera
1198 2419 1393 2464 difficilia
1425 2430 1557 2480 atque

165 2511 348 2562 angusta
376 2502 667 2563 excipiebant.
701 2506 791 2547 Hos
825 2504 941 2547 intra
979 2511 1152 2546 montes
1186 2517 1231 2545 se
1261 2499 1556 2561 recipiebant,

166 2589 216 2625 ut
236 2583 479 2642 equitatum
506 2582 750 2646 effugerent
777 2585 982 2641 Caesaris,
1012 2581 1313 2645 praesidiisque
1342 2582 1386 2626 in
1417 2596 1554 2642 angu-
