1972 3356
545 235 612 270 DE
640 235 802 270 BELLO
832 233 1050 269 GALLICO
1080 232 1171 267 LIB.
1195 232 1224 266 Ι.
1567 226 1586 260 5

193 334 501 379 pel-suasuros,
527 318 646 379 quod
671 317 870 361 nondum
894 317 1011 360 bono
1036 316 1184 359 animo
1211 316 1256 357 in
1282 311 1494 374 populum
1521 329 1589 356 ro-

196 417 376 444 manum
405 400 688 455 viderentur,
724 398 1056 452 existimabant3
1084 395 1153 441 vel
1186 397 1226 440 vi
1258 404 1517 450 coacturos,
1543 403 1592 436 ut

197 499 275 543 per
299 499 400 526 suos
420 482 527 526 fines
549 498 622 525 eos
646 482 709 524 ire
728 489 999 540 paterentur.
1018 478 1239 522 Omnibus
1261 477 1393 521 rebus
1413 476 1468 519 ad
1492 492 1594 536 pro-

199 562 435 605 fectionem
462 561 755 621 comparatis,
785 559 901 602 diem
931 558 1112 612 dicunt,
1143 574 1229 617 qua
1264 557 1333 600 die
1361 557 1416 600 ad
1452 557 1594 616 ripam

196 641 404 686 Rhodani
424 658 578 685 omnes
598 642 865 685 conveniant
891 657 899 683 :
926 641 959 683 is
982 638 1073 682 dies
1098 647 1193 681 erat
1216 654 1253 681 a.
1283 637 1324 679 d.
1352 654 1390 679 V.
1422 636 1593 680 kalend.

197 739 316 783 apr.,
340 724 391 766 L.
417 722 576 766 Pisone
600 731 643 766 et
669 724 719 766 A.
743 721 940 765 Gabinio
964 737 1072 764 coss.
1461 779 1463 782 Ι

263 805 362 847 VII.
391 804 550 848 Caesari
572 819 711 864 quum
728 801 773 845 id
787 802 1050 846 nunciatum
1072 810 1203 858 esset,
1225 816 1298 844 eos
1321 815 1399 860 per
1418 798 1600 842 Provin-

200 887 312 930 ciam
338 895 535 929 nostram
559 885 643 928 iter
671 884 816 928 facere
840 883 1011 938 conari,
1033 890 1227 926 maturat
1251 880 1304 924 ab
1334 879 1445 923 urbe
1469 878 1602 939 profi-

201 966 330 1022 cisci3
352 976 420 1023 et,
445 982 578 1027 quam
601 965 805 1009 maximis
821 974 966 1026 potest
989 962 1241 1018 itineribus,
1267 962 1309 1004 in
1332 959 1523 1006 Galliam
1539 958 1604 1002 ul-

201 1048 408 1091 teriorem
427 1047 679 1104 contendit,
705 1056 748 1090 et
776 1045 831 1090 ad
852 1048 1080 1091 Genevam
1101 1044 1304 1105 pervenit
1330 1059 1338 1086 ε
1363 1041 1606 1086 Provinciae

202 1129 282 1172 toti
308 1145 440 1189 quam
470 1129 715 1172 maximum
746 1137 891 1188 potest
922 1125 1116 1171 militum
1145 1140 1384 1169 numerum
1419 1124 1608 1183 imperat

203 1212 322 1268 (erat
354 1210 538 1253 omnino
570 1210 616 1252 in
656 1207 803 1254 Gallia
837 1206 1050 1251 ulteriore
1086 1206 1200 1267 legio
1237 1205 1374 1267 una);
1405 1212 1608 1265 pontem,

204 1291 278 1350 qui
309 1300 402 1334 erat
437 1289 492 1333 ad
529 1292 776 1341 Genevam,
811 1289 936 1348 jubet
970 1287 1173 1331 rescindi.
1214 1286 1304 1331 Ubi
1329 1285 1382 1329 de
1417 1285 1511 1345 ejus
1537 1282 1611 1326 ad-

202 1380 338 1413 ventu
363 1369 555 1413 Helvetii
585 1369 795 1412 certiores
824 1368 928 1412 facti
953 1377 1075 1421 sunt,
1105 1365 1274 1428 legatos
1299 1365 1354 1409 ad
1379 1381 1480 1408 eum
1508 1365 1611 1407 mit-

203 1459 323 1507 tunt,
356 1449 652 1494 nobilissimos
682 1449 892 1504 civitatis;
919 1449 1046 1508 cujus
1076 1447 1306 1509 legationis
1329 1445 1540 1491 Nameius
1571 1454 1614 1488 et

207 1531 506 1576 Verucloetius
532 1532 781 1592 principem
810 1529 956 1573 locum
981 1529 1270 1583 obtinebant,
1293 1528 1371 1588 qui
1396 1526 1613 1580 dicerent,

209 1612 290 1656 sibi
317 1628 408 1656 esse
439 1612 483 1655 in
517 1612 688 1667 animo,
724 1611 817 1655 sine
847 1609 939 1654 ullo
969 1608 1185 1653 maleficio
1210 1610 1292 1652 iter
1320 1625 1399 1669 per
1427 1608 1614 1652 Provin-

210 1694 324 1737 ciam
344 1693 509 1750 facere,
530 1702 766 1754 propterea
785 1691 905 1753 quod
929 1690 1051 1735 aliud
1072 1693 1156 1735 iter
1174 1691 1390 1734 haberent
1413 1687 1587 1732 nullum
1605 1706 1613 1731 ε

207 1791 389 1836 rogare,
407 1785 455 1818 ut
470 1775 564 1836 ejus
578 1772 808 1818 voluntate
829 1773 874 1816 id
898 1773 979 1817 sibi
994 1770 1292 1817 facereliceat.
1312 1773 1478 1826 Caesar,
1497 1768 1618 1829 quod

212 1856 427 1900 memoria
461 1855 658 1911 tenebat,
690 1857 740 1899 L.
772 1855 973 1899 Cassium
1003 1852 1229 1897 consulem
1251 1852 1467 1907 occisum,
1495 1866 1618 1894 exer-

212 1936 439 1997 citumque
453 1937 547 1997 ejus
565 1936 618 1979 ab
633 1934 848 1978 Helvetiis
863 1933 1042 1995 pulsum
1057 1969 1068 1989 ,
1083 1943 1125 1978 et
1144 1934 1402 1994 subjugum
1417 1932 1596 1976 missum
1608 1965 1619 1986 ,

212 2017 468 2062 concedend
475 2035 549 2062 um
561 2034 650 2060 non
667 2016 850 2078 putabat
865 2033 873 2059 :
888 2032 1032 2076 neque
1044 2015 1248 2059 homines
1264 2014 1444 2058 inimico
1456 2010 1619 2063 animo,

218 2099 319 2143 data
334 2098 539 2143 facultate
555 2115 632 2159 per
645 2098 929 2142 Provinciam
945 2097 1117 2141 itineris
1131 2095 1624 2154 faciendi,temperatu-

218 2197 288 2224 ros
308 2180 360 2223 ab
379 2180 542 2240 injuria
554 2188 597 2223 et
610 2178 827 2223 maleficio
843 2177 1136 2222 existimabat.
1156 2179 1345 2232 Tamen,
1367 2185 1414 2220 ut
1431 2174 1622 2235 spatium

218 2260 493 2305 intercedere
517 2270 681 2321 posset,
702 2259 809 2304 dum
828 2258 1009 2315 milites,
1040 2275 1150 2319 quos
1172 2259 1465 2318 imperaverat
1483 2288 1493 2310 ,
1520 2270 1625 2298 con-

219 2343 447 2399 venirent,
490 2340 644 2402 legatis
681 2340 930 2402 respondit,
969 2339 1086 2384 diem
1126 2356 1170 2383 se
1203 2337 1258 2382 ad
1291 2334 1626 2381 deliberandum

221 2434 528 2485 sumpturum:
545 2422 579 2465 si
593 2421 701 2482 quid
714 2420 901 2479 vellent,
919 2438 955 2466 a.
971 2421 1011 2465 d.
1028 2420 1126 2464 idus
1139 2418 1264 2481 april.
1282 2425 1624 2462 reverterentur.

287 2506 410 2549 VIII.
429 2506 605 2547 Interea
627 2518 677 2546 ea
703 2501 893 2564 legione,
913 2518 1048 2563 quam
1068 2517 1217 2545 secum
1240 2499 1451 2553 hadebat,
1476 2495 1628 2540 militi-

222 2587 414 2646 busque,
439 2585 515 2644 qui
539 2600 590 2627 ex
611 2584 844 2627 Provincia
867 2591 1186 2635 convenerant,
1212 2597 1235 2624 a
1259 2579 1358 2623 lacu
1377 2581 1629 2631 Lemanno,

226 2667 301 2726 qui
320 2667 363 2709 in
383 2665 548 2709 flumen
568 2663 837 2708 Rhodanum
866 2663 1032 2716 influit,
1058 2662 1110 2705 ad
1138 2670 1335 2704 montem
1360 2660 1531 2712 Juram,
1556 2656 1631 2716 qui
