1972 3356
347 236 365 268 7
372 236 394 258 ο
556 222 595 255 C.
625 220 644 254 J
649 219 681 254 U
684 218 754 253 LII
785 214 1008 251 CAESARIS
1037 212 1253 248 COMMEN
1260 213 1532 248 TARIORUM

343 317 498 351 nactus
522 302 748 348 turbidam
776 307 1106 360 tempestatem,
1129 306 1194 341 est
1217 295 1456 357 profectus.
1479 299 1609 342 Hunc
1634 314 1741 341 con-

343 388 520 450 spicatae
540 400 698 441 naves,
719 398 817 443 quae
834 381 960 442 jussu
982 379 1110 423 Bruti
1135 375 1459 423 consuetudine
1483 376 1743 438 quotidiana

343 467 399 512 ad
433 475 614 528 portum
652 462 953 519 excubabant,
984 458 1166 505 sublatis
1190 459 1424 516 anchoris,
1454 459 1578 520 sequi
1607 474 1748 520 coepe-

343 558 463 593 runt.
483 550 553 592 Ex
577 547 629 590 iis
663 562 805 590 unum
826 544 963 606 ipsius
999 543 1226 604 navigium
1248 539 1496 598 contendit,
1525 549 1568 584 et
1593 538 1748 601 fugere

344 628 667 692 perseveravit,
691 625 945 687 auxilioque
969 622 1242 685 tempestatis
1267 639 1318 667 ex
1345 630 1586 683 conspectu
1607 621 1748 678 abiit3

347 711 458 768 duo,
497 709 733 771 perterrita
773 722 990 752 concursu
1029 714 1281 749 nostrarum
1322 703 1504 747 navium
1522 737 1534 758 ,
1570 718 1663 747 sese
1703 702 1749 746 in

273 790 280 849 *b
347 803 528 854 portum
567 799 840 851 receperunt.
876 785 1175 832 Massilienses
1201 801 1323 830 arma
1357 794 1667 846 tormentaque
1697 801 1751 829 ex

347 873 534 936 oppido,
565 882 614 916 ut
648 881 713 917 est
755 872 1042 931 imperatum,
1085 866 1338 929 proferunt;
1362 882 1495 910 naves
1528 882 1580 910 ex
1614 873 1749 927 portu

348 954 669 1015 navalibusque
707 952 928 1007 educunt3
964 949 1200 1010 pecuniam
1237 965 1289 992 ex
1327 945 1505 1008 publico
1548 946 1747 991 tradunt.

348 1036 526 1094 Quibus
550 1035 683 1079 rebus
706 1032 937 1084 confectis,
962 1031 1109 1074 Caesar
1130 1029 1270 1090 magis
1298 1044 1371 1072 eos
1398 1044 1480 1088 pro
1503 1028 1681 1072 nomine
1708 1038 1752 1073 et

349 1126 590 1172 vetustate,
614 1131 748 1176 quam
774 1129 855 1174 pro
886 1112 1052 1156 meritis
1084 1111 1127 1153 in
1155 1127 1200 1154 se
1220 1110 1434 1164 civitatis,
1460 1125 1752 1165 conservans,

350 1200 456 1244 duas
482 1199 541 1243 ibi
580 1197 775 1260 legiones
811 1193 1016 1257 praesidio
1046 1192 1278 1254 relinquit,
1311 1201 1477 1236 ceteras
1504 1192 1548 1235 in
1578 1189 1753 1235 Italiam

350 1282 485 1325 mittit
511 1297 520 1323 ε
547 1280 641 1342 ipse
665 1278 720 1323 ad
740 1277 911 1322 Urbem
939 1275 1246 1336 proficiscitur.

416 1364 583 1407 XXIII.
606 1360 768 1405 Iisdem
800 1357 1073 1420 temporibus
1096 1359 1146 1401 C.
1174 1356 1335 1413 Curio,
1362 1356 1406 1400 in
1428 1354 1622 1401 Africam
1646 1371 1754 1416 pro-

353 1445 490 1489 fectus
521 1459 573 1487 ex
603 1441 780 1494 Sicilia,
808 1450 850 1484 et
869 1440 962 1500 jam
992 1438 1046 1482 ab
1076 1439 1203 1482 initio
1231 1438 1381 1498 copias
1425 1439 1473 1482 P.
1506 1437 1617 1482 Attii
1644 1437 1753 1481 Vari

354 1525 618 1586 despiciens,
643 1522 753 1566 duas
780 1520 972 1582 legiones
999 1536 1051 1563 ex
1082 1535 1142 1574 lv,
1173 1535 1281 1579 quas
1309 1535 1335 1562 a
1365 1519 1537 1562 Caesare
1569 1533 1755 1578 accepe-

354 1615 449 1662 rat,
479 1614 521 1650 et
558 1621 589 1648 D
627 1605 798 1664 equites
826 1601 1180 1663 transportabat3
1208 1599 1435 1661 biduoque
1472 1609 1515 1643 et
1550 1598 1756 1643 noctibus

355 1687 497 1731 tribus
523 1686 805 1747 navigatione
831 1684 1129 1744 consumptis,
1159 1680 1333 1743 appulit
1364 1681 1420 1726 ad
1461 1698 1561 1725 eum
1586 1681 1757 1734 locum,

356 1768 432 1828 qui
460 1766 711 1829 appellatur
737 1764 981 1826 Aquilaria.
1005 1765 1090 1807 Hic
1117 1763 1240 1807 locus
1265 1763 1388 1807 abest
1409 1779 1433 1806 a
1454 1761 1635 1823 Clupeis
1661 1778 1759 1824 pas-

357 1865 485 1894 suum
521 1864 618 1893 xx11
658 1845 822 1904 millia,
858 1846 1080 1906 habetque
1112 1861 1202 1889 non
1243 1842 1571 1888 incommodam
1612 1851 1760 1887 aestate

358 1931 618 1985 stationem,
648 1939 690 1974 et
720 1928 894 1973 duobus
930 1926 1227 1971 eminentibus
1265 1925 1583 1988 promontoriis
1621 1924 1761 1969 conti-

359 2022 503 2056 netur.
526 2012 668 2072 Hujus
693 2010 932 2055 adventum
959 2012 1009 2053 L.
1035 2011 1182 2053 Caesar
1198 2006 1313 2052 filius
1337 2023 1438 2052 cum
1459 2023 1490 2051 x
1517 2005 1658 2068 longis
1686 2023 1763 2051 na-

359 2095 488 2139 vibus
524 2093 580 2138 ad
615 2092 828 2154 Clupeam
865 2090 1122 2153 praestolans
1155 2090 1289 2153 (quas
1335 2104 1469 2133 naves
1509 2089 1673 2144 Uticae,
1708 2105 1761 2133 ex

364 2175 618 2238 praedonum
647 2174 764 2219 bello
790 2173 1047 2231 subductas,
1091 2175 1138 2217 P.
1166 2172 1311 2217 Attius
1338 2169 1596 2215 reficiendas
1629 2170 1762 2231 hujus

362 2256 464 2301 belli
488 2273 618 2301 causa
642 2254 915 2316 curaverat),
938 2256 1194 2316 veritusque
1211 2253 1392 2298 navium
1409 2250 1762 2306 multitudinem,

364 2355 416 2382 ex
433 2337 522 2382 alto
543 2338 786 2399 refugerat,
811 2335 1084 2398 appulsaque
1103 2335 1158 2381 ad
1180 2335 1433 2398 proximum
1455 2333 1557 2379 litus
1585 2334 1764 2378 trireme

366 2428 611 2474 constrata,
638 2428 680 2462 et
706 2419 751 2462 in
777 2417 905 2463 litore
927 2416 1076 2462 relicta
1093 2452 1105 2472 ,
1129 2417 1311 2479 pedibus
1343 2415 1637 2461 Adrumetum
1663 2430 1765 2475 pro-

367 2501 538 2562 fugerat
578 2498 647 2560 (id
688 2498 903 2561 oppidum
945 2500 994 2543 C.
1022 2497 1260 2544 Considius
1301 2499 1482 2559 Longus
1527 2495 1659 2539 unius
1702 2493 1764 2539 le-

368 2580 509 2641 gionis
543 2579 748 2641 praesidio
780 2578 1009 2640 tuebatur)
1039 2596 1047 2622 :
1094 2578 1272 2639 reliquae
1299 2577 1482 2622 Caesaris
1507 2592 1638 2620 naves
1672 2575 1767 2636 ejus

369 2660 469 2721 suga
493 2660 781 2706 Adrumetum
811 2677 854 2704 se
881 2671 1153 2723 receperunt.
1178 2663 1308 2704 Hunc
1335 2668 1509 2703 secutus
1530 2659 1593 2702 M.
1623 2656 1767 2701 Rufus
