1972 3356
317 214 338 249 3
348 227 362 250 1
371 219 392 257 4
700 213 855 248 NOTAE
883 212 934 247 IN
965 212 1335 248 COMMENTARIA

308 305 457 340 paren,
478 302 614 333 varen,
630 290 800 337 fabren,
817 289 1005 338 navigare.
1024 289 1176 326 Rectius
1202 289 1377 335 fortasse,
1393 288 1498 336 juxta
1519 303 1606 335 nos,
1629 293 1707 327 ori·

315 362 374 389 tur
393 367 413 388 a
438 364 554 400 graeca
575 364 669 387 voce
685 359 770 403 μύω,
790 351 944 396 claudo,
967 351 1147 396 occludo,
1164 351 1313 395 minuo,
1333 358 1369 387 et
1388 351 1436 386 ab
1455 351 1573 387 insula
1593 353 1703 388 Pam.

315 417 412 451 Nam
440 415 477 450 in
500 415 772 463 Archipelago‚
790 421 950 462 propter
972 414 1240 462 frequentiam,
1263 413 1534 461 minimamque
1562 414 1707 449 insula-

313 491 395 513 rum
419 477 518 513 inter
545 490 584 513 se
611 477 848 522 distantiam,
873 477 1055 512 naviculis
1077 476 1244 525 angustis
1270 483 1306 512 et
1324 476 1522 524 oblongis,
1543 476 1628 512 Pari
1648 477 1708 512 in-

314 540 404 575 colae
434 539 489 575 usi
515 539 612 575 forte
635 539 746 588 primi
768 538 936 584 fuerunt3
955 539 1056 575 unde
1078 538 1374 587 myoparonibus
1403 551 1552 573 nomen.

366 603 448 638 Cn.
480 603 656 638 XLVIII.
687 601 986 650 Palaepharsali.
1017 601 1130 646 Quod
1154 613 1294 636 nomen
1320 600 1418 636 idem
1439 608 1548 636 sonat
1573 615 1615 637 ac
1634 615 1708 637 an-

312 667 414 714 lc'qua
442 665 665 700 Pharsalus,
704 666 804 700 Duas
836 664 935 699 enim
969 664 1080 699 fuisse
1118 664 1336 707 Pharsalos,
1361 674 1507 703 παλαιαν
1540 670 1596 703 καὶ
1618 672 1711 711 νέαν,

314 728 422 763 brevi
446 728 568 776 spatio
595 728 795 771 distantes,
822 727 961 763 Strabo
983 726 1071 776 (lx)
1093 726 1282 762 admonet.
1311 726 1371 762 Sic
1401 733 1438 761 et
1457 726 1555 773 apud
1576 738 1709 762 recen-

313 791 427 826 tiores
441 791 569 826 insulae
585 791 703 827 Cretae
718 790 859 825 incolas
874 789 989 825 hodie
1005 801 1155 837 quoque
1168 788 1306 824 dicitur
1319 794 1587 839 Παλαιόκαστρςν
1604 796 1710 825 vetus

313 853 508 901 quoddam
535 853 728 888 castellum
750 852 879 887 insulae
904 851 1109 895 munitum,
1129 864 1148 886 e
1168 850 1312 886 voculis
1338 857 1489 896 παλαιός,
1515 851 1709 898 antiquus,

312 923 469 967 ›eim-pov,
494 916 696 952 castellum.
715 914 777 950 Sic
792 914 906 950 etiam
920 914 1125 962 Neapolis,
1143 926 1162 948 a
1187 921 1270 958 νέες,
1291 925 1431 956 novuS‚
1445 920 1550 959 πόλις,
1571 913 1670 949 urbs.

366 981 449 1017 Cu.
475 980 536 1015 LI.
570 979 632 1013 Cn.
661 977 853 1024 Pompeio.
884 976 1056 1024 Pompeii
1085 978 1216 1024 Magni
1236 975 1325 1011 filio.

366 1044 450 1078 CAP.
479 1042 580 1076 LIII.
613 1041 774 1088 Semper
796 1040 893 1074 enim
920 1039 1084 1074 heroaes.
1111 1039 1173 1074 Sic
1198 1039 1308 1074 codd.
1339 1051 1488 1081 omnes,
1513 1047 1605 1075 teste
1627 1041 1711 1076 Ou-

313 1103 497 1151 dendorp.
517 1102 617 1147 Quid
639 1114 729 1137 vero
744 1099 931 1149 significat
950 1113 1026 1136 vox
1044 1101 1104 1135 illa
1131 1100 1244 1136 bero?
1267 1101 1366 1136 unde
1387 1100 1518 1136 venit?
1545 1114 1713 1150 quaenam

312 1167 359 1201 sit
381 1165 497 1213 ipsius
525 1164 663 1213 origo?
688 1177 777 1200 num
801 1167 913 1215 Εῆρρς,
939 1163 1086 1207 birrus,
1114 1163 1225 1198 vestis
1249 1175 1365 1211 genus
1386 1163 1489 1211 quod
1516 1164 1617 1200 hisce
1638 1164 1714 1200 mi—

313 1229 441 1264 litibus
467 1227 665 1276 proprium
686 1227 840 1262 fuisset?
862 1239 950 1261 num
971 1230 1081 1277 Εάρςς,
1108 1226 1279 1274 pondus,
1299 1226 1346 1261 ita
1370 1233 1408 1261 ut
1428 1226 1714 1275 intelligendum

315 1291 410 1326 soret
425 1290 472 1326 de
487 1290 612 1338 gravis
625 1296 820 1325 arinaturae
835 1287 1042 1324 militibus?
1068 1301 1155 1323 num
1172 1288 1281 1331 bam,
1295 1289 1395 1336 quod
1418 1289 1573 1337 quidem
1587 1289 1716 1325 videre

314 1361 367 1388 ost
397 1353 497 1401 apud
528 1352 716 1396 Persium,
741 1359 805 1387 sat.
833 1365 874 1395 v,
906 1364 936 1385 v.
975 1350 1065 1395 138,
1092 1358 1128 1387 et
1163 1363 1239 1399 quo
1268 1351 1444 1396 nomine,
1476 1357 1570 1387 teste
1599 1351 1717 1388 Persii

315 1415 526 1458 scholiast.,
555 1415 680 1462 lingua
708 1415 904 1450 Gallorum
936 1413 1159 1448 dicebantur
1189 1413 1349 1448 militum
1387 1413 1512 1449 servi?
1541 1415 1716 1450 Ceterum

316 1478 450 1515 melius
477 1478 574 1513 forte
600 1477 795 1512 fatendum
820 1476 951 1521 fuerit,
971 1477 1128 1511 verbum
1156 1476 1309 1511 berones
1327 1487 1405 1511 esse
1431 1484 1660 1525 corruptum.

370 1542 455 1577 Cn.
478 1541 598 1576 LXV.
629 1540 929 1575 contentionibus
955 1540 1163 1575 tribunitiis.
1183 1538 1258 1583 Qui
1274 1539 1426 1586 quidem
1447 1539 1591 1576 tribuni
1610 1549 1718 1576 erant

316 1602 513 1639 Dolabella
537 1609 573 1638 et
597 1602 822 1638 Trebellius.

371 1666 454 1700 Cir».
487 1665 620 1698 LXVI.
648 1664 797 1698 Eadem
821 1666 963 1707 classe,
989 1676 1064 1712 qua
1089 1670 1253 1698 venerat.
1286 1663 1324 1697 Si
1349 1669 1461 1710 caput
1485 1664 1533 1699 33
1566 1665 1719 1712 hujusce

317 1727 406 1762 libri
435 1725 641 1762 contuleris
658 1753 667 1769 ‚
693 1726 834 1762 certior
853 1726 933 1762 fieri
955 1725 1099 1774 poteris
1126 1726 1309 1761 Caesarem
1330 1725 1463 1760 itinere
1483 1728 1651 1763 terrestri
1680 1728 1717 1763 in

316 1788 465 1836 Syriam
497 1799 575 1823 esse
602 1786 826 1835 profectum.
858 1787 968 1822 Unde
1003 1786 1179 1821 nonnulli
1207 1786 1327 1822 critici
1353 1799 1424 1835 pro
1453 1804 1468 1819 «ι
1485 1788 1601 1824 classe
1618 1806 1633 1821 n
1659 1791 1710 1826 le-

317 1850 485 1897 gendum
511 1861 588 1885 esse
615 1866 628 1880 «
645 1848 864 1884 celeritate»
887 1848 1104 1895 conjiciunt.

371 1914 452 1949 cip.
480 1912 638 1948 LXVII.
664 1911 790 1947 Ceteri
808 1911 1019 1947 tetrarchoe.
1047 1910 1269 1958 Pompeius,
1298 1912 1520 1949 Mithridate
1547 1913 1720 1959 devicto,

322 1975 619 2024 Gallogroeciam
657 1981 820 2022 quatuor
854 1974 954 2010 inter
1001 1974 1206 2010 tetrarchas
1249 1974 1514 2016 distribuerat,
1558 1989 1719 2024 quorum

319 2039 383 2074 uni
409 2038 613 2085 Dejotaro‚
641 2044 682 2073 ut
706 2044 796 2085 pote
823 2036 882 2073 cui
902 2038 1026 2085 plures
1047 2050 1159 2085 quam
1186 2037 1353 2085 ipsismet
1377 2038 1572 2086 assignatae
1595 2048 1720 2088 partes

319 2108 461 2146 essent,
480 2100 595 2136 ceteri
616 2099 850 2135 invidebant.

372 2165 454 2200 Cn.
490 2163 651 2199 LXXII.
692 2161 958 2209 Infelicicatem
998 2163 1144 2198 Triarii.
1189 2161 1286 2207 Qui,
1326 2163 1485 2198 Lucullo
1517 2164 1720 2213 Tigranem

319 2226 525 2275 profugum
560 2233 759 2273 sequente,
793 2225 943 2261 relictus
970 2226 1009 2260 in
1042 2227 1184 2269 Ponto,
1218 2238 1236 2260 a
1273 2225 1494 2262 Mithridate
1531 2228 1721 2264 lacessitus

321 2297 400 2333 est,
426 2297 463 2324 et
490 2288 636 2337 ingenti
656 2288 762 2324 clade
788 2286 959 2323 afflictus.

374 2353 458 2388 ΕΜ»,
476 2351 667 2386 LXXVII.
691 2352 814 2386 Tanta
829 2350 1019 2386 celeritate
1043 2350 1265 2396 confecerat.
1293 2352 1360 2387 Illa
1375 2359 1498 2388 autem
1522 2353 1721 2389 occasione

323 2413 579 2450 famosissimis
601 2412 678 2449 istis
699 2412 843 2449 voculis
863 2425 949 2448 usus
978 2419 1032 2448 est
1060 2426 1067 2447 :
1101 2414 1213 2458 l’em‘,
1240 2415 1344 2458 vidi,
1372 2415 1457 2450 vici.

373 2477 456 2512 Cn.
489 2476 707 2512 LXXVIII.
738 2477 784 2511 In
819 2475 953 2510 Asiam
979 2475 1048 2509 iter
1059 2475 1169 2522 fecit.
1199 2476 1439 2513 Provinciam
1461 2477 1630 2528 intellige
1650 2491 1719 2514 ro-

326 2551 499 2581 manam,
527 2538 586 2573 cui
611 2537 899 2573 Proconsularis
927 2536 1013 2572 Asia
1038 2549 1179 2573 nomen
1206 2546 1294 2574 erat.

379 2601 501 2648 Supra
527 2600 758 2649 scripsimus.
786 2599 905 2646 Hujus
933 2598 1018 2633 libri
1043 2612 1123 2647 cap.
1159 2600 1216 2635 26.

1829 3339 1838 3350 ι

1883 3177 1890 3356 —,„*-
1886 3145 1887 3149 „
1886 3064 1890 3117 ⁴.
1887 2884 1891 3044 Ε-.-
