1972 3356
395 261 463 303 174
621 255 659 288 C.
688 252 816 288 JULII
844 252 1064 287 CAESARIS
1095 252 1356 288 COMMENT.
1384 255 1530 291 LIBER

391 342 508 384 tione
529 336 802 397 prodierant,
823 337 882 379 sic
907 346 1066 379 temere
1090 335 1135 378 in
1155 351 1285 379 naves
1306 335 1505 397 refugere
1523 349 1758 399 coeperunt.

391 420 593 475 Quorum
629 416 731 477 fuga
777 415 944 459 incitati
982 413 1265 460 Alexandrini
1307 414 1453 476 plures
1488 433 1540 461 ex
1578 419 1762 464 navibus

392 496 750 558 egrediebantur,
782 505 1038 556 nostrosque
1072 496 1211 539 acrius
1250 496 1528 556 perturbatos
1560 498 1760 558 inseque-

390 577 564 621 bantur.
595 575 761 632 Simul,
786 576 860 636 qui
889 575 934 619 in
960 575 1145 620 navibus
1167 575 1307 638 longis
1332 586 1652 632 remanserant,
1679 594 1766 622 sca-

389 656 451 701 las
488 673 660 717 rapere,
710 671 928 717 navesque
968 673 993 700 a
1044 666 1158 700 terra
1198 654 1406 718 repellere
1448 657 1764 718 properabant,

390 753 445 781 ne
490 736 636 781 hostes
685 736 868 781 navibus
916 736 1173 798 potirentur.
1226 736 1402 793 Quibus
1449 736 1651 780 omuibus
1698 753 1765 781 re-

390 818 470 862 bus
499 817 744 879 perturbati
771 815 930 861 milites
963 817 1102 861 nostri
1127 816 1373 861 cohortium
1411 817 1566 872 trium,
1592 833 1688 878 quae
1720 818 1764 860 in

390 908 525 959 ponte
549 915 598 942 ac
621 886 761 958 prima
782 896 895 941 mole
923 897 1227 954 constiterant,
1256 913 1391 957 quum
1414 907 1512 957 post
1536 914 1580 941 se
1604 896 1767 941 clamo·
1794 944 1800 953 ,

390 995 482 1022 rem
508 977 790 1033 exaudirent,
816 976 966 1037 fugam
990 993 1169 1020 suorum
1198 976 1419 1033 viderent,
1449 993 1649 1038 magnam
1677 978 1766 1021 vim

390 1057 577 1102 telorum
599 1057 767 1100 adversi
792 1058 1080 1111 sustinerent,
1104 1056 1255 1113 veriti,
1283 1071 1338 1099 ne
1365 1056 1419 1100 ab
1441 1066 1561 1118 tergo
1582 1058 1767 1102 circum-

389 1138 669 1192 venirentur,
699 1146 743 1180 et
764 1135 952 1180 discessu
982 1136 1160 1179 navium
1187 1136 1367 1180 omnino
1390 1135 1531 1180 reditu
1559 1135 1767 1181 interclu-

390 1217 620 1271 derentur,
643 1217 931 1261 munitionem
949 1217 991 1260 in
1017 1226 1194 1277 pontem
1215 1217 1455 1260 institutam
1471 1214 1769 1276 reliquerunt,

393 1307 437 1342 et
460 1314 620 1359 magno
638 1314 766 1342 cursu
791 1297 958 1341 incitati
983 1296 1036 1340 ad
1060 1313 1189 1341 naves
1213 1296 1546 1341 contenderunt.
1567 1298 1770 1355 Quorum

391 1394 513 1439 pars,
533 1379 752 1439 proximas
774 1387 897 1422 nacta
919 1394 1047 1421 naves
1063 1412 1074 1433 ,
1100 1376 1381 1422 multitudine
1395 1378 1621 1422 hominum
1641 1387 1773 1438 atque

392 1475 524 1502 onere
549 1458 754 1519 depressa
769 1468 853 1512 est3
873 1474 973 1518 pars
998 1458 1200 1502 resistens
1225 1467 1268 1501 et
1282 1457 1489 1501 dubitans
1505 1492 1515 1513 ,
1531 1457 1637 1518 quid
1660 1467 1771 1501 esset

392 1538 655 1599 capiendum
675 1536 869 1593 consilii,
890 1538 944 1581 ab
964 1537 1267 1581 Alexandrinis
1286 1537 1512 1581 interfecta
1537 1548 1601 1581 est
1626 1555 1635 1580 ε
1661 1554 1772 1581 non-

395 1616 503 1660 nulli
529 1617 715 1661 feliciore
743 1618 881 1672 exitu,
908 1616 1126 1677 expeditas
1154 1616 1208 1660 ad
1238 1633 1442 1660 ancoram
1465 1633 1595 1661 naves
1624 1633 1773 1661 conse-

393 1698 510 1753 cuti,
541 1696 779 1740 incolumes
817 1697 1129 1752 discesserunt3
1169 1697 1296 1757 pauci
1331 1695 1503 1740 allevati
1548 1697 1701 1750 scutis,
1731 1706 1774 1740 et

393 1779 539 1821 animo
554 1777 607 1820 ad
631 1776 880 1821 conandum
896 1777 1002 1831 nixi,
1023 1775 1077 1819 ad
1092 1777 1288 1836 proxima
1305 1777 1478 1837 navigia
1493 1776 1770 1820 adnatarunt.

455 1859 574 1900 XXI.
601 1858 760 1912 Caesar,
783 1854 927 1916 quoad
951 1857 1115 1916 potuit,
1150 1855 1423 1900 cohortando
1451 1872 1551 1900 suos
1581 1855 1635 1900 ad
1672 1872 1776 1917 pon-

394 1948 478 1981 tem
505 1947 548 1981 et
570 1937 838 1980 munitiones
866 1935 1147 1992 contendere,
1174 1935 1327 1980 eodem
1350 1937 1394 1979 in
1417 1935 1611 1997 periculo
1637 1953 1776 1980 versa-

393 2027 461 2061 tus
499 2027 575 2061 est.
622 2019 859 2077 Postquam
902 2017 1129 2060 universos
1168 2016 1318 2060 cedere
1364 2016 1695 2072 animadvertit,
1730 2017 1774 2060 in

394 2115 522 2142 suum
570 2098 792 2159 navigium
835 2113 878 2141 se
916 2098 1089 2157 recepit.
1122 2099 1224 2155 Quo
1262 2095 1501 2141 multitudo
1547 2096 1773 2140 ho'minum

395 2179 590 2222 insecuta
620 2195 758 2239 quum
798 2179 1079 2238 irrumperet,
1107 2193 1247 2238 neque
1277 2177 1608 2221 administrandi
1635 2193 1776 2237 neque

394 2258 630 2320 repellendi
657 2275 681 2302 a
710 2269 826 2302 terra
849 2256 1032 2302 facultas
1069 2257 1271 2314 daretur,
1300 2257 1412 2313 fore,
1448 2256 1564 2318 quod
1593 2256 1774 2312 accidit,

390 2340 664 2400 suspicatus,
705 2355 794 2383 sese
822 2355 872 2383 ex
908 2338 1082 2399 navigio
1119 2339 1272 2399 ejecit,
1299 2348 1428 2398 atque
1467 2337 1522 2381 ad
1550 2354 1647 2393 eas,
1680 2352 1775 2396 quae

395 2419 567 2480 longius
608 2420 916 2475 constiterant,
963 2435 1091 2463 naves
1127 2418 1362 2463 adnatavit.
1394 2418 1507 2462 Hinc
1537 2417 1621 2461 suis
1650 2416 1772 2459 labo-

396 2500 594 2544 rantibus
622 2499 817 2544 subsidio
845 2499 1027 2559 scaphas
1053 2499 1250 2555 mittens,
1278 2497 1513 2543 nonnullos
1541 2511 1772 2540 conserva-

398 2581 459 2623 vit
484 2597 492 2624 :
519 2580 741 2641 navigium
769 2579 944 2640 quidem
971 2579 1083 2639 ejus,
1110 2578 1390 2624 multitudine
1415 2577 1664 2637 depressum
1696 2575 1774 2618 mi·

398 2658 546 2716 litum,
571 2676 655 2704 una
674 2676 770 2704 cum
792 2659 1044 2703 hominibus
1060 2661 1238 2704 interiit.
1260 2662 1354 2703 Hoc
1377 2656 1529 2718 proelio
1544 2655 1773 2700 desiderati
