1972 3356
541 244 606 279 DE
640 243 802 278 BELLO
833 242 1107 278 AFRICANO.
1442 238 1513 284 237

123 338 354 389 postquam
393 328 542 389 Scipio
568 328 876 387 Labienusque
915 324 1354 378 animadverterunt,
1389 324 1515 384 equi-

121 419 216 452 tatu
240 409 356 452 omni
388 425 440 452 ex
465 410 618 452 castris
643 407 825 462 educto,
855 408 1036 466 acieque
1060 406 1250 465 equestri
1278 407 1516 454 instructa,

123 507 145 534 a
170 491 257 533 suis
279 489 598 533 munitionibus
629 489 802 532 circiter
826 503 976 548 passus
1002 485 1122 529 mille
1148 485 1515 547 progrediuntur,

123 571 453 632 pedestremque
479 571 650 631 copiam
675 570 721 612 in
747 567 937 612 secunda
967 568 1059 611 acie
1075 601 1086 620 ‚
1114 567 1260 610 minus
1283 584 1435 627 passus
1459 584 1517 613 Co

122 670 146 696 a
171 653 322 697 castris
347 653 459 704 suis,
484 651 775 695 constituunt.

186 733 392 777 XXXIX.
426 734 570 777 Caesar
591 732 635 775 in
659 747 794 791 opere
815 731 976 775 milites
997 729 1253 785 adhortari,
1276 746 1420 791 neque
1444 730 1519 774 ad-

123 813 413 857 versariorum
441 813 576 873 copiis
600 812 779 856 moveri.
810 812 961 869 Quum
984 811 1076 872 jam
1101 828 1191 855 non
1216 809 1405 872 amplius
1425 828 1519 872 pas-

123 910 248 937 suum
276 909 345 936 MD
376 893 488 936 inter
518 893 711 937 hostium
742 894 880 937 aciem
911 909 1098 954 suasque
1124 892 1394 937 munitiones
1422 909 1516 937 esse

121 973 518 1030 animadvertisset,
535 973 931 1035 intellexissetque‚
954 973 1007 1018 ad
1032 973 1336 1035 impediendos
1354 971 1518 1017 milites

120 1071 248 1110 suos,
278 1064 322 1098 et
354 1055 406 1099 ab
441 1072 573 1116 opere
616 1053 926 1116 depellendos,
965 1055 1137 1099 hostem
1173 1055 1358 1116 propius
1396 1071 1517 1099 acce-

120 1135 221 1179 dere
240 1170 251 1192 ,
271 1152 532 1197 necesseque
557 1136 758 1192 haberet,
783 1135 974 1198 legiones
996 1153 1020 1180 a
1043 1135 1364 1180 munitionibus
1390 1134 1519 1180 dedu-

119 1232 242 1272 cere,
268 1218 454 1278 imperat
480 1227 634 1261 turmae
656 1218 984 1279 Hispanorum,
1007 1217 1062 1261 ad
1086 1218 1339 1279 proximum
1362 1216 1519 1261 collem

120 1314 306 1358 propere
341 1309 648 1355 accurrerent,
688 1298 1028 1360 praesidiumque
1060 1298 1162 1342 inde
1204 1298 1517 1355 deturbarent,

120 1378 352 1442 locumque
373 1390 605 1441 caperent3
625 1379 867 1441 eodemque
882 1381 1008 1441 jubet
1027 1379 1134 1425 levis
1155 1390 1390 1425 armaturae
1409 1397 1518 1441 pau-

119 1477 191 1504 cos
202 1462 410 1521 consequi
425 1461 635 1505 subsidio.
651 1462 742 1519 Qui
759 1462 879 1505 missi
895 1461 1339 1517 celeriter,Numidas
1355 1461 1517 1517 adorti,

117 1542 280 1601 partim
308 1542 430 1585 vivos
455 1542 668 1603 capiunt,
695 1541 932 1586 nonnullos
959 1543 1127 1603 equites
1156 1541 1373 1604 fugientes
1409 1559 1516 1586 con-

118 1620 487 1675 vulneraverunt,
515 1622 699 1684 locoque
728 1633 831 1668 sunt
855 1623 998 1685 potiti.
1026 1625 1267 1684 Postquam
1294 1622 1337 1666 id
1364 1624 1520 1667 Labie-

118 1719 200 1747 nus
225 1703 556 1759 animadvertit,
595 1722 684 1765 quo
714 1704 897 1749 celerius
940 1706 990 1749 iis
1028 1703 1244 1749 auxilium
1282 1704 1438 1760 ferret,
1467 1721 1518 1749 ex

118 1784 211 1828 acie
234 1784 450 1828 instructa
475 1786 695 1845 equitatus
720 1786 786 1829 sui
812 1802 951 1846 prope
977 1795 1119 1829 totum
1146 1785 1351 1829 dextrum
1377 1802 1517 1829 cornu

118 1865 305 1920 avertit,
335 1875 466 1926 atque
495 1866 583 1909 suis
610 1865 881 1927 fugientibus
920 1867 1142 1927 suppetias
1177 1867 1240 1909 ire
1275 1865 1515 1910 contendit.

118 1945 253 2003 Quod
275 1946 348 1990 ubi
375 1948 520 1991 Caesar
542 1947 787 2008 conspexit,
813 1947 1061 1991 Labienum
1084 1948 1138 1991 ab
1160 1948 1249 1991 suis
1269 1948 1406 2008 copiis
1429 1947 1520 1992 lon-

120 2028 215 2088 gius
235 2027 326 2088 jam
352 2028 633 2085 abscessisse,
659 2029 879 2089 equitatus
903 2029 969 2072 sui
993 2026 1107 2073 alam
1132 2029 1353 2072 sinistram
1379 2027 1434 2072 ad
1457 2029 1520 2072 in-

120 2107 431 2152 tercludendos
457 2108 604 2153 hostes
635 2110 827 2154 immisit.

184 2191 279 2233 XL.
309 2191 416 2233 Erat
436 2191 479 2233 in
500 2207 550 2234 eo
570 2206 726 2252 campo
739 2226 749 2246 ‚
768 2191 844 2235 ubi
862 2208 909 2235 ea
931 2208 999 2236 res
1020 2191 1255 2253 gerebatur
1270 2225 1281 2246 ,
1299 2190 1403 2235 villa
1420 2208 1520 2253 per-

121 2286 306 2330 magna,
333 2286 379 2315 1v
405 2271 600 2315 turribus
626 2281 870 2327 exstructa,
899 2290 995 2334 quae
1021 2272 1206 2317 Labieni
1235 2282 1517 2334 prospectum

119 2351 407 2412 impediebat,
436 2369 490 2396 ne
515 2363 660 2414 posset
688 2353 1057 2410 animadvertere,
1074 2354 1129 2398 ab
1146 2355 1346 2415 equitatu
1371 2355 1516 2398 Caesa-

119 2433 180 2476 ris
206 2449 250 2476 se
273 2432 521 2477 intercludi.
538 2436 691 2495 Itaque
719 2452 809 2479 non
830 2437 952 2497 prius
976 2434 1084 2479 vidit
1104 2444 1272 2479 turmas
1297 2433 1518 2492 Julianas,

121 2530 253 2574 quam
284 2531 383 2559 suos
400 2514 505 2559 caedi
525 2526 689 2577 atergo
716 2518 862 2561 sensit.
880 2519 947 2561 Ex
975 2533 1062 2578 qua
1090 2533 1136 2560 re
1150 2517 1298 2560 subito
1314 2517 1359 2559 in
1383 2525 1522 2560 terro-

122 2611 213 2638 rem
239 2613 452 2641 converso
478 2598 677 2657 equitatu
709 2598 1025 2655 Numidarum,
1051 2607 1170 2642 recta
1199 2598 1245 2641 in
1271 2607 1410 2641 castra
1450 2596 1520 2641 fu-

124 2692 226 2737 gere
249 2677 489 2722 contendit.
507 2677 622 2722 Galli
639 2679 940 2740 Germanique
958 2713 966 2734 ,
984 2680 1059 2741 qui
1081 2680 1359 2736 restiterant,
1376 2695 1426 2723 ex
1446 2695 1520 2722 su·
