1972 3356
423 242 496 282 240
658 239 698 274 C.
727 238 855 273 JULII
884 238 1105 274 CAESARIS
1134 238 1396 274 COMMENT.
1429 242 1575 276 LIBER

369 325 373 328 ’
420 322 628 376 ravisset,
653 320 883 383 delataque
913 333 1024 366 esset
1054 333 1186 367 vento
1215 323 1270 367 ad
1293 323 1542 385 Thapsum,
1570 341 1594 368 a
1619 325 1807 388 Virgilio

419 402 590 463 scaphis
613 401 911 463 naviculisque
934 404 1141 448 actuariis
1169 414 1349 465 excepta
1373 414 1462 461 est,
1489 414 1530 449 et
1555 405 1610 449 ad
1635 407 1806 467 Scipio-

418 499 516 526 nem
545 482 747 527 deducta.
774 485 884 528 Item
907 482 1045 528 altera
1070 485 1191 529 navis
1220 486 1360 528 trieris
1386 502 1437 529 ex
1466 485 1616 529 eadem
1646 485 1806 542 classe,

417 563 689 620 errabunda,
710 580 760 608 ac
785 573 1045 626 tempestate
1067 565 1120 609 ad
1142 566 1419 627 AEgimurum
1441 565 1582 610 delata
1597 601 1608 623 ,
1632 582 1657 610 a
1675 565 1809 611 classe

417 644 524 688 Vari
539 654 582 688 et
604 646 666 689 M.
688 646 862 690 Octavii
886 655 949 689 est
971 655 1122 707 capta,
1145 647 1189 691 in
1211 645 1474 707 quamilites
1498 648 1692 691 veterani
1708 664 1808 692 cum

417 741 506 770 uno
532 727 815 783 centurione,
839 736 882 770 et
905 726 1106 772 nonnulli
1132 728 1296 772 tirones
1325 727 1505 773 fuerunt
1534 746 1543 772 :
1573 745 1681 790 quos
1717 731 1808 773 Va-

417 823 519 862 rus,
547 817 790 852 asservatos
819 808 910 852 sine
934 807 1221 865 contumelia,
1251 808 1529 853 deducendos
1556 809 1728 854 curavit
1752 809 1808 854 ad

417 887 680 948 Scipionem.
708 889 798 946 Qui
823 899 1054 950 postquam
1083 889 1138 933 ad
1167 906 1267 934 eum
1297 900 1612 951 pervenerunt,
1639 901 1682 935 et
1707 900 1807 935 ante

417 978 669 1030 suggestum
685 969 777 1029 ejus
792 971 1110 1013 constiterunt:
1130 990 1150 1011 «
1167 972 1270 1015 Non
1293 980 1457 1028 vestra,
1473 971 1636 1032 inquit,
1652 981 1808 1033 sponte

417 1065 518 1105 vos,
541 1059 662 1094 certo
685 1050 774 1093 scio
790 1084 801 1106 ,
824 1049 897 1093 sed
923 1048 1038 1094 illius
1061 1048 1259 1094 scelerati
1283 1052 1415 1095 vestri
1440 1051 1717 1112 imperatoris
1736 1053 1809 1095 im-

415 1127 544 1189 pulsu
571 1138 613 1173 et
637 1129 822 1191 imperio
851 1140 1047 1187 coactos,
1088 1131 1203 1174 cives
1239 1141 1282 1175 et
1326 1131 1545 1192 optimum
1588 1148 1808 1193 quemque

414 1208 578 1254 nefarie
603 1211 861 1255 consectari.
883 1212 1007 1268 Quos
1028 1212 1238 1272 quoniam
1259 1210 1437 1255 fortuna
1454 1212 1499 1255 in
1519 1221 1714 1256 nostram
1734 1212 1808 1256 de-

415 1289 515 1335 tulit
544 1301 830 1352 potestatem,
860 1292 922 1349 si,
951 1291 994 1335 id
1023 1292 1142 1352 quod
1171 1292 1314 1337 facere
1341 1292 1507 1337 debetis
1528 1328 1538 1347 ,
1566 1292 1810 1355 rempubli-

414 1388 508 1416 cam
534 1389 632 1417 cum
661 1374 830 1435 optimo
857 1390 1033 1434 quoque
1059 1373 1301 1418 defendetis
1318 1409 1329 1431 ,
1368 1383 1537 1418 certum
1566 1384 1654 1431 est,
1683 1374 1807 1419 vobis

414 1453 550 1498 vitam
576 1464 618 1498 et
646 1456 878 1516 pecuniam
903 1454 1081 1499 donare.
1110 1455 1419 1518 Quapropter,
1451 1454 1558 1516 quid
1584 1456 1806 1512 sentiatis,

412 1533 742 1596 proloquimini.
775 1557 796 1578 υ

477 1617 615 1660 XLV.
645 1618 739 1661 Hac
768 1616 915 1661 habita
943 1618 1169 1675 oratione,
1198 1619 1370 1679 Scipio,
1399 1635 1534 1679 quum
1563 1619 1806 1662 existimas-

413 1705 499 1751 set,
525 1713 606 1757 pro
633 1714 712 1741 suo
739 1698 949 1743 beneficio
977 1699 1069 1742 sine
1099 1698 1234 1743 dubio
1259 1698 1313 1742 ab
1350 1700 1402 1742 iis
1430 1700 1593 1760 gratias
1630 1699 1710 1743 sibi
1737 1715 1805 1743 ac-

412 1786 507 1819 tum
539 1777 614 1833 iri,
640 1787 902 1838 potestatem
926 1779 977 1822 iis
1006 1778 1181 1822 dicendi
1207 1778 1322 1823 fecit.
1347 1781 1415 1823 Ex
1436 1780 1495 1822 eis
1517 1781 1718 1823 centurio
1746 1779 1805 1824 le-

411 1857 552 1917 gionis
577 1874 655 1901 xlv
681 1875 690 1901 ε
717 1861 841 1902 «Pro
866 1868 968 1915 tuo,
994 1860 1346 1920 inquit,summo
1372 1859 1610 1916 beneficio,
1633 1861 1804 1921 Scipio,

412 1938 489 1981 tibi
509 1939 670 1999 gratias
695 1956 777 2001 ago
797 1940 904 2001 (non
922 1941 1039 1984 enim
1059 1941 1368 2002 imperatorem
1394 1951 1436 1985 te
1462 1939 1804 2003 appello)‚quod

414 2018 522 2062 mihi
552 2020 686 2063 vitam
713 2019 1171 2082 incolumitatemque,
1205 2020 1306 2066 belli
1328 2022 1428 2082 jure
1453 2031 1607 2082 capto,
1631 2020 1806 2083 pollice-

410 2099 470 2143 ris
497 2116 506 2142 τ
535 2109 577 2143 et
600 2100 747 2145 forsan
775 2103 859 2145 isto
884 2111 1029 2146 uterer
1061 2101 1294 2156 beneficio,
1327 2103 1360 2146 si
1392 2118 1480 2146 non
1514 2103 1551 2145 ei
1580 2118 1801 2146 summurn

409 2180 548 2225 scelus
576 2182 904 2245 adjungeretur.
936 2186 1090 2245 Egone
1116 2194 1270 2229 contra
1297 2186 1538 2240 Caesarem,
1565 2185 1803 2246 imperato·

409 2278 499 2306 rem
530 2280 676 2307 meum
697 2299 707 2318 ‚
734 2264 852 2327 apud
879 2281 1008 2326 quem
1036 2265 1239 2310 ordinem
1270 2265 1372 2309 duxi
1390 2300 1400 2319 ‚
1429 2267 1611 2326 ejusque
1636 2266 1802 2310 exerci-

410 2353 527 2399 tum,
556 2361 637 2405 pro
663 2346 788 2406 cujus
813 2345 1027 2407 dignitate
1062 2347 1333 2406 victoriaque
1357 2345 1546 2406 amplius
1573 2362 1709 2390 xxxvt
1734 2362 1803 2389 an-

409 2425 475 2468 nis
507 2424 781 2486 depugnavi,
810 2425 1018 2470 adversus
1049 2437 1332 2488 armatusque
1361 2427 1621 2471 consistam?
1649 2427 1802 2486 Neque

407 2522 488 2566 ego
510 2506 626 2550 istud
649 2506 845 2552 facturus
867 2524 963 2551 sum
981 2542 992 2563 ,
1022 2518 1063 2551 et
1086 2518 1128 2551 te
1154 2524 1447 2569 magnopere,
1472 2517 1519 2552 ut
1545 2507 1597 2551 de
1622 2507 1801 2568 negotio

409 2585 612 2644 desistas,
636 2587 862 2632 adhortor.
887 2589 1052 2632 Contra
1075 2589 1198 2649 cnjus
1224 2589 1339 2632 enim
1361 2588 1508 2649 copias
1536 2587 1776 2631 contendas
1791 2622 1801 2641 ‚

410 2667 441 2709 si
474 2669 617 2712 minus
646 2678 773 2712 antea
801 2678 1003 2729 expertus
1030 2685 1099 2725 es,
1127 2668 1225 2713 licet
1254 2685 1371 2712 nunc
1398 2684 1649 2729 cognoscas.
1678 2667 1802 2729 Elige
