1972 3356
404 210 452 247 36
610 210 647 244 C.
672 210 800 244 JULII
830 207 1049 242 CAESARIS
1077 207 1566 244 COMMENTARIORUM

404 311 488 354 que
517 293 667 355 peritis
703 291 1069 353 gubernatoribus
1110 291 1346 335 utebantur
1386 292 1485 352 (qui
1513 302 1690 352 repente
1728 309 1778 335 ex

404 375 616 418 onerariis
642 373 827 416 navibus
857 382 980 416 erant
1005 371 1228 433 producti,
1251 387 1391 432 neque
1419 371 1523 415 dum
1551 372 1682 415 etiam
1703 389 1781 416 vo-

404 453 567 498 cabulis
607 463 976 498 armamentorum
1011 450 1253 513 cognitis),
1290 462 1384 496 tum
1413 452 1543 495 etiam
1569 453 1782 512 gravitate

405 545 449 578 et
475 534 680 579 tarditate
709 535 884 578 navium
912 532 1266 595 impediebantur
1292 550 1301 576 :
1331 532 1454 576 factae
1484 533 1600 576 enim
1637 533 1782 577 subito

404 632 455 659 ex
479 614 660 659 humida
684 615 885 671 materia,
906 631 995 658 non
1023 612 1225 658 eumdem
1248 629 1375 657 usum
1405 611 1637 656 celeritatis
1654 612 1782 656 habe-

404 696 524 739 bant.
566 698 741 757 Itaque,
777 695 882 738 dum
919 693 1039 739 locus
1079 695 1278 739 cominus
1318 692 1542 755 pugnandi
1580 693 1783 749 daretur,

403 793 528 837 aequo
564 777 709 820 animo
749 774 940 836 singulas
969 775 1082 819 binis
1115 775 1298 818 navibus
1335 774 1619 835 objiciebant,
1654 784 1785 835 atque

405 857 564 917 injecta
603 874 735 901 manu
773 856 935 912 ferrea,
964 866 1007 899 et
1045 866 1212 899 retenta
1249 865 1434 916 utraque
1462 872 1590 909 nave,
1626 853 1784 899 diversi

403 937 679 998 pugnabant,
707 946 836 997 atque
858 938 899 979 in
928 937 1119 980 hostium
1150 952 1279 979 naves
1306 935 1691 991 transcendebant,
1717 945 1783 989 et,

405 1034 564 1078 magno
594 1033 777 1060 numero
805 1015 1060 1060 Albicorum
1087 1025 1129 1058 et
1151 1025 1376 1076 pastorum
1400 1015 1648 1072 interfecto,
1682 1032 1783 1076 par-

404 1107 491 1141 tem
528 1098 704 1140 navium
739 1095 1012 1157 deprimunt,
1041 1094 1273 1138 nonnullas
1309 1112 1408 1138 cum
1434 1095 1686 1140 hominibus
1711 1113 1784 1140 ca-

403 1178 551 1237 piunt,
594 1175 781 1236 reliquas
823 1176 866 1219 in
904 1184 1080 1236 portum
1119 1174 1401 1235 compellunt,
1446 1178 1511 1219 Eo
1553 1175 1621 1219 die
1656 1191 1786 1220 naves

402 1255 740 1300 Massiliensium
763 1273 861 1300 cum
887 1257 963 1310 iis,
989 1272 1085 1316 quae
1110 1265 1222 1299 'sunt
1250 1267 1409 1316 captae,
1439 1256 1658 1300 intereunt
1686 1272 1745 1300 1x.

469 1339 584 1382 LIX.
615 1340 710 1382 Hoc
733 1338 924 1398 primum
959 1346 1007 1380 ut
1035 1337 1193 1381 Caesari
1232 1336 1285 1380 ad
1316 1335 1502 1380 Ilerdam
1538 1337 1786 1391 nuntiatur,

404 1417 556 1473 simul,
591 1417 784 1478 perfecto
818 1427 972 1478 ponte,
1010 1415 1211 1460 celeriter
1249 1416 1423 1460 fortuna
1459 1426 1667 1460 mutatur.
1696 1416 1785 1473 Illi,

404 1499 622 1559 perterriti
662 1498 823 1549 virtute
859 1498 1075 1558 equitum,
1112 1498 1256 1540 minus
1288 1496 1444 1552 libere,
1479 1498 1622 1541 minus
1654 1497 1787 1541 auda-

402 1587 494 1622 cter
525 1578 798 1639 vagabantur
829 1595 837 1621 :
865 1577 993 1632 alias,
1021 1593 1107 1620 nou
1140 1576 1271 1638 longo
1297 1577 1350 1620 ab
1388 1578 1539 1620 castris
1567 1579 1785 1639 progressi

404 1660 570 1719 spatio,
598 1668 643 1702 ut
671 1657 855 1702 celerem
883 1667 1105 1719 receptum
1134 1658 1368 1713 haberent,
1395 1658 1622 1719 angustius
1648 1658 1786 1719 pabu-

404 1737 626 1794 labantur,
655 1738 759 1782 alias
782 1737 980 1798 longiore
1003 1738 1189 1781 circuitu
1216 1755 1224 1780 ι
1245 1738 1462 1781 custodias
1487 1739 1787 1799 stationesque

403 1819 600 1879 equitum
632 1818 854 1872 vitabant,
890 1827 964 1860 aut
1000 1815 1147 1876 aliquo
1186 1826 1365 1877 accepto
1396 1816 1680 1873 detrimento,
1713 1829 1788 1863 aut

404 1898 556 1958 procul
573 1899 769 1959 equitatu
792 1899 904 1953 viso,
920 1914 972 1941 ex
996 1896 1140 1941 medio
1161 1897 1335 1953 itinere,
1352 1898 1560 1958 projectis
1585 1899 1786 1955 sarcinis,

404 1978 642 2039 fugiebant.
672 1981 901 2023 Postremo
930 1979 1060 2021 etiam
1083 1976 1230 2038 plures
1257 1978 1546 2022 intermittere
1569 1978 1687 2035 dies,
1713 1989 1754 2024 ct
1775 2015 1786 2036 ,

404 2069 559 2119 praeter
578 2058 939 2104 consuetudinem
966 2059 1183 2115 omnium,
1212 2068 1342 2102 noctu
1363 2060 1683 2104 constituerant
1707 2076 1786 2121 pa-

403 2138 560 2183 bulari.

465 2222 560 2264 LX.
602 2222 781 2265 Interim
821 2223 1032 2266 Oscenses
1072 2230 1114 2264 et
1151 2219 1496 2281 Calagurritani,
1538 2222 1613 2282 qui
1663 2231 1789 2265 erant

403 2317 502 2344 cum
543 2301 808 2345 Oscensibus
851 2301 1111 2355 contributi,
1154 2302 1333 2345 mittunt
1367 2301 1420 2345 ad
1458 2317 1557 2345 cum
1599 2300 1786 2363 legatos,

404 2397 581 2442 seseque
606 2383 818 2443 imperata
856 2380 1046 2425 facturos
1066 2381 1342 2442 pollicentur.
1375 2383 1466 2425 Hos
1490 2384 1786 2426 Tarraconen·

404 2478 487 2517 ses,
520 2472 562 2505 et
585 2463 797 2518 Iacetani,
823 2472 866 2505 et
895 2463 1124 2517 Ausetani,
1148 2472 1212 2518 et,
1233 2463 1381 2523 paucis
1408 2471 1505 2522 post
1525 2461 1698 2515 diebus,
1724 2461 1784 2506 Il·

405 2540 769 2604 lurgavonenses‚
792 2543 867 2603 qui
894 2542 1056 2586 flumen
1078 2543 1255 2587 Iberum
1280 2544 1522 2603 attingunt,
1548 2543 1786 2603 insequun-

409 2631 490 2663 tur.
522 2622 633 2665 Petit
660 2622 714 2666 ab
739 2623 807 2666 his
836 2622 1062 2679 omnibus,
1096 2633 1143 2667 ut
1171 2639 1214 2667 se
1250 2622 1468 2666 frumento
1490 2623 1661 2682 juvent.
1688 2621 1786 2667 Pol-

1908 2915 1912 3041 l

1898 3224 1914 3356 Ι
