1972 3356
318 278 365 315 58
457 280 496 316 C.
529 280 656 314 JULII
686 279 902 314 CAESARIS
933 280 1091 314 COMM.
1121 280 1187 314 DE
1218 280 1373 314 BELLO
1403 280 1544 314 GALL.

317 372 646 423 pugnatumque
685 361 737 403 ab
770 361 968 404 hostibus
1002 362 1059 404 ita
1093 361 1271 416 acriter,
1304 370 1353 404 ut
1388 378 1412 403 a
1445 360 1550 404 viris
1579 360 1697 404 fortia

317 442 416 498 bus,
439 442 483 485 in
508 450 699 484 extrema
719 456 794 500 spe
816 438 987 494 salutis,
1011 440 1164 500 iniquo
1192 439 1306 496 loeo,
1330 450 1485 484 contra
1506 456 1600 496 eos,
1624 442 1697 500 qui

316 538 366 564 ex
388 520 500 565 vallo
518 521 800 581 turribusque
819 519 905 563 tela
923 521 1140 580 jacerent,
1162 521 1349 581 pugnari
1373 520 1544 576 debuit,
1563 537 1701 580 quum

318 601 359 644 in
386 617 471 645 una
507 602 669 645 virtute
699 601 840 645 omnis
874 617 970 661 spes
995 599 1144 645 salutis
1171 601 1440 644 consisteret.
1473 601 1617 644 Occisi
1647 599 1702 643 ad

317 680 544 725 hominum
575 680 769 726 millibus
799 691 1006 742 quatuor,
1039 680 1196 741 reliqui
1232 682 1276 724 in
1306 680 1520 742 oppidum
1555 680 1705 741 rejecti

318 770 432 805 sunt.
460 761 677 806 Postridie
703 762 795 822 ejus
818 761 924 817 diei,
946 761 1142 805 refractis
1172 762 1331 821 portis,
1358 778 1493 821 quum
1516 761 1605 821 jam
1636 760 1705 804 de-

318 841 514 886 fenderet
546 858 694 897 nemo,
722 851 852 902 atque
886 841 1147 885 intromissis
1174 840 1386 884 militibus
1409 842 1588 896 nostris,
1624 856 1706 883 seo-

319 923 483 966 tionem
514 922 605 983 ejus
641 921 793 983 oppidi
824 921 1079 965 universam
1115 924 1260 967 Caesar
1286 919 1497 964 vendidit.
1529 919 1598 963 Ab
1619 919 1705 975 his,

318 1004 390 1063 qui
422 1013 640 1055 emerant,
670 1003 863 1063 capitum
890 1018 1101 1046 numerus
1125 1002 1179 1046 ad
1207 1019 1305 1045 eum
1337 1000 1500 1045 relatus
1520 1010 1584 1045 est
1608 999 1708 1044 mil·

318 1083 425 1128 lium
450 1100 543 1128 LIII.

382 1167 588 1210 XXXIV.
632 1164 796 1210 Eodem
834 1175 1030 1226 tempore
1068 1182 1092 1207 a
1131 1166 1178 1208 P.
1219 1167 1397 1219 Crasso,
1436 1179 1566 1223 quem
1609 1179 1706 1206 euni

319 1244 488 1306 legione
527 1263 612 1290 una
658 1247 833 1290 miserat
870 1245 924 1289 ad
964 1247 1183 1299 Venetos,
1220 1243 1433 1298 Unellos,
1477 1243 1709 1297 osismios,

318 1326 631 1383 Curiosolitas,
666 1328 895 1383 Sesuvios,
925 1325 1155 1379 Aulercos,
1192 1324 1445 1378 medones,
1482 1340 1578 1384 quae
1608 1332 1711 1366 sunt

318 1408 548 1451 maritimae
576 1409 792 1463 civitates,
818 1410 1134 1467 Oceanumque
1160 1407 1406 1466 attingunt,
1432 1404 1593 1447 certior
1618 1403 1708 1447 fac-

321 1497 387 1531 tus
415 1497 480 1532 est
506 1504 657 1531 omnes
686 1504 756 1531 cas
791 1488 988 1531 civitates
1021 1487 1063 1530 in
1109 1486 1322 1529 ditionem
1361 1493 1710 1545 potestatemque

321 1567 473 1629 populi
497 1569 667 1612 romani
693 1584 783 1611 esse
807 1567 1016 1611 redactas.

382 1650 569 1694 XXXV.
612 1649 688 1692 His
725 1648 853 1692 rebus
887 1648 1039 1709 gestis,
1066 1647 1185 1690 omni
1213 1644 1360 1690 Gallia
1390 1654 1564 1706 pacata,
1591 1653 1712 1687 tanta

320 1731 449 1791 hujus
480 1728 585 1773 belli
621 1729 676 1773 ad
712 1729 921 1773 barbaros
962 1729 1113 1789 opinio
1154 1727 1320 1788 perlata
1357 1736 1437 1783 est,
1468 1726 1531 1769 uti
1561 1724 1613 1768 ab
1644 1724 1710 1767 his

320 1811 594 1866 nationibus,
622 1827 718 1871 quae
748 1820 868 1853 trans
902 1810 1107 1853 Rhenum
1137 1806 1400 1862 incolerent,
1431 1807 1712 1849 mitterentur

322 1891 451 1953 legati
484 1891 538 1935 ad
573 1894 811 1946 Caesarem,
845 1906 940 1951 quae
982 1906 1026 1932 se
1066 1888 1237 1933 obsides
1265 1887 1464 1942 daturas,
1499 1887 1712 1945 imperata

322 1974 534 2029 facturas,
566 1971 894 2032 pollicerentur.
921 1972 1045 2029 Quas
1071 1969 1312 2030 legationes
1335 1970 1499 2024 Caesar,
1523 1965 1642 2027 quod
1667 1966 1711 2010 in

320 2051 492 2096 Italiam
524 2051 839 2113 Illyricumque
874 2051 1162 2112 properabat,
1199 2050 1306 2093 inita
1339 2048 1537 2110 proxima
1565 2055 1712 2091 aestate

322 2133 374 2176 ab
405 2149 449 2177 se
472 2133 629 2176 reverti
656 2133 799 2193 jussit.
828 2135 926 2193 Ipse
957 2133 1001 2175 in
1031 2134 1269 2185 Carnutes,
1297 2128 1466 2183 Audes,
1495 2129 1714 2171 Turones-

323 2230 426 2273 que,
459 2230 554 2274 quae
584 2214 782 2257 civitates
817 2214 1077 2273 propinquae
1105 2212 1171 2255 his
1207 2210 1315 2255 locis
1345 2218 1491 2264 erant,
1523 2207 1595 2252 ubi
1629 2205 1714 2250 kel-

326 2294 414 2338 lum
434 2304 650 2356 gesserat,
677 2293 923 2356 legionibus
946 2293 991 2336 in
1014 2292 1199 2336 hiberna
1223 2290 1444 2345 deductis,
1468 2289 1513 2332 in
1539 2286 1707 2332 Italiam

325 2375 542 2434 profectus
566 2385 655 2421 est:
681 2375 736 2418 ob
758 2389 916 2435 easque
936 2390 1024 2427 res,
1049 2389 1102 2416 ex
1130 2371 1288 2416 litteris
1309 2370 1518 2426 Caesaris,
1545 2367 1635 2412 dies
1654 2383 1713 2410 xv

325 2453 588 2514 supplicatio
624 2455 797 2499 decreta
840 2464 924 2505 est,
960 2453 1079 2514 quod
1125 2463 1227 2496 aute
1263 2451 1306 2495 id
1349 2461 1519 2510 tempus
1554 2446 1712 2491 accidit

328 2533 446 2577 nulli.
