1972 3356
668 225 736 261 DE
764 225 929 260 BELLO
960 225 1117 261 CIVILI
1144 225 1236 260 LIB.
1268 225 1338 260 ΠΙ.
1634 235 1701 258 101

307 324 391 369 que
421 318 618 371 tempore
644 311 771 372 signa
799 312 894 373 ejus
920 309 1128 354 militaria
1153 320 1284 371 atque
1308 325 1428 353 arma
1455 310 1616 370 Capuae
1641 324 1706 353 es-

308 401 404 435 sent
434 391 772 453 comprehensa,
796 402 838 436 et
865 391 1032 436 familia
1058 390 1247 452 Neapoli
1277 392 1388 445 visa,
1411 400 1543 451 atque
1562 389 1708 452 prodi-

308 473 370 517 tio
385 472 539 534 oppidi
554 482 805 534 appareret,
824 472 1054 535 patefactis
1075 471 1291 528 consiliis,
1310 471 1515 516 exclusus
1530 473 1704 533 Capua,

307 563 349 597 et
385 553 630 615 periculum
668 554 856 610 veritus,
896 552 1016 614 quod
1055 563 1299 597 conventus
1336 569 1459 596 arma
1501 562 1704 613 ceperat,

307 645 439 696 atque
471 651 570 679 eum
603 635 738 679 bostis
768 634 865 679 loco
899 633 1153 678 habendum
1186 633 1491 690 existimabat,
1520 632 1704 678 consilio

308 717 497 774 destitit,
522 726 656 777 atque
678 732 729 761 eo
755 717 910 761 itinere
934 732 1024 760 sese
1047 716 1219 759 avertit.

373 799 520 842 XXII.
547 798 730 842 Interim
752 796 888 853 Milo,
915 797 1105 841 dimissis
1129 797 1295 841 circum
1326 797 1568 858 municipia
1594 795 1707 841 litte-

305 880 391 936 ris,
418 895 492 935 ea,
528 895 626 940 quae
658 879 839 934 faceret,
866 879 989 940 jussu
1025 888 1157 940 atque
1187 879 1374 940 imperio
1406 877 1548 922 facere
1578 879 1707 921 Pom-

303 962 413 1022 peii,
451 978 548 1022 quae
582 961 787 1005 mandata
825 960 878 1005 ad
916 978 960 1005 se
996 977 1074 1022 per
1118 959 1325 1005 Bibulum
1367 958 1508 1004 delata
1543 969 1706 1015 essent,

304 1059 415 1104 quos
450 1060 501 1088 ex
540 1060 624 1087 aere
660 1042 805 1088 alieno
837 1042 1039 1087 laborare
1073 1042 1389 1098 arbitrabatur,
1425 1039 1704 1087 sollicitabat.

304 1123 435 1186 Apud
479 1141 590 1186 quos
633 1142 771 1187 quum
819 1124 1035 1187 proficere
1080 1123 1188 1168 nihil
1233 1133 1403 1186 posset,
1441 1122 1705 1184 quibusdam

305 1205 460 1250 solutis
497 1206 759 1269 ergastulis,
796 1209 956 1252 Cosam
997 1209 1039 1250 in
1078 1222 1185 1268 agro
1222 1206 1404 1250 thurino
1450 1220 1708 1266 oppugnare

304 1288 449 1349 coepit.
484 1291 549 1333 Eo
581 1305 718 1349 quum
746 1305 768 1333 a
799 1290 856 1346 Q.
888 1288 1035 1333 Paedio
1070 1297 1256 1349 praetore
1290 1304 1389 1331 cum
1423 1284 1595 1347 legione
1599 1321 1705 1330 .......

304 1367 450 1430 lapide
479 1371 591 1414 ictus
621 1387 671 1414 ex
704 1387 860 1428 muro,
888 1370 1043 1430 periit3
1076 1379 1118 1413 et
1147 1368 1336 1424 Coelius,
1373 1367 1623 1429 profectus,
1659 1376 1707 1411 ut

303 1450 557 1506 dictitabat,
582 1451 637 1495 ad
668 1453 884 1497 Caesarem
904 1486 915 1505 ,
944 1451 1146 1512 pervenit
1173 1450 1364 1494 Thurios
1393 1467 1400 1492 ε
1431 1448 1530 1503 ubi,
1566 1464 1705 1508 quum

304 1532 517 1593 quosdam
537 1533 631 1594 ejus
646 1533 875 1594 municipii
899 1531 1176 1585 sollicitaret,
1192 1529 1505 1592 equitibusque
1523 1530 1708 1573 Caesaris

295 1611 427 1676 ⁴gallis
454 1623 587 1675 atque
613 1614 836 1676 hispanis,
862 1614 937 1676 qui
964 1630 1016 1658 eo
1044 1611 1235 1674 praesidii
1258 1627 1387 1656 causa
1416 1611 1538 1654 missi
1564 1619 1708 1666 erant,

301 1697 532 1756 pecuniam
556 1695 856 1758 polliceretur,
882 1696 938 1740 ab
963 1696 1013 1739 iis
1043 1705 1107 1739 est
1132 1693 1400 1738 interfectus.
1434 1694 1502 1736 Ita
1534 1707 1711 1752 magna-

300 1793 399 1821 rum
440 1778 566 1821 initia
600 1795 776 1829 rerum,
815 1793 913 1838 quae
950 1777 1245 1836 occupatione
1285 1775 1626 1836 magistratuum
1664 1782 1707 1818 et

302 1868 554 1919 temporum
585 1857 821 1902 sollicitam
844 1856 1019 1902 Italiam
1043 1856 1268 1900 habebant
1285 1892 1297 1911 ,
1326 1854 1509 1899 celerem
1536 1864 1580 1899 et
1605 1854 1709 1899 faci-

301 1937 387 1984 lem
412 1940 578 1984 exitum
608 1939 877 1984 habuerunt.

364 2022 532 2066 XXIII.
562 2021 694 2077 Libo,
722 2021 945 2083 profectus
970 2021 1024 2066 ab
1049 2022 1188 2066 Orico
1213 2037 1315 2065 cum
1334 2020 1491 2076 classe,
1512 2021 1581 2065 cui
1600 2037 1709 2082 prze-

301 2112 414 2157 crat,
439 2103 620 2147 navium
649 2104 995 2165 quinquaginta,
1020 2103 1308 2148 Brundisium
1331 2104 1472 2160 venit,
1499 2101 1707 2147 insulam-

301 2200 412 2244 que,
447 2201 544 2245 quae
570 2195 726 2230 contra
757 2178 1070 2231 brundisinum
1100 2195 1280 2247 portum
1322 2195 1412 2242 est,
1444 2185 1707 2246 occupavit3

300 2265 422 2326 quod
451 2276 660 2328 praestare
690 2267 1008 2323 arbitrabatur,
1032 2283 1171 2311 unum
1197 2266 1341 2312 locum
1360 2302 1371 2317 ‚
1392 2282 1480 2327 qua
1508 2281 1707 2310 necessa-

300 2348 393 2392 rius
413 2348 575 2393 nostris
596 2357 689 2393 erat
710 2364 909 2410 egressus
925 2384 936 2406 ,
955 2365 1088 2410 quam
1105 2350 1308 2393 omnium
1331 2347 1461 2392 litora
1480 2364 1530 2391 ac
1551 2357 1708 2409 portus

299 2429 503 2474 custodia
545 2429 717 2475 clausos
761 2431 912 2475 teneri.
950 2431 1033 2476 Hic
1073 2431 1308 2492 repentino
1344 2428 1537 2474 adventu
1576 2444 1710 2472 naves

300 2511 525 2556 onerarias
550 2511 766 2573 quasdam
802 2521 958 2557 nactus
987 2511 1206 2569 incendit,
1241 2521 1284 2556 et
1316 2526 1450 2554 unam
1484 2509 1709 2554 frumento

301 2602 507 2637 onustam
533 2592 740 2650 abduxit,
772 2610 1071 2656 magnumque
1097 2594 1261 2640 nostris
1287 2602 1501 2638 terrorem
1532 2591 1707 2652 injecit,

302 2683 369 2730 et,
411 2685 546 2720 noctu
589 2674 803 2720 militibus
840 2686 883 2720 et
925 2676 1165 2739 sagittariis
1195 2677 1238 2720 in
1271 2686 1433 2720 terram
1470 2673 1709 2735 expositis,
