1972 3356
528 206 594 242 DE
625 205 784 241 BELLO
811 206 1027 242 GALLICO
1055 206 1144 242 ΠΒ.
1175 207 1238 242 VI.
1512 206 1585 257 159

181 290 379 352 impetu,
413 291 607 336 militum
645 292 809 336 virtute
847 301 1093 336 servantur.
1130 293 1187 336 At
1224 292 1253 335 ii
1289 292 1365 353 qui
1397 292 1445 337 in
1476 293 1588 355 jugo

181 373 492 427 constiterant,
515 372 638 418 nullo
656 374 788 417 etiam
808 389 927 417 nunc
946 389 1030 417 usu
1051 373 1114 417 rei
1129 371 1333 418 militaris
1352 383 1585 435 percepto.

181 469 324 514 neque
354 455 398 497 in
427 471 479 498 eo
496 490 508 510 ,
532 454 652 515 quod
676 454 990 515 probaverant,
1015 453 1199 498 consilio
1227 471 1510 515 permanere,
1538 465 1588 500 ut

180 551 224 578 se
253 533 352 579 loco
387 536 614 597 superiore
644 534 958 589 defenderent,
988 551 1133 595 neque
1162 552 1285 591 eam,
1317 553 1451 597 quam
1482 554 1587 598 pro·

182 615 314 660 fuisse
345 615 440 660 aliis
469 616 559 659 vim
593 615 953 676 celeritatemque
982 615 1204 672 viderant,
1239 617 1404 661 imitari
1431 628 1588 678 potue-

182 707 310 751 runt;
343 695 443 752 sed,
474 713 518 741 se
549 698 592 740 in
623 706 766 741 castra
794 697 992 757 recipere
1018 698 1188 751 conati,
1217 697 1424 759 iniquum
1455 699 1500 742 in
1531 698 1590 743 lo·

182 794 282 821 cum
316 776 596 821 demiserant.
634 779 948 831 Centuriones,
980 794 1173 839 quorum
1205 778 1411 824 nonnulli
1445 796 1497 824 ex
1527 781 1591 824 in-

181 858 415 903 ferioribus
445 858 676 903 ordinibus
702 857 973 920 reliquarum
1004 858 1234 922 legionum
1257 860 1434 904 virtutis
1459 878 1590 905 causa

182 942 225 984 in
264 941 514 1001 superiores
553 951 680 985 erant
716 940 893 985 ordines
929 941 1060 1003 hujus
1095 941 1281 1004 legionis
1321 942 1589 993 transducti,

181 1037 236 1065 ne
265 1030 367 1065 ante
397 1032 568 1083 partam
601 1023 663 1066 rei
694 1021 898 1067 militaris
930 1021 1107 1067 laudem
1133 1024 1409 1075 amitterent,
1439 1022 1590 1067 fortis-

181 1104 289 1148 sime
326 1113 574 1166 pugnantes
599 1103 907 1148 conciderunt.
932 1103 1131 1149 Militum
1157 1121 1279 1165 pars,
1309 1105 1471 1149 horum
1500 1106 1590 1149 vir-

183 1194 276 1229 tute
311 1185 526 1229 submotis
555 1185 777 1240 hostibus,
810 1194 970 1246 praeter
993 1202 1117 1246 spem
1149 1185 1384 1230 incolumis
1417 1187 1462 1230 in
1496 1203 1590 1231 cas-

182 1275 249 1310 tra
269 1267 491 1326 pervenit,
518 1283 618 1327 pars
644 1284 667 1310 a
691 1266 891 1311 barbaris
921 1267 1224 1311 circumventa
1249 1268 1393 1328 periit.

244 1349 362 1392 XLI.
404 1349 641 1404 Germani,
684 1348 915 1409 desperata
950 1349 1280 1409 expugnatione
1320 1358 1590 1398 castrorum,

180 1428 299 1490 quod
324 1439 497 1473 nostros
516 1430 607 1490 jam
637 1430 886 1474 constitisse
912 1430 956 1472 in
1005 1429 1332 1473 munitionibus
1355 1429 1589 1486 videbant,

181 1526 282 1554 cum
309 1527 358 1555 ea
390 1509 539 1572 praeda
570 1527 704 1572 quam
735 1511 778 1555 in
809 1510 932 1555 silvis
963 1510 1287 1571 deposuerant,
1323 1520 1445 1555 trans
1472 1511 1592 1555 Rhe-

180 1608 287 1636 num
317 1608 412 1636 sese
441 1602 719 1654 receperunt.
748 1595 813 1637 Ac
845 1602 994 1637 tantus
1023 1591 1106 1636 fuit
1135 1592 1270 1636 etiam
1299 1602 1397 1654 post
1430 1591 1592 1637 disces-

179 1688 276 1717 sum
314 1673 507 1718 hostium
543 1683 706 1729 terror,
738 1683 787 1718 ut
822 1690 871 1718 ea
904 1684 1055 1728 noete,
1084 1690 1224 1735 quum
1257 1675 1309 1718 C.
1336 1672 1591 1719 Volusenus

178 1755 336 1800 missus
360 1772 461 1800 cum
490 1757 690 1816 equitatu
721 1755 776 1800 ad
801 1765 942 1800 castra
968 1757 1184 1811 venisset,
1209 1755 1342 1800 fidem
1368 1772 1458 1800 non
1482 1755 1592 1800 faee-

178 1845 262 1888 ret,
300 1836 450 1881 adesse
485 1853 587 1881 cum
628 1835 844 1881 incolumi
883 1839 1102 1882 Caesarem
1141 1838 1352 1881 exercitu.
1385 1838 1456 1882 Sic
1495 1854 1591 1882 om-

180 1917 304 1961 nium
340 1918 513 1962 animos
542 1919 676 1962 timor
705 1927 1115 1979 praeoccupaverat,
1151 1927 1218 1971 ut,
1250 1935 1374 1979 paene
1401 1917 1591 1963 alienata

179 2008 327 2043 mente
344 2033 354 2053 ‚
381 1998 537 2043 deletis
565 2000 773 2044 omnibus
803 1999 942 2060 copiis
969 2000 1217 2060 equitatum
1242 2015 1287 2043 se
1315 2016 1367 2044 ex
1399 1999 1502 2061 fuga
1526 2016 1591 2043 re-

178 2080 365 2141 cepisse,
394 2080 621 2130 dicerent;
652 2097 816 2142 neque,
850 2079 1063 2125 incolumi
1092 2081 1315 2134 exercitu,
1340 2082 1590 2126 Germanos

179 2171 321 2206 eastra
356 2173 694 2225 oppugnaturos
724 2163 880 2216 fuisse,
914 2162 1250 2208 contenderent.
1280 2164 1429 2222 Quem
1464 2164 1590 2207 timo·

179 2259 272 2309 reni
299 2245 484 2288 Caesaris
509 2243 724 2289 adventus
749 2243 941 2289 sustulit.

244 2325 385 2368 XLII.
407 2327 627 2370 Reversus
641 2324 737 2381 ille,
758 2336 940 2371 eventus
953 2325 1056 2371 belli
1073 2344 1162 2371 non
1180 2329 1409 2390 ignorans,
1428 2344 1589 2382 unum,

182 2405 303 2465 quod
339 2406 545 2451 cohortes
578 2424 631 2452 ex
673 2409 862 2453 statione
898 2419 940 2453 et
980 2409 1184 2470 praesidio
1220 2420 1364 2455 essent
1400 2410 1588 2466 emissae,

179 2497 361 2546 questus
400 2505 455 2533 ne
498 2489 685 2534 minimo
727 2490 907 2551 quidem
951 2508 1054 2535 casu
1092 2490 1238 2536 locum
1278 2491 1471 2553 relinqui
1512 2491 1590 2536 de-

180 2567 347 2625 buisse,
377 2569 567 2615 multum
594 2571 821 2616 fortunam
844 2573 890 2616 in
915 2574 1152 2634 repentino
1175 2572 1371 2618 hostium
1395 2573 1587 2620 adventu

183 2651 375 2708 potuisse
403 2652 641 2713 judicavit3
670 2652 811 2697 multo
837 2655 971 2699 etiam
1001 2654 1211 2716 amplius,
1236 2655 1354 2716 quod
1384 2673 1505 2717 paene
1534 2657 1587 2702 ab
