1972 3356
372 240 420 283 ,46
577 238 616 273 C.
646 238 775 274 JU'LII
807 237 1025 271 CAESARIS
1059 235 1549 270 COMMENTARIORUM

374 335 515 368 tremo
544 323 737 383 agmine,
757 320 811 364 ad
834 336 943 380 quos
964 328 1143 362 ventum
1168 327 1281 373 erat,
1303 320 1615 374 consisterent,
1638 318 1768 362 forti·-

375 414 528 463 terque
550 405 763 463 impetum
786 410 1039 444 nostrorum
1057 397 1244 443 militum
1263 400 1552 455 sustinerent3
1572 400 1765 459 priores-

376 501 460 544 que
474 483 611 545 (quod
635 483 783 526 abesse
803 498 827 525 a
844 478 1039 542 periculo
1062 478 1338 535 viderentur,
1356 495 1498 539 neque
1512 478 1600 523 ulla
1616 496 1767 524 neces-

376 566 525 619 sitate,
556 580 698 624 neque
719 563 902 624 imperio
927 559 1298 620 continerentur),
1323 560 1530 604 exaudito
1554 559 1766 618 clamore,

377 644 648 706 perturbatis
675 643 926 698 ordinibus,
948 658 1098 685 omnes
1120 642 1164 684 in
1192 640 1295 701 fuga
1315 641 1397 683 sibi
1418 639 1669 701 praesidium
1689 657 1770 701 po-

379 735 548 770 nerent.
578 727 647 769 Ita
669 726 762 768 sine
790 723 880 767 ullo
915 722 1109 783 periculo
1141 732 1308 766 tantam
1333 738 1483 764 eorum
1518 719 1770 765 multitudi-

380 823 481 850 nem
516 806 656 849 nostri
694 803 1032 858 interfecerunt,
1064 812 1278 862 quantuni
1308 802 1389 844 fuit
1423 801 1508 845 diei
1541 803 1730 861 spatium
1760 818 1770 846 :

380 887 461 931 sub
497 901 789 945 occasumque
817 883 920 927 solis
957 883 1242 938 destiterunt,
1277 899 1409 942 seque
1442 883 1485 925 in
1524 892 1687 936 castra,
1725 893 1775 927 ut

381 977 475 1011 erat
503 969 785 1028 imperatum,
815 976 1089 1027 receperunt.

447 1050 549 1092 XII.
574 1047 790 1092 Postridie
812 1048 905 1107 ejus
930 1047 1015 1091 diei
1040 1049 1205 1103 Caesar,
1236 1049 1357 1108 prius
1393 1064 1524 1108 quain
1553 1064 1596 1091 se
1623 1048 1774 1091 hostes

383 1147 435 1174 ex
460 1146 622 1190 pavore
649 1146 699 1173 ac
731 1128 833 1188 fuga
858 1130 1126 1189 reciperent,
1157 1130 1200 1171 in
1228 1129 1334 1172 fines
1360 1130 1669 1184 Suessionum,
1699 1129 1774 1188 qui

384 1211 575 1271 proximi
611 1211 756 1253 Remis
784 1219 933 1263 erant,
961 1209 1198 1252 exercituin
1229 1208 1377 1262 duxit,
1411 1218 1473 1263 et,
1507 1224 1669 1267 magno
1706 1209 1776 1251 iti-

387 1307 490 1334 nere
518 1290 741 1343 consecto,
776 1289 832 1332 ad
860 1288 1073 1350 oppidum
1105 1289 1420 1333 Noviodunum
1450 1288 1692 1332 contendit.
1726 1288 1777 1331 Id

386 1388 440 1414 ex
465 1372 621 1414 itinere
646 1386 905 1431 oppugnare
936 1380 1139 1426 conatus,
1171 1369 1290 1429 quod
1324 1386 1508 1413 vacuum
1536 1369 1591 1412 ab
1628 1367 1778 1412 desen-

387 1451 558 1494 soribus
581 1467 671 1494 esse
697 1450 925 1506 audiebat,
957 1460 1137 1511 propter
1162 1449 1441 1493 latitudinem
1466 1448 1615 1506 fossae,
1640 1450 1779 1493 muri-

389 1548 474 1591 que
497 1530 800 1586 altitudinem,
838 1531 988 1591 paucis
1014 1529 1373 1585 defendentibus,
1399 1546 1652 1590 expugnare
1686 1545 1778 1572 non

389 1612 548 1672 potuit.
577 1611 743 1654 Castris
769 1610 975 1666 munitis,
1001 1611 1150 1653 vineas
1171 1626 1323 1670 agere,
1349 1626 1534 1670 quaeque
1557 1609 1612 1652 ad
1637 1626 1780 1671 oppu-

390 1691 619 1751 gnandum
652 1692 748 1734 usui
779 1700 925 1746 erant,
958 1706 1214 1750 comparare
1242 1691 1388 1751 coepit.
1426 1690 1610 1733 Interim
1637 1691 1781 1733 omnis

390 1788 442 1815 ex
482 1771 584 1831 fuga
628 1772 912 1815 Suessionum
954 1769 1192 1814 multitudo
1238 1771 1282 1812 in
1327 1770 1542 1831 oppidum
1583 1771 1783 1830 proxima

393 1861 522 1895 nocte
548 1852 767 1895 convenit.
794 1849 1005 1894 Celeriter
1029 1851 1166 1893 vineis
1205 1850 1259 1893 ad
1295 1850 1509 1910 oppidum
1550 1852 1679 1905 actis,
1709 1867 1783 1910 ag-

393 1948 495 1992 gere
515 1932 654 1992 jacto,
693 1931 976 1991 turribusque
1017 1932 1287 1986 constitutis,
1331 1930 1636 1990 magnitudine
1681 1948 1784 1991 ope·

394 2030 520 2070 rum,
547 2029 645 2073 quae
671 2029 813 2072 neque
837 2011 1040 2056 viderant
1064 2021 1166 2055 ante
1189 2010 1335 2066 Galli,
1362 2028 1503 2071 neque
1530 2011 1783 2067 audierant,

393 2105 435 2138 et
459 2093 679 2138 eeleritate
713 2095 1016 2136 Romanorum
1038 2094 1250 2154 permoti,
1289 2091 1454 2152 legatos
1487 2092 1540 2135 ad
1572 2094 1785 2137 Caesarem

395 2174 449 2218 de
472 2174 694 2218 deditione
714 2175 918 2229 mittunt;
946 2182 1008 2229 et,
1030 2173 1279 2233 petentibus
1308 2174 1455 2217 Remis
1477 2182 1524 2215 ut
1551 2189 1783 2216 conserva-

395 2265 574 2310 rentur,
601 2255 852 2314 impetrant.

460 2335 585 2378 XIII.
614 2336 783 2390 Caesar,
813 2334 1040 2378 obsidibus
1067 2337 1276 2397 acceptis,
1312 2336 1464 2396 primis
1498 2335 1686 2379 civitatis
1721 2344 1787 2377 at-

397 2430 482 2474 que
509 2416 645 2474 ipsius
675 2414 827 2460 Galbae
860 2417 974 2476 regis
1007 2416 1179 2460 duobus
1207 2416 1306 2460 filiis
1333 2418 1554 2477 armisque
1583 2415 1788 2459 omnibus

399 2512 450 2537 ex
486 2494 649 2556 oppido
691 2495 890 2551 traditis,
930 2497 974 2539 in
1010 2495 1278 2540 deditionem
1318 2498 1568 2541 Suessiones
1599 2497 1789 2560 accepit,

400 2576 727 2635 exercitumque
754 2577 798 2619 in
825 2575 1077 2621 Bellovacos
1102 2577 1236 2621 ducit.
1267 2579 1357 2635 Qui
1386 2593 1523 2637 quum
1556 2593 1599 2619 se
1627 2593 1788 2636 suaque

405 2656 551 2697 onmia
574 2656 619 2698 in
642 2655 855 2716 oppidum
873 2658 1234 2717 Bratuspantium
1251 2655 1561 2709 contulissent,
1583 2667 1715 2716 atque
1735 2657 1788 2700 ab
