1972 3356
575 269 640 305 DE
673 269 836 305 BELLO
868 270 1143 306 AFRICANO.
1484 281 1554 315 ²7¹

160 353 377 417 populum
399 371 633 399 romanum
655 365 879 417 suscepto,
901 356 944 399 in
970 355 1136 417 oppido
1153 358 1295 400 Zamae
1310 355 1439 418 lignis
1453 372 1559 400 con—

159 438 292 499 gestis
310 471 322 493 ,
341 438 576 481 maximam
599 436 642 480 in
669 437 814 481 medio
832 436 927 480 foro
952 453 1106 497 pyram
1128 447 1465 493 construxerat,
1490 448 1559 494 ut,

157 519 191 562 si
215 518 329 562 forte
356 515 473 562 bello
498 516 612 560 foret
637 526 890 578 superatus,
919 517 1128 561 omnibus
1154 519 1285 562 rebus
1312 535 1364 563 eo
1391 535 1560 563 coacer-

155 599 287 655 vatis,
319 597 480 641 dehinc
516 597 687 641 civibus
715 597 888 641 cunetis
919 597 1162 642 interfectis
1191 598 1434 660 eodemque
1460 616 1561 661 pro-

150 679 305 741 jectis,
330 677 433 740 igne
460 676 679 739 subjecto,
706 687 804 721 tum
829 676 1008 721 demum
1034 694 1079 722 se
1103 678 1195 739 ipse
1219 679 1401 741 insuper
1427 681 1561 726 inter-

152 760 326 816 ficeret,
370 768 504 820 atque
541 775 628 802 una
673 774 774 802 cum
813 757 989 815 liberis,
1034 759 1320 821 conjugibus,
1359 760 1559 818 civibus,

151 850 401 902 cunctaque
431 857 537 903 gaza
565 840 686 902 regia
722 850 1010 884 cremaretur.
1040 841 1281 902 Postquam
1314 841 1427 887 Juba
1457 853 1560 887 ante

151 932 302 984 portas
333 921 410 967 diu
437 921 722 983 multumque
749 923 894 984 primo
919 922 1051 966 minis
1075 939 1157 984 pro
1182 923 1371 985 imperio
1400 926 1561 986 egisset

151 1021 253 1049 cum
299 1004 606 1061 Zamensibus,
646 1003 832 1061 deinde,
872 1021 1009 1065 quum
1053 1021 1098 1048 se
1141 1021 1300 1066 parum
1343 1005 1557 1067 proficere

152 1085 465 1142 intellexisset,
495 1085 702 1148 precibus
738 1101 917 1148 quoque
955 1096 1148 1142 orasset,
1185 1087 1249 1131 uti
1279 1104 1323 1131 se
1361 1087 1416 1132 ad
1457 1105 1559 1133 suos

151 1168 256 1213 deos
298 1179 478 1231 penates
505 1167 818 1225 admitterent,
848 1168 921 1212 ubi
948 1185 1020 1212 eos
1048 1169 1092 1212 in
1117 1169 1332 1213 sententia
1361 1179 1558 1232 perstare

151 1250 486 1307 animadvertit,
516 1267 596 1294 nec
622 1250 755 1294 minis
785 1267 865 1294 nec
893 1250 1099 1312 precibus
1128 1251 1217 1295 suis
1245 1252 1441 1307 moveri,
1469 1268 1558 1312 quo

152 1333 292 1394 magis
319 1349 364 1376 se
395 1332 674 1393 reciperent,
712 1332 842 1376 tertio
873 1332 984 1393 petit
1011 1332 1065 1376 ab
1093 1332 1154 1376 eis
1174 1367 1185 1388 ,
1217 1342 1264 1377 ut
1298 1332 1380 1376 sibi
1410 1334 1561 1394 conju-

152 1431 226 1477 ges
246 1413 496 1474 liberosque
518 1412 778 1469 redderent,
804 1423 852 1457 ut
874 1430 1023 1458 secum
1050 1430 1123 1458 eos
1149 1424 1409 1475 asportaret.
1434 1417 1560 1460 Post-

149 1513 285 1557 quam
325 1495 406 1540 sibi
448 1494 558 1539 nihil
610 1496 795 1539 omnino
841 1495 1091 1557 oppidanos
1139 1497 1339 1558 responsi
1375 1496 1560 1541 recidere

149 1576 490 1633 animadvertit,
517 1575 635 1620 nulla
666 1594 710 1620 rc
740 1576 794 1620 ab
822 1576 925 1638 ipsis
956 1577 1212 1638 impetrata,
1240 1578 1294 1622 ab
1320 1580 1454 1623 Zama
1479 1577 1562 1623 dis-

147 1657 285 1715 cedit,
315 1667 447 1719 atque
475 1657 530 1702 ad
560 1657 709 1702 villam
742 1675 867 1703 suam
896 1675 997 1703 cum
1025 1660 1087 1703 M.
1116 1660 1291 1704 Petreio
1315 1661 1560 1722 paucisque

148 1740 373 1802 equitibus
399 1756 443 1784 se
469 1739 659 1784 confert.

213 1823 356 1867 XCII.
374 1823 607 1865 Zamenses
618 1821 795 1865 interim
814 1820 983 1883 legatos
999 1821 1053 1866 de
1067 1822 1118 1866 iis
1128 1821 1260 1866 rebus
1273 1821 1327 1866 ad
1341 1825 1559 1868 Caesarem

150 1903 328 1947 Uticam
355 1902 564 1959 mittunt,
588 1911 837 1965 petuntque
862 1903 917 1947 ab
943 1919 1021 1961 eo,
1042 1923 1063 1944 «
1087 1903 1151 1948 uti
1178 1913 1301 1961 ante,
1325 1920 1459 1965 quam
1484 1922 1561 1950 rex

150 2001 333 2029 manum
371 1983 630 2046 colligeret,
661 2001 843 2046 seseque
880 1995 1190 2048 oppugnaret,
1218 1985 1301 2030 sibi
1342 1985 1559 2032 auxilium

150 2066 349 2110 mitteret
373 2082 381 2109 :
409 2082 453 2110 se
478 2075 629 2110 tamen
653 2075 830 2127 paratos
855 2083 967 2124 esse,
995 2067 1077 2111 sibi
1101 2066 1250 2128 quoad
1278 2068 1368 2112 vita
1396 2085 1559 2130 suppe-

152 2158 286 2204 teret,
310 2148 524 2211 oppidum
553 2164 687 2210 seque
721 2149 760 2193 ei
792 2165 1033 2194 reservare.
1067 2169 1088 2191 »
1120 2152 1309 2213 Legatos
1343 2149 1561 2196 collauda-

153 2239 220 2274 tos
249 2231 398 2275 Caesar
421 2229 603 2274 domum
625 2229 752 2291 jubet
779 2230 1058 2289 antecedere,
1084 2248 1135 2277 ac
1162 2249 1293 2278 suum
1316 2232 1560 2277 adventum

152 2311 468 2373 praenuntiare.
492 2313 610 2373 Ipse,
635 2321 814 2373 postero
834 2311 904 2358 die
924 2314 1056 2358 Utica
1079 2329 1300 2376 egressm,
1323 2331 1423 2360 cum
1444 2315 1561 2376 equi-

153 2403 248 2438 tatu
288 2393 333 2437 in
362 2409 549 2456 regnum
578 2393 641 2437 ire
668 2394 910 2439 contendit.
941 2396 1126 2440 Interim
1152 2397 1198 2441 in
1226 2397 1386 2441 itinere
1413 2413 1466 2441 ex
1495 2413 1561 2441 re-

153 2475 236 2537 giis
258 2475 397 2536 copiis
421 2474 554 2519 duces
577 2474 829 2537 complures
853 2476 909 2521 ad
930 2479 1147 2522 Caesarem
1170 2479 1357 2523 veniunt
1372 2513 1384 2534 ,
1407 2488 1560 2523 orant-

153 2572 267 2617 que,
302 2564 349 2600 ut
375 2556 457 2600 sibi
487 2557 700 2618 ignoscat.
740 2557 916 2615 Quibus
946 2557 1223 2621 supplicibus
1261 2561 1388 2604 venia
1425 2558 1526 2604 data
1548 2595 1559 2613 ‚

153 2639 335 2682 Zamam
363 2639 644 2699 perveniunt.
670 2641 868 2684 Rumore
896 2640 1074 2685 interim
1101 2639 1274 2703 perlato
1301 2640 1356 2685 de
1381 2641 1474 2703 ejus
1501 2640 1562 2685 le-

155 2719 294 2764 nitate
322 2718 672 2781 clementiaque,
697 2721 1019 2783 propemodum
1057 2739 1210 2768 omnes
1236 2723 1364 2786 regni
1389 2723 1557 2785 equites
