1972 3356
598 224 666 259 DE
695 224 859 259 BELLO
889 224 1217 260 HISPANIENSI.
1532 234 1579 270 29
1590 236 1602 257 1

208 325 253 353 se
280 311 560 354 committere
585 309 820 354 audebant.
848 310 1003 366 Quum
1028 309 1167 352 nostri
1193 308 1236 352 in
1264 324 1399 369 opere
1434 317 1607 363 essent,

205 390 405 450 equitum
431 391 569 452 copiae
596 406 839 434 concursus
881 389 1022 433 facere
1064 397 1292 450 coeperunt
1337 406 1346 432 :
1387 388 1607 450 simulque

205 470 549 515 vociferantibus
598 470 876 532 legionariis,
922 486 1059 529 quum
1096 467 1241 513 locum
1290 469 1606 531 efflagitarent,

206 561 254 595 ut
280 553 480 596 consueti
509 552 680 612 insequi
711 551 961 594 existimare
991 559 1192 610 possent,
1231 567 1275 593 se
1305 551 1606 611 paratissimos

205 649 298 678 esse
339 632 393 676 ad
438 631 770 687 dimicandum,
800 631 938 674 nostri
977 647 1026 674 ex
1065 629 1224 674 humili
1264 630 1463 675 convalle
1493 632 1606 676 bene

205 712 336 775 longe
356 723 458 758 sunt
479 714 668 774 egressi,
692 722 735 756 et
776 711 960 773 planitie
1002 711 1222 772 iniquiore
1262 710 1361 756 loco
1397 714 1606 757 constite-

205 803 322 838 runt.
340 793 410 839 Illi
430 804 576 837 tamen
587 791 886 854 proculdubio
901 792 955 836 ad
972 791 1349 852 congrediendum
1367 792 1410 836 in
1432 809 1604 853 aequum

204 873 352 918 locum
371 891 458 918 non
477 883 578 917 sunt
603 875 696 918 ausi
725 872 1008 931 descendere,
1025 882 1186 934 praeter
1205 889 1343 918 unum
1364 874 1606 918 Antistium

205 955 504 1017 Turpionem;
534 956 637 1015 qui,
666 955 806 1000 fidens
834 956 1023 1010 viribus,
1054 971 1103 999 ex
1132 954 1395 999 adversariis
1422 955 1502 998 sibi
1531 971 1608 1016 pa-

206 1052 299 1080 rem
325 1052 417 1080 esse
434 1037 655 1081 neminem
685 1038 853 1098 agitare
876 1037 1022 1098 coepit.
1046 1037 1152 1090 Hic,
1182 1045 1232 1080 ut
1259 1035 1400 1080 fertur
1424 1034 1607 1080 Achillis

204 1118 548 1179 Memnonisque
575 1134 866 1180 congressus,
891 1118 948 1175 Q.
992 1118 1228 1179 Pompeius
1271 1118 1432 1178 Niger,
1473 1133 1606 1178 eques

204 1215 416 1243 romanus
453 1198 716 1256 italicensis,
746 1216 799 1243 ex
826 1200 918 1243 acie
947 1209 1098 1243 nostra
1134 1199 1188 1242 ad
1230 1198 1607 1260 congrediendum

204 1297 465 1343 progressus
490 1290 566 1325 est.
594 1282 821 1339 Quoniam
841 1280 1047 1325 ferocitas
1070 1280 1249 1326 Antistii
1271 1280 1472 1324 omnium
1491 1296 1608 1323 men-

203 1371 265 1406 tes
289 1371 565 1407 converterat
591 1362 646 1406 ab
670 1379 805 1424 opere
830 1361 886 1406 ad
912 1361 1200 1424 spectandum
1217 1396 1228 1418 ,
1254 1362 1368 1406 acies
1394 1370 1498 1405 sunt
1527 1360 1609 1405 dis-

203 1444 354 1504 positae
381 1461 390 1487 ε
423 1460 526 1487 nam
557 1444 672 1487 inter
700 1442 934 1488 bellatores
971 1443 1195 1505 principes
1230 1441 1364 1486 dubia
1397 1452 1490 1486 erat
1524 1459 1608 1503 po-

201 1526 284 1569 sita
310 1526 517 1582 victoria,
545 1536 594 1570 ut
621 1543 759 1587 prope
783 1525 1007 1570 videretur
1035 1525 1168 1569 finem
1196 1523 1389 1568 bellandi
1417 1523 1607 1568 duorum

206 1605 412 1651 dirimere
440 1624 605 1669 pugna.
654 1609 722 1651 Ita
763 1606 877 1651 avidi
921 1606 1159 1668 cupidique
1198 1622 1377 1650 suarum
1423 1606 1608 1666 quisque

203 1688 422 1749 partium,
438 1698 724 1749 expertorum
747 1690 943 1732 virorum
968 1687 1280 1748 fautorumque
1303 1685 1508 1730 voluntas
1530 1686 1607 1730 ha-

199 1768 399 1813 bebatur.
428 1770 632 1826 Quorum
662 1769 822 1812 virtute
852 1767 984 1811 alacri
1000 1784 1137 1828 quum
1153 1767 1207 1810 ad
1222 1767 1526 1810 dimicandum
1564 1768 1607 1810 in

204 1848 433 1911 planitiem
475 1867 519 1894 se
551 1848 863 1906 contulissent,
897 1859 1212 1909 scutorumque
1245 1847 1387 1892 laudis
1425 1849 1608 1910 insignis

203 1929 469 1993 praefulgens
498 1948 609 1993 opus
637 1930 859 1988 caelatum,
901 1947 1091 1992 quorum
1130 1946 1279 1991 pugna
1318 1939 1431 1974 esset
1467 1947 1608 1991 prope

202 2012 400 2074 profecto
426 2012 669 2074 dirempta,
697 2014 777 2056 nisi
805 2022 984 2074 propter
1012 2011 1211 2072 equitum
1239 2028 1520 2068 concessum,
1561 2021 1609 2054 ut

205 2110 340 2155 supra
383 2093 809 2151 demonstravimus,
843 2093 950 2138 levis
988 2103 1213 2137 armatura
1252 2093 1441 2155 praesidii
1479 2109 1610 2137 causa

205 2192 295 2219 non
322 2174 452 2237 longe
476 2176 529 2219 ab
573 2192 705 2237 opere
739 2185 983 2219 castrorum
1022 2176 1303 2219 constitisset.
1342 2176 1404 2219 Ut
1436 2184 1608 2218 nostros

204 2257 371 2317 equites
395 2258 440 2301 in
476 2267 677 2319 receptu,
717 2257 824 2301 dum
859 2256 914 2301 ad
949 2267 1091 2301 castra
1123 2256 1333 2310 redeunt,
1369 2255 1607 2299 adversarii

205 2338 409 2399 cupidius
437 2348 542 2383 sunt
575 2339 786 2394 insecuti,
814 2339 1033 2394 universi,
1063 2337 1255 2382 clamore
1289 2337 1406 2382 facto
1426 2372 1437 2393 ,
1466 2337 1608 2397 impe-

208 2430 303 2464 tum
323 2419 553 2465 dederunt.
580 2423 648 2465 Ita
669 2430 791 2465 metu
818 2421 1060 2483 perterriti,
1089 2437 1227 2481 quum
1245 2420 1291 2464 in
1313 2420 1414 2481 fuga
1441 2428 1607 2475 essent,

210 2500 362 2546 multis
386 2503 580 2559 amissis,
607 2503 652 2546 in
677 2511 820 2547 castra
847 2519 891 2547 se
918 2503 1153 2564 recipiunt.

273 2585 441 2628 XXVI.
472 2585 618 2628 Caesar
642 2583 700 2628 ob
727 2585 938 2628 virtutem
979 2594 1134 2628 turmae
1171 2583 1391 2629 Cassianae
1426 2581 1608 2625 donavit

211 2663 346 2708 millia
373 2681 485 2720 x111,
511 2674 553 2709 et
581 2664 785 2727 proefecto
810 2674 988 2727 torques
1015 2681 1172 2710 aureos
1200 2680 1254 2719 v,
1284 2673 1328 2707 et
1354 2662 1437 2707 levi
1466 2678 1608 2706 arma·

1347 2760 1414 2804 19.
