1972 3356
517 439 589 507 C.
625 440 876 508 JULII
915 440 1329 510 CAESARIS

316 666 1534 762 COMMENTARIORUM

549 909 647 963 DE
686 910 928 967 BELLO
963 912 1286 968 GALLICO

674 1124 851 1167 LIBER
884 1121 1171 1179 QUINTUS.

236 1540 267 1582 Ι.
298 1499 474 1583 Lumo
509 1536 728 1591 Domitio,
758 1537 905 1598 Appio
934 1535 1123 1581 Claudio
1158 1554 1296 1595 coss.‚
1327 1537 1554 1583 discedens
1585 1539 1637 1583 ab

236 1617 430 1662 hibernis
450 1619 596 1662 Caesar
619 1618 663 1661 in
688 1616 881 1674 Italiam,
903 1627 952 1661 ut
967 1620 1206 1679 quotannis
1223 1619 1367 1664 facere
1385 1632 1638 1679 consuerat,

236 1698 389 1761 legatis
422 1700 629 1760 imperat,
653 1715 763 1759 quos
800 1697 1047 1760 legionibus
1079 1700 1355 1761 praefecerat,
1389 1702 1473 1758 uti,
1505 1718 1636 1763 quam

238 1779 454 1841 plurimas
495 1789 693 1841 possent,
732 1780 877 1824 hieme
916 1797 1049 1825 naves
1078 1781 1353 1827 aedificandas
1383 1792 1640 1845 veteresque

239 1860 498 1905 reficiendas
519 1871 742 1904 curarent.
758 1863 923 1904 Earum
940 1861 1123 1906 modum
1140 1862 1418 1925 formamque
1441 1864 1641 1910 demons-

241 1952 340 1986 trat.
392 1941 464 1986 Ad
500 1939 768 1985 celeritatem
812 1941 1025 1985 onerandi
1066 1942 1473 2004 subductionesque
1510 1944 1642 2006 paulo

242 2022 346 2066 facit
374 2020 655 2076 humiliores,
687 2037 819 2080 quam
841 2021 1002 2081 quibus
1039 2023 1082 2067 in
1107 2033 1282 2068 nostros
1310 2026 1421 2068 mari
1449 2027 1514 2070 uti
1537 2043 1642 2070 con-

244 2103 490 2158 suevimus3
511 2111 643 2162 atque
665 2101 709 2144 id
730 2118 780 2145 eo
807 2103 966 2164 magis,
985 2103 1105 2164 quod
1125 2114 1306 2166 propter
1327 2106 1503 2149 crebras
1524 2123 1641 2151 com-

245 2184 509 2227 mutationes
541 2192 723 2226 aestuum
755 2183 901 2227 minus
935 2200 1119 2246 magnos
1158 2185 1216 2228 ihi
1249 2184 1410 2230 fluctus
1443 2186 1539 2231 fieri
1571 2205 1644 2233 co-

249 2273 460 2326 gnoverat
494 2280 502 2306 :
547 2262 601 2307 ad
630 2279 764 2307 onera
805 2273 847 2308 et
885 2263 939 2308 ad
978 2264 1310 2310 multitudinem
1333 2267 1643 2328 jumentorum

249 2342 633 2406 transportandam
659 2343 790 2405 paulo
820 2343 1017 2402 latiores,
1043 2363 1173 2407 quam
1197 2347 1359 2407 quibus
1387 2350 1432 2392 in
1464 2348 1643 2409 reliquis

248 2426 416 2470 utimur
433 2424 641 2468 maribus.
659 2427 748 2469 Has
763 2442 914 2469 omnes
934 2427 1151 2470 actuarias
1170 2428 1358 2488 imperat
1373 2428 1469 2474 fieri
1484 2447 1492 2473 :
1511 2447 1594 2490 qua
1602 2447 1642 2473 m

250 2506 302 2550 ad
327 2523 416 2549 rem
442 2504 631 2549 multum
657 2504 883 2550 humilitas
911 2506 1104 2567 adjuvat.
1126 2510 1189 2552 Ea
1212 2525 1309 2568 quae
1333 2520 1436 2554 sunt
1461 2511 1558 2554 usui
1589 2510 1642 2556 ad

252 2585 480 2630 armandas
506 2602 659 2641 naves,
680 2602 732 2629 ex
751 2587 962 2647 Hispania
987 2590 1210 2648 apportari
1231 2589 1370 2649 jubet.
1399 2592 1517 2651 Ipse,
1543 2607 1645 2634 con-

254 2668 451 2711 ventibus
476 2664 630 2711 Galliae
653 2666 867 2711 citerioris
889 2669 1101 2728 peractiS,
1126 2670 1169 2712 in
1195 2669 1419 2730 Illyricum
1445 2670 1645 2732 proficis-

1410 2767 1449 2810 7·
