1972 3356
523 206 591 241 DE
621 206 779 241 BELLO
809 206 1029 241 GALLICO
1063 207 1155 241 Lm.
1179 206 1244 240 ΠΙ.
1534 202 1581 238 (55

195 287 356 334 auxilia
384 306 432 334 ex
457 289 707 346 Britannia,
733 306 828 350 quae
847 299 1085 334 contraeas
1104 290 1304 352 regiones
1328 289 1468 350 posita
1493 298 1555 332 est
1572 322 1583 342 ,

193 381 429 416 arcessunt.

256 453 312 495 X.
348 454 486 496 Erant
520 452 585 495 hae
629 451 908 496 difficultates
943 451 1045 496 belli
1077 451 1281 514 gerendi,
1314 468 1420 512 quas
1451 467 1584 512 supra

193 531 492 587 ostendimus3
515 532 590 576 sed
614 531 752 575 multa
775 536 992 577 Caesarem
1016 543 1164 576 tamen
1187 532 1242 576 ad
1264 532 1309 576 id
1331 532 1494 577 bellum
1519 533 1583 575 inu

192 613 385 655 citabant
411 629 420 655 :
445 612 615 673 injuriae
645 621 919 656 retentorum
947 613 1146 673 equitum
1174 629 1490 668 roman0rum3
1515 630 1582 655 re-

192 692 323 736 bellio
353 691 466 736 facta
498 703 598 754 post
625 692 921 749 deditionem3
957 693 1144 737 defectio
1173 692 1286 737 datis
1327 692 1580 746 obsidibus-3

192 781 253 815 tot
287 773 516 816 civitatum
548 774 819 834 conjuratio3
854 774 899 817 in
927 774 1102 835 primis,
1131 790 1208 830 ne,
1238 774 1321 817 hac
1347 782 1472 834 parte
1508 790 1582 816 ne-

189 852 350 913 glecta,
376 853 556 914 reliquae
589 855 787 898 nationes
817 854 933 898 idem
970 854 1051 898 sibi
1080 854 1210 899 licere
1241 854 1577 898 arbitrarentur.

190 936 363 994 Itaque,
387 952 524 995 quum
547 934 811 997 intelligeret
835 952 987 979 omnes
1013 935 1103 980 fere
1126 935 1277 981 Gallos
1303 936 1426 979 novis
1449 934 1580 978 rebus

188 1014 384 1072 studere,
421 1026 463 1060 et
499 1017 554 1061 ad
589 1015 755 1060 bellum
792 1016 1014 1060 mobiliter
1050 1016 1340 1076 celeriterque
1377 1016 1578 1071 excitari,

189 1113 340 1141 omnes
369 1108 516 1142 autem
546 1099 745 1141 homines
767 1108 931 1141 ‘natura
958 1097 1151 1142 libertati
1178 1097 1376 1153 studere,
1401 1106 1442 1140 et
1473 1113 1579 1140 con-

187 1177 398 1225 ditionem
432 1180 654 1223 servitutis
690 1178 850 1235 odisse,
884 1180 1008 1240 prius
1038 1196 1169 1239 quam
1198 1177 1346 1239 plures
1379 1178 1577 1221 civitates

188 1261 516 1322 conspirarent,
548 1259 830 1321 partiendum
861 1260 942 1303 sibi
975 1277 1024 1303 ac
1056 1259 1186 1303 latius
1222 1259 1570 1303 distribuendum

187 1342 427 1386 exercitum
457 1343 642 1403 putavit.

226 1418 329 1467 XI.
366 1425 521 1484 Itaque
557 1425 605 1467 T.
644 1424 890 1467 Labienum
927 1422 1121 1484 legatum
1158 1422 1201 1464 in
1234 1422 1462 1476 Treviros,
1500 1422 1574 1481 qui

185 1503 373 1565 proximi
396 1504 554 1548 Rheno
581 1504 753 1548 flumini
779 1514 898 1560 sunt,
928 1521 1028 1547 cum
1055 1504 1252 1563 equitatu
1280 1502 1429 1546 mittit.
1460 1502 1575 1545 Huic

185 1585 385 1643 mandat,
409 1588 572 1630 Remos
591 1584 874 1647 reliquosque
898 1585 1053 1647 Belgas
1073 1584 1219 1641 adeat,
1247 1593 1378 1644 atque
1405 1584 1449 1626 in
1476 1581 1572 1625 offi-

182 1667 250 1711 cio
273 1667 498 1711 contineat
513 1702 524 1723 ,
543 1668 902 1728 Germanosque,
924 1667 1000 1727 qui
1025 1663 1188 1710 auxilio
1215 1681 1239 1708 a
1262 1663 1406 1726 Belgis
1433 1680 1571 1707 arces-

182 1748 251 1791 siti
281 1747 559 1805 dicebantur,
589 1750 623 1792 si
651 1765 729 1810 per
755 1749 843 1792 vim
871 1748 1057 1791 navibus
1088 1746 1251 1790 flumen
1279 1746 1466 1790 transire
1499 1762 1572 1789 co-

182 1838 362 1886 nentur,
386 1830 630 1890 prohibeat.
660 1832 707 1873 P.
734 1831 941 1874 Crassum
968 1845 1070 1871 cum
1092 1827 1349 1871 cohortibus
1377 1825 1572 1887 legiona-

181 1911 254 1954 riis
280 1910 540 1966 duodecim,
570 1920 611 1954 et
640 1926 800 1971 magno
833 1925 1020 1952 numero
1043 1910 1284 1969 equitatus,
1313 1909 1357 1951 in
1386 1909 1571 1968 Aquita-

181 1992 298 2033 niam
318 1990 532 2051 proficisci
548 1991 692 2051 jubet,
716 2008 770 2034 ne
792 2007 844 2033 ex
862 1990 929 2034 his
953 1990 1205 2034 nationibus
1227 1988 1389 2033 auxilia
1408 1989 1451 2032 in
1470 1988 1572 2033 Gal-

181 2070 281 2114 liam
310 2072 563 2128 mittantur,
588 2088 639 2114 ac
665 2080 798 2114 tantae
821 2072 1022 2114 nationes
1046 2070 1390 2131 conjungantur.
1412 2070 1468 2126 Q.
1494 2070 1568 2112 Ti-

180 2152 346 2195 turium
369 2152 580 2197 Sabinum
608 2151 800 2214 legatum
819 2168 919 2196 cum
943 2150 1190 2213 legionibus
1209 2149 1348 2194 tribus
1372 2150 1417 2192 in
1437 2147 1570 2194 Unel-

179 2232 265 2288 los,
290 2232 603 2291 Curiosolitas,
634 2233 937 2293 Lexoviosque
966 2232 1122 2288 mittit,
1152 2232 1227 2291 qui
1255 2246 1349 2275 eam
1388 2242 1569 2273 manuni

179 2313 474 2359 distinendam
503 2325 640 2359 curet.
670 2317 724 2359 D.
750 2317 937 2358 Brutum
967 2313 1290 2357 adolescentem
1318 2312 1443 2356 classi
1462 2311 1570 2356 Gal-

178 2394 359 2457 licisque
389 2396 597 2452 navibus,
632 2413 739 2456 quas
767 2413 818 2439 ex
845 2396 1103 2440 Pictonibus
1131 2405 1174 2438 et
1201 2395 1433 2450 Santonis,
1468 2392 1569 2437 reli-

176 2479 359 2538 quisque
383 2478 547 2538 pacatis
576 2477 828 2538 regionibus
860 2477 1097 2521 convenire
1122 2476 1332 2537 jusserat,
1358 2474 1567 2536 praeficit,

173 2569 239 2611 ct,
278 2575 413 2619 quum
454 2559 647 2619 primum
683 2559 845 2618 possit,
876 2558 921 2601 in
953 2560 1146 2601 Venetos
1179 2555 1395 2617 proficisci
1429 2554 1565 2614 jubet.

173 2643 269 2700 Ipse
299 2657 350 2683 co
380 2639 654 2701 pedestribus
677 2639 814 2699 copiis
839 2637 1079 2683 contendit.

368 2740 393 2766 1.
1349 2730 1373 2760 '3
