1972 3356
533 224 598 258 DE
627 225 791 259 BELLO
823 222 1046 257 GALLICO
1078 221 1170 256 LIB.
1196 222 1223 255 Ι.
1529 218 1576 253 25

177 316 341 362 essent,
378 306 689 367 stipendiarios
721 324 811 351 esse
848 306 999 350 factos.
1025 307 1235 366 Magnam
1267 305 1484 348 Caesarem
1515 303 1579 346 in-

176 388 336 448 juriam
370 386 532 444 facere,
565 389 640 450 qui
663 405 742 432 suo
771 387 965 431 adventu
995 384 1228 447 vectigalia
1255 385 1335 428 sibi
1361 383 1579 428 deteriora

180 467 354 512 faceret.
378 468 528 512 AEduis
548 485 591 512 se
611 468 787 512 obsides
803 467 1083 511 redditurum
1101 483 1190 510 non
1209 482 1322 522 esse3
1337 482 1480 526 neque
1500 465 1579 520 eis,

181 565 322 608 neque
357 564 512 591 eorum
545 548 673 591 sociis
709 548 872 608 injuria
901 545 1063 591 bellum
1099 544 1349 601 illaturum,
1381 547 1416 590 si
1447 547 1493 589 in
1530 563 1582 589 eo

181 638 430 684 manerent,
459 627 579 688 quod
611 628 915 683 convenisset,
953 625 1312 688 stipendiumque
1345 628 1582 686 quotannis

181 708 448 770 penderent:
468 709 502 752 si
525 708 568 752 id
588 726 677 752 non
700 708 927 765 fecissent,
943 706 1075 769 longe
1089 708 1140 752 iis
1156 708 1402 752 fraternum
1420 724 1582 751 nomen

182 788 334 850 populi
356 789 529 833 romani
551 789 823 834 abfuturum.
848 787 984 847 Quod
1003 787 1086 832 sibi
1109 790 1255 833 Caesar
1275 787 1584 843 denunciaret,

179 888 224 916 se
246 870 492 915 AEduorum
519 870 701 931 injurias
725 887 817 914 non
839 868 1169 932 neglecturum3
1194 870 1415 914 neminem
1437 887 1586 914 secum

181 953 273 996 sine
295 968 373 995 sua
399 951 594 1013 pernicie
618 949 910 996 contendisse.
940 951 1094 1008 Quum
1119 949 1272 1007 vellet,
1298 950 1588 1012 congredere-

182 1044 274 1087 tur3
315 1032 670 1089 intellecturum,
706 1032 813 1093 quid
845 1033 999 1077 invicti
1035 1032 1277 1090 Germani,
1311 1032 1586 1076 exercitatis-

182 1115 281 1159 simi
306 1116 350 1158 in
371 1116 525 1172 armis,
545 1115 620 1176 qui
647 1115 762 1158 iuter
784 1130 922 1158 annos
938 1131 1018 1159 XIV
1043 1124 1210 1159 tectum
1235 1131 1324 1158 non
1349 1113 1587 1166 subissent,

182 1196 346 1241 virtute
371 1207 563 1258 possent.
592 1216 612 1238 »

247 1280 480 1323 XXXVII.
507 1281 610 1322 Haec
639 1279 794 1323 eodem
821 1290 1020 1340 tempore
1048 1281 1211 1324 Caesari
1238 1278 1445 1323 mandata
1478 1278 1591 1321 refe-

184 1359 424 1415 rebantur,
454 1369 498 1403 et
530 1359 662 1421 legati
692 1360 745 1403 ab
772 1360 925 1404 AEduis
961 1369 1003 1404 et
1034 1377 1058 1403 a
1087 1360 1280 1403 Treviris
1310 1360 1549 1403 veniebant
1580 1376 1589 1398 :

185 1440 314 1484 AEdui
350 1450 578 1501 questum,
611 1440 733 1501 quod
765 1439 987 1497 Harudes,
1023 1441 1098 1501 qui
1143 1457 1293 1501 nuper.
1321 1441 1365 1483 in
1399 1438 1592 1484 Galliam

187 1522 474 1583 transportati
511 1531 677 1578 essent,
712 1521 821 1566 fines
852 1539 1006 1566 eorum
1039 1521 1385 1584 popularentur3
1422 1538 1513 1565 sese
1538 1538 1593 1564 ne

185 1603 413 1647 obsidibus
452 1603 631 1665 quidem
668 1603 780 1647 datis
817 1620 971 1665 pacem
1008 1604 1219 1648 Ariovisti
1255 1603 1473 1647 redimere
1512 1619 1593 1664 po-

187 1685 320 1730 tuisse
351 1702 360 1729 :
399 1686 572 1730 Treviri
600 1695 770 1742 autem,
802 1702 938 1747 pagos
967 1696 1148 1729 centum
1182 1687 1431 1730 Suevorum
1457 1684 1511 1728 ad
1535 1685 1594 1728 ri·
1648 1722 1649 1725 ,

188 1782 290 1826 pam
314 1767 462 1811 Rheni
487 1766 756 1824 consedisse,
779 1767 855 1827 qui
872 1767 1080 1812 Rhenum
1096 1768 1285 1811 transire
1301 1777 1594 1819 conarentur;

188 1848 240 1892 iis
264 1865 450 1909 praeesse
474 1850 673 1894 Nasuam
698 1858 742 1893 et
765 1848 1044 1893 Cimberium
1068 1848 1238 1893 fratres.
1266 1849 1441 1906 Quibus
1462 1848 1595 1892 rebus

189 1932 337 1974 Caesar
362 1930 650 1974 vehementer
678 1939 950 1987 commotus,
976 1929 1295 1973 maturandum
1327 1930 1410 1974 sibi
1446 1930 1596 1973 existi-

190 2011 345 2067 mavit,
372 2028 450 2066 ne,
480 2011 514 2054 si
545 2028 659 2055 nova
686 2027 844 2055 manus
865 2012 1114 2055 Suevorum
1143 2027 1244 2055 cum
1268 2012 1493 2055 veteribus
1522 2028 1597 2054 co-

191 2092 275 2152 piis
296 2093 507 2136 Ariovisti
532 2109 624 2137 sese
648 2092 974 2154 conjunxisset,
1000 2092 1145 2136 minus
1172 2091 1299 2136 facile
1325 2092 1470 2136 resisti
1494 2109 1596 2153 pos-

192 2183 269 2216 set.
310 2175 485 2234 Itaque,
526 2191 573 2217 re
612 2173 929 2231 frumentaria,
974 2190 1108 2235 quam
1157 2172 1388 2219 celerrime
1431 2177 1598 2236 potuit,

193 2265 473 2315 comparata,
502 2256 674 2318 magnis
702 2256 937 2300 itineribus
964 2255 1019 2300 ad
1046 2255 1323 2300 Ariovistum
1352 2256 1596 2302 contendit.

259 2337 514 2381 XXXVIII.
553 2339 708 2396 Quum
740 2336 878 2381 tridui
915 2338 1031 2382 viam
1070 2338 1380 2399 processisset,
1417 2340 1599 2383 nuncia-

194 2428 289 2462 tum
320 2428 386 2462 est
415 2419 475 2475 ei,
503 2419 778 2463 Ariovistum
809 2436 911 2464 cum
937 2419 1025 2463 suis
1048 2419 1254 2464 omnibus
1279 2420 1418 2481 copiis
1445 2421 1501 2464 ad
1523 2438 1598 2465 oc-

195 2499 453 2561 cupandum
476 2502 824 2559 Vesontionem,
855 2501 976 2563 quod
1006 2512 1073 2546 est
1107 2501 1323 2564 oppidum
1355 2504 1598 2548 maximum

196 2583 530 2643 Sequanorum,
560 2583 847 2638 contendere,
872 2584 1099 2645 triduique
1123 2586 1240 2628 viam
1269 2602 1292 2629 a
1321 2585 1409 2629 suis
1437 2584 1600 2631 finibus

198 2665 474 2723 processisse.
511 2665 563 2709 Id
595 2683 648 2709 uc
687 2666 924 2724 accideret,
958 2684 1116 2728 magno
1153 2684 1285 2727 opcre
1322 2666 1402 2711 sibi
1436 2684 1600 2729 praeca-
