1972 3356
337 224 408 268 148
542 225 580 259 C.
613 224 739 258 JULII
770 224 986 258 CAESARIS
1017 224 1504 260 COMMENTARIORUM

331 309 518 369 pissimis
552 307 718 350 habent,
751 308 882 350 rebus
914 324 923 350 ε
952 307 1078 367 cujus
1114 308 1176 350 rei
1207 306 1328 350 nulla
1366 317 1431 350 est
1460 307 1723 363 occultatio,

331 388 448 449 quod
477 398 519 431 et
539 388 789 448 promiscue
808 389 852 431 in
878 387 1134 431 fluminibus
1156 387 1444 448 perluuntur,
1468 398 1510 431 et
1535 388 1721 449 pellibus

329 478 406 511 aut
431 469 576 528 parvis
602 467 852 514 rhenonum
878 468 1126 528 tegimentis
1151 477 1364 524 utuntur,
1387 485 1545 529 magna
1567 485 1724 529 corpo-

329 549 386 591 ris
408 557 532 608 parte
554 547 685 592 nuda.

390 628 535 672 XXII.
569 627 861 690 Agriculturae
893 647 983 673 non
1016 629 1214 685 studen13
1246 631 1474 690 majorque
1507 646 1605 690 pars
1633 630 1725 672 vic-

328 719 398 753 tus
431 725 584 753 eorum
609 711 653 752 in
681 709 813 765 lacte,
847 727 991 766 caseo,
1019 728 1149 754 carne
1173 711 1375 754 consistit
1404 728 1412 754 :
1444 727 1586 770 neque
1611 710 1726 769 quis-

328 807 458 851 quam
485 792 582 852 agri
606 791 789 834 modum
813 801 983 834 certum
1006 801 1083 834 aut
1109 791 1215 835 fines
1238 791 1369 835 habet
1399 791 1623 852 proprios,
1649 789 1724 833 sed

327 872 609 932 magistratus
638 888 687 915 ac
711 872 934 932 principes
966 872 1010 914 in
1039 889 1176 915 annos
1200 871 1395 933 singulos
1419 871 1624 932 gentibus
1654 887 1724 912 co-

326 952 696 1012 gnationibusque
711 953 963 1008 hominum,
979 954 1054 1012 qui
1079 969 1164 995 una
1189 954 1409 1007 coierunt,
1427 962 1664 1013 quantum,
1681 961 1724 994 et

325 1049 414 1093 quo
446 1032 544 1077 loco
573 1034 717 1077 visum
746 1042 834 1088 est,
867 1034 960 1094 agri
993 1033 1270 1089 attribuunt,
1311 1042 1442 1092 atque
1479 1049 1596 1076 anno
1624 1043 1724 1093 post

325 1112 411 1157 alio
429 1114 615 1157 transire
639 1123 817 1174 cogunt.
836 1114 942 1174 Ejus
958 1114 1019 1157 rei
1041 1112 1204 1157 multas
1229 1113 1421 1157 afferunt
1439 1129 1592 1157 causas
1611 1131 1619 1156 ε
1643 1130 1717 1168 ne,

324 1193 498 1237 assidua
521 1193 846 1237 consuetudine
880 1195 1018 1254 capti,
1049 1193 1243 1238 studium
1270 1193 1373 1238 belli
1401 1193 1586 1256 gerundi
1608 1195 1723 1256 agri-

324 1273 498 1319 cultura
523 1284 822 1330 commutent,
851 1291 906 1318 ne
935 1273 1045 1319 latos
1068 1274 1176 1319 fines
1204 1292 1360 1336 parare
1382 1275 1610 1332 studeant,
1642 1292 1722 1336 po-

326 1357 623 1417 tentioresque
638 1355 896 1400 humiliores
912 1357 1258 1417 possessionibus
1274 1357 1515 1418 expellant,
1531 1374 1585 1400 ne
1601 1373 1722 1400 accu-

324 1437 482 1494 ratius,
505 1437 559 1480 ad
577 1436 742 1498 frigora
766 1447 898 1498 atque
920 1447 1048 1481 aestus
1063 1438 1289 1493 vitandos,
1313 1438 1547 1493 aedificent3
1564 1454 1618 1481 ne
1635 1454 1721 1497 qua

324 1518 494 1561 oriatur
519 1519 717 1578 pecuniae
740 1518 979 1578 cupiditas,
1004 1536 1089 1579 qua
1114 1536 1166 1562 ex
1189 1536 1235 1562 re
1261 1519 1470 1563 factiones
1493 1517 1720 1561 dissensio-

321 1615 486 1658 nesque
510 1609 774 1655 nascuntur;
792 1608 842 1642 ut
863 1600 999 1643 animi
1020 1600 1225 1660 aequitate
1247 1598 1421 1660 plebem
1442 1599 1719 1653 contineant,

320 1695 458 1739 quum
473 1696 572 1723 suas
591 1680 777 1740 quisque
792 1696 895 1740 opes
919 1697 1018 1724 cum
1041 1681 1358 1741 potentissimis
1376 1680 1538 1740 aequari
1557 1679 1717 1722 videat.

384 1762 552 1804 XXIII.
588 1761 856 1804 Civitatibus
880 1762 1073 1805 maxima
1099 1761 1193 1805 laus
1217 1771 1301 1817 est,
1325 1778 1457 1821 quam
1485 1759 1718 1803 latissimas

319 1841 484 1884 circum
513 1858 557 1885 se
589 1842 767 1885 vastatis
799 1841 961 1885 finibus
991 1841 1253 1886 solitudines
1282 1842 1458 1885 habere.
1496 1843 1591 1884 Hoc
1620 1857 1721 1901 pro-

318 1922 465 1982 prium
502 1923 677 1966 virtutis
706 1923 980 1978 existimant,
1017 1922 1219 1984 expulsos
1252 1923 1370 1984 agris
1405 1921 1616 1965 finitimos
1647 1938 1718 1966 ce-

318 2001 440 2057 dere,
467 2020 609 2063 neque
638 2021 906 2065 quemquam
937 2022 1073 2066 prope
1097 2004 1259 2048 audere
1285 2005 1524 2048 consistere
1553 2021 1562 2046 ε
1590 2002 1719 2047 simul

317 2084 401 2127 hoc
428 2101 472 2128 se
508 2084 601 2128 fore
638 2087 822 2130 tutiores
852 2087 1149 2140 arbitrantur,
1180 2086 1424 2146 repentinae
1453 2084 1718 2128 incursionis

318 2165 476 2209 timore
503 2165 690 2210 sublato.
720 2166 1066 2225 Quumbellum
1090 2167 1244 2210 civitas
1272 2176 1348 2210 aut
1373 2165 1543 2209 illatum
1569 2164 1718 2208 defen·

316 2246 400 2303 dit,
425 2257 502 2291 aut
525 2247 677 2304 infert,
697 2249 1000 2309 magistratus,
1021 2249 1095 2308 qui
1123 2248 1161 2291 ei
1185 2246 1301 2291 bello
1323 2248 1521 2308 praesint,
1548 2255 1595 2289 ut
1621 2245 1717 2287 vitae

316 2328 524 2387 necisque
548 2328 739 2371 habeant
759 2337 1043 2389 potestatem,
1068 2328 1339 2389 deliguntur.
1365 2330 1416 2370 In
1440 2343 1548 2387 pace
1571 2323 1717 2368 nullus

315 2409 563 2452 communis
579 2418 643 2452 est
667 2410 970 2470 magistratUS,
993 2409 1068 2452 sed
1089 2409 1311 2469 principes
1332 2408 1561 2468 regionum
1586 2414 1716 2464 atque

316 2504 533 2549 pagorum
572 2490 688 2533 inter
726 2507 827 2534 suos
859 2490 931 2550 jus
966 2489 1147 2545 dicunt,
1188 2487 1598 2545 controversiasque
1632 2486 1716 2527 mi-

316 2580 472 2613 nuunt.
508 2572 765 2614 Latrocinia
796 2570 965 2614 nullam
992 2571 1157 2614 habent
1184 2569 1430 2624 infamiam,
1464 2583 1559 2626 quae
1593 2574 1715 2609 extra

316 2647 422 2691 fines
453 2651 666 2711 cujusque
697 2652 888 2695 civitatis
918 2651 1050 2705 fiunt;
1083 2661 1213 2710 atque
1242 2665 1291 2692 ea
1315 2648 1563 2709 juventutis
1589 2663 1714 2690 exer-
