1972 3356
400 263 475 301 2¹4
639 259 678 293 C.
704 257 835 292 JULII
866 256 1093 292 CAESARIS
1124 255 1393 291 COMMENT.
1424 257 1573 291 LIBER

398 357 683 394 concurrere,
713 349 752 383 et
780 339 975 401 legiones
1000 339 1197 383 tironum
1223 339 1486 394 conve-nire,
1515 340 1557 382 in
1583 338 1650 383 his
1679 350 1799 385 vete-

401 438 508 466 rana
530 420 645 482 legio
673 437 727 477 v,
752 421 950 481 equitum
981 419 1035 464 ad
1064 419 1153 464 duo
1183 418 1334 464 millia.

463 504 526 546 ΙΙ.
550 502 821 564 Legionibus
844 500 1039 546 collectis
1062 518 1133 560 vi,
1159 511 1201 546 et
1225 503 1424 563 equitum
1449 518 1480 546 11
1510 501 1729 557 millibus,
1754 513 1802 547 ut

399 599 585 644 quaeque
605 584 747 645 prima
770 582 883 645 legio
911 593 1110 639 venerat,
1141 583 1185 626 iu
1213 599 1346 627 naves
1373 581 1527 644 longas
1553 583 1802 644 imponeba-

399 674 494 721 tur,
521 658 690 726 equites
712 674 859 709 autem
885 666 930 709 in
954 665 1194 709 onerarias.
1220 667 1288 709 Ita
1308 666 1521 726 majorem
1541 674 1712 726 partem
1725 681 1801 708 na-

398 747 520 790 vium
549 736 809 792 antecedere
835 748 986 809 jussit,
1020 756 1062 791 et
1099 745 1287 791 insulam
1315 757 1464 808 petere
1494 747 1799 808 Aponianam,

399 846 496 889 quae
521 846 609 873 non
643 828 771 891 longe
805 829 929 873 abest
969 845 993 872 a
1036 828 1245 890 Lilybaeo.
1283 831 1380 889 Ipse
1412 845 1571 890 parum
1606 844 1802 872 commo-

399 920 540 967 ratus,
589 911 707 954 bona
732 927 975 971 paucorum
1002 909 1152 953 vendit
1183 908 1361 970 publice
1393 927 1402 952 :
1438 909 1597 953 deinde
1626 908 1801 954 Allieno

400 993 600 1052 praetori,
624 993 700 1052 qui
726 991 920 1036 Siciliam
943 991 1198 1047 obtinebat,
1225 990 1279 1034 de
1305 992 1511 1035 omnibus
1536 991 1667 1035 rebus
1694 1008 1804 1052 prae-

401 1074 526 1135 cipit,
555 1084 598 1117 et
628 1073 681 1117 de
709 1071 880 1133 reliquo
900 1073 1095 1116 exercitu
1126 1071 1327 1116 celeriter
1358 1072 1641 1134 imponendo.
1678 1073 1803 1117 Datis

399 1154 641 1211 mandatis,
666 1155 757 1214 ipse
786 1170 944 1197 navem
967 1152 1224 1197 conscendit
1246 1170 1283 1197 a.
1309 1152 1350 1195 d.
1373 1169 1417 1196 v1
1449 1151 1529 1196 cal.
1561 1153 1651 1213 jan.
1677 1162 1720 1196 et
1744 1170 1805 1197 re-

399 1234 540 1295 liquas
565 1251 698 1278 naves
724 1235 872 1278 statim
897 1244 961 1278 est
981 1243 1259 1278 consecutus.
1283 1235 1349 1276 Ita
1376 1243 1507 1277 vento
1532 1243 1673 1290 certo,
1698 1232 1804 1278 cele-

400 1318 526 1377 rique
569 1317 747 1377 navigio
786 1325 957 1371 vectus,
991 1325 1090 1377 post
1126 1315 1243 1358 diem
1276 1324 1478 1376 quartam
1526 1331 1628 1358 cum
1663 1314 1804 1377 longis

399 1399 550 1459 paucis
587 1397 774 1442 navibus
812 1399 857 1441 in
900 1406 1187 1459 conspectum
1234 1396 1389 1441 Africae
1424 1396 1545 1439 venit
1573 1412 1801 1457 :namque

401 1481 614 1524 onerariae
639 1478 842 1540 reliquae,
875 1488 1035 1540 praeter
1058 1495 1238 1539 paucas,
1273 1488 1402 1522 vento
1436 1477 1642 1539 dispersae
1670 1487 1803 1539 atque

405 1559 688 1617 errabundae,
716 1559 888 1604 diversa
916 1559 1012 1603 loca
1035 1560 1272 1620 petierunt.
1295 1558 1511 1620 Clupeam
1540 1557 1675 1603 classe
1702 1575 1806 1620 prae·

401 1641 668 1694 tervehitur‚
704 1640 864 1684 deinde
899 1639 1134 1701 Neapolim
1178 1657 1185 1682 :
1224 1638 1453 1701 complura
1487 1649 1699 1701 praeterea
1734 1656 1801 1684 ca—

403 1721 532 1766 stella
557 1732 599 1766 et
628 1722 792 1784 oppida
821 1739 908 1765 non
935 1721 1065 1782 longe
1091 1738 1113 1764 a
1141 1722 1251 1765 mari
1283 1720 1509 1781 relinquit.

463 1805 543 1847 ΙΙΙ.
570 1805 812 1863 Postquam
855 1802 1150 1846 Adrumetum
1191 1802 1373 1846 accessit
1410 1803 1511 1865 <Rubi
1553 1803 1806 1864 praesidium

399 1894 494 1928 erat
519 1883 896 1939 adversariorum,
917 1884 988 1927 cui
1008 1893 1195 1945 praeerat
1215 1885 1266 1928 C.
1292 1883 1584 1945 Considius),
1603 1894 1684 1929 eta
1702 1882 1809 1930 Clu-

399 1966 491 2027 peis
515 1965 756 2010 secundum
777 1981 900 2009 oram
927 1966 1195 2008 maritimam
1223 1981 1324 2009 cum
1351 1967 1549 2026 equitatu
1574 1966 1807 2011 Adrumeti

399 2049 482 2091 Cn.
503 2047 604 2091 Piso
633 2064 734 2091 cum
774 2048 1038 2090 Maurorum
1075 2047 1252 2090 circiter
1290 2047 1430 2090 tribus
1457 2045 1653 2091 millibus
1676 2064 1809 2110 appa-

399 2129 489 2172 ruit
531 2146 540 2172 :
577 2129 637 2172 ibi
673 2127 900 2190 paulisper
934 2131 1081 2172 Caesar
1110 2138 1212 2172 ante
1256 2138 1435 2190 portum
1481 2140 1808 2185 commoratus,

400 2211 506 2254 dum
530 2209 708 2271 reliquae
733 2226 865 2254 naves
891 2211 1203 2268 convenirent,
1230 2212 1412 2272 exponit
1440 2211 1706 2267 exercitum3
1733 2227 1809 2255 cu-

399 2293 467 2352 jus
500 2308 710 2335 numerus
740 2292 784 2334 in
813 2292 1050 2353 praesentia
1076 2291 1158 2335 fuit
1184 2291 1384 2353 peditum
1413 2308 1463 2336 111
1488 2290 1627 2335 millia
1644 2328 1655 2348 ,
1681 2293 1807 2353 equi-

404 2383 495 2417 tum
520 2389 602 2429 cL3
643 2373 883 2433 castrisque
920 2382 1023 2416 ante
1054 2372 1270 2434 oppidum
1308 2374 1480 2434 positis,
1516 2374 1609 2417 sine
1649 2373 1810 2434 injuria

401 2455 664 2515 cujusquam
689 2453 905 2509 consedit;
940 2453 1207 2514 cohibetque
1246 2470 1400 2497 omnes
1431 2471 1455 2498 a
1481 2454 1641 2516 praeda.
1667 2453 1809 2514 Oppi-

403 2535 507 2579 dani
532 2536 708 2579 interim
735 2551 886 2579 muros
912 2535 1090 2577 armatis
1117 2534 1341 2596 complent
1369 2553 1378 2578 ε
1402 2546 1504 2579 ante
1530 2544 1705 2595 portam
1728 2533 1812 2577 fre-

405 2626 588 2676 quentes
615 2616 855 2661 considunt
880 2614 934 2660 ad
966 2633 1010 2659 se
1036 2615 1362 2660 defendendum
1391 2634 1400 2660 ε
1432 2632 1624 2677 quorum
1651 2631 1810 2659 nume-

408 2713 480 2740 rus
511 2714 541 2741 ιι
565 2696 791 2759 legionum
821 2698 938 2742 intus
969 2707 1073 2740 erat.
1106 2700 1270 2754 Cacsar,
1299 2699 1466 2742 circum
1493 2695 1708 2757 oppidum
1736 2712 1807 2739 ve·
