1972 3356
346 267 413 291 11¹2
552 259 590 291 C.
625 260 753 295 JULII
781 262 998 298 CAESARIS
1030 264 1521 301 COMMENTARIORUM

341 342 482 394 torix,
508 342 753 395 Carvilius,
783 346 1130 407 Taximagulus,
1170 348 1392 408 Segouax,
1423 348 1604 392 nuntios
1634 349 1734 391 mit-

339 423 393 465 tit
409 457 420 477 ,
439 432 570 482 atque
591 423 659 467 his
685 424 896 485 imperat,
921 429 984 471 uti
1003 463 1013 481 ,
1039 428 1201 471 coactis
1223 428 1431 471 omnibus
1455 429 1594 489 copiis
1609 464 1620 482 ,
1643 445 1736 472 eas·

338 514 406 546 tra
431 503 603 548 navalia
626 504 679 548 de
701 506 946 568 improviso
970 508 1232 552 adoriantur
1253 519 1385 569 atque
1410 519 1684 570 oppugnent.
1702 511 1738 553 Ii

338 601 475 643 quum
500 585 555 629 ad
573 597 715 630 castra
739 589 992 644 venissent,
1016 590 1185 645 nostri,
1211 590 1447 650 eruptione
1471 589 1607 645 faeta,
1633 589 1742 633 mul-

341 665 393 708 tis
407 682 561 709 eorum
581 667 844 721 interfectis,
863 680 995 731 capto
1012 671 1145 714 etiam
1165 669 1302 714 nobili
1322 670 1434 714 (luce
1449 671 1740 732 Lugotorige,

339 762 439 790 suos
474 746 718 792 incolumes
748 749 1037 794 reduxerunt.
1065 750 1449 808 Cassivellaunus,
1479 752 1563 795 hoe
1587 751 1743 812 proelio

340 828 545 872 nuntiato
562 864 572 883 ,
623 838 688 873 tot
731 829 1008 874 detrimentis
1058 832 1248 892 acceptis
1265 868 1275 887 ,
1320 832 1502 875 vastatis
1552 832 1714 875 finibus
1732 866 1742 886 ‚

339 909 528 953 maxime
567 910 700 953 etiam
741 921 971 971 permotus
1009 911 1255 956 defectione
1292 913 1550 966 civitatum,
1576 911 1743 973 legatos

344 1006 420 1050 per
443 990 697 1034 Atrebatem
724 992 979 1036 Commium
1005 992 1058 1036 (le
1082 992 1309 1036 deditione
1335 992 1389 1036 ad
1406 995 1625 1038 Caesarem
1647 993 1745 1036 mit-

340 1071 405 1113 tit.
437 1072 597 1126 Caesar,
631 1088 769 1131 quum
797 1073 1021 1117 statuisset
1046 1073 1236 1117 hiemem
1264 1074 1307 1117 in
1336 1074 1584 1117 continenti
1611 1091 1745 1135 prop-

340 1161 407 1195 ter
432 1152 686 1211 repentinos
714 1151 871 1196 Galliae
896 1164 1043 1197 motus
1070 1170 1218 1214 agere,
1238 1171 1381 1214 neque
1407 1154 1597 1198 multum
1624 1164 1745 1198 festa-

340 1233 394 1276 tis
421 1244 690 1293 superesset,
721 1244 854 1295 atque
880 1234 923 1277 id
950 1234 1078 1279 facile
1104 1236 1274 1279 extrahi
1303 1252 1430 1296 posse
1456 1235 1744 1297 intelligeret,

340 1314 514 1358 obsides
546 1315 756 1375 imperat,
785 1325 854 1370 et,
880 1315 989 1376 quid
1027 1317 1072 1359 in
1111 1333 1251 1360 annos
1289 1315 1489 1377 singulos
1519 1315 1747 1378 vectigalis

342 1395 508 1457 populo
533 1413 720 1440 romano
746 1398 976 1441 Britannia
1003 1397 1241 1458 penderet,
1268 1398 1501 1442 constituit
1528 1415 1536 1441 :
1564 1397 1748 1441 interdi-

341 1477 403 1519 cit
438 1485 569 1536 atque
607 1477 797 1537 imperat
822 1476 1181 1534 Cassivellauno,
1208 1494 1263 1522 ne
1287 1477 1635 1533 Mandubratio,
1662 1495 1748 1521 neu

343 1556 692 1601 Trinobantibus
718 1556 884 1601 bellum
911 1557 1055 1603 faeiat.

411 1640 576 1682 XXIII.
596 1638 838 1683 Obsidibus
853 1641 1069 1701 acceptis,
1085 1641 1328 1684 exercitum
1344 1640 1515 1684 reducit
1532 1639 1586 1683 ad
1607 1656 1746 1696 mare,

347 1735 478 1763 naves
516 1719 685 1764 invenit
721 1720 920 1765 refectas.
960 1722 1040 1765 His
1072 1721 1298 1778 deductis,
1324 1720 1444 1782 quod
1482 1731 1524 1764 et
1555 1721 1748 1782 captivo-

346 1816 443 1843 rum
467 1817 680 1862 magnum
698 1817 935 1845 numerum
952 1802 1140 1846 habebat
1157 1837 1167 1855 ,
1186 1812 1227 1845 et
1246 1800 1471 1846 nonnullae
1490 1811 1750 1862 tempestate

346 1881 630 1943 deperIerant
662 1899 823 1938 naves,
851 1882 1025 1927 duobus
1057 1884 1377 1927 commeatibus
1404 1883 1646 1926 exercitum
1682 1898 1751 1925 re-

347 1974 524 2024 portare
563 1964 769 2007 instituit.
799 1966 864 2008 Ac
902 1964 963 2009 sie
995 1964 1182 2019 accidit,
1209 1966 1274 2008 uti
1313 1981 1366 2008 ex
1406 1974 1532 2008 tanto
1572 1964 1749 2007 navium

348 2062 549 2102 numero,
585 2056 651 2089 tot
688 2047 1072 2107 navigationibus,
1112 2063 1257 2107 neque
1293 2046 1398 2100 hoe,
1438 2062 1583 2106 neque
1622 2061 1752 2105 supe-

349 2128 463 2171 riore
488 2145 625 2184 anno,
642 2127 733 2172 ulla
757 2129 942 2172 omnino
969 2129 1114 2186 navis,
1133 2146 1230 2190 quae
1255 2127 1417 2172 milites
1444 2136 1663 2189 portaret,
1681 2125 1754 2169 de—

351 2209 616 2254 sideraretur
643 2228 651 2253 :
679 2220 724 2254 at
749 2227 799 2254 ex
833 2211 884 2254 iis
911 2228 1007 2271 quae
1039 2212 1190 2255 inanes
1218 2228 1270 2254 ex
1297 2210 1545 2254 continenti
1572 2209 1627 2252 ad
1652 2224 1752 2251 eum

352 2292 698 2344 remitterentur,
726 2294 887 2354 prioris
912 2304 1185 2337 commeatus
1212 2294 1421 2354 expositis
1451 2290 1686 2360 militibus,
1712 2300 1753 2333 et

353 2391 460 2434 quas
500 2385 650 2435 postea
681 2375 904 2419 Labienus
944 2375 1164 2419 faciendas
1191 2384 1425 2418 curaverat
1460 2388 1646 2417 numero
1670 2388 1753 2425 XL,

357 2473 586 2517 perpaucae
623 2456 770 2501 locum
803 2467 1037 2518 caperent;
1079 2455 1258 2517 reliquae
1295 2455 1385 2499 fere
1415 2470 1566 2499 omnes
1605 2453 1755 2512 rejice-

357 2547 522 2581 rentur.
545 2540 669 2595 Quas
685 2556 822 2599 quum
842 2537 1097 2599 aliquandiu
1115 2539 1262 2581 Caesar
1276 2536 1437 2580 frustra
1452 2542 1754 2595 exspectasset,

360 2636 411 2661 ne
434 2621 537 2663 anni
563 2630 763 2682 tempore
787 2638 811 2665 a
839 2621 1123 2681 navigatione
1148 2618 1472 2673 excluderetur,
1488 2615 1606 2676 quod
1630 2616 1759 2676 aequi-

361 2702 555 2745 noctium
582 2702 779 2759 suberat,
800 2702 1047 2746 necessario
1065 2701 1297 2761 angustius
1318 2697 1480 2742 milites
1501 2696 1754 2750 collocavit,
