1972 3356
626 254 694 291 DE
724 252 892 289 BELLO
921 251 1079 288 CIVILI
1107 253 1200 288 LIB.
1229 253 1258 288 I.
1616 254 1636 288 3

241 339 507 404 Completur
530 341 673 397 Urbs;
701 351 746 386 at
770 340 842 402 jus
870 340 1158 384 comitiorum
1190 339 1396 386 tribunus
1425 338 1568 402 plebis
1592 342 1645 385 C.

241 425 380 470 Curio
404 432 573 469 evocat.
599 424 770 469 Omnes
798 421 930 466 amici
959 419 1196 466 consulum
1212 456 1224 479 ,
1253 423 1490 467 necessarii
1513 425 1647 468 Pom-

239 508 328 569 peii
360 515 493 568 atque
524 522 707 562 eorum,
738 504 815 566 qui
844 513 1015 548 veteres
1045 504 1304 549 inimicitias
1339 522 1442 550 cum
1476 507 1648 552 Caesare

241 589 472 651 gerebant,
493 588 540 632 in
556 596 760 632 senatum
781 594 1005 647 coguntur
1026 602 1036 628 :
1055 601 1249 646 quorum
1268 586 1454 631 vocibus
1474 597 1519 632 et
1542 605 1649 634 con-

238 687 373 716 cursu
398 678 625 715 terrentur
649 667 942 724 infirmiores,
970 665 1095 710 dubii
1119 666 1465 725 confirmantur,
1490 668 1647 731 pleris-

238 768 326 814 que
349 767 457 796 vero
481 749 618 795 libere
644 747 913 794 decernendi
946 758 1139 811 potestas
1165 749 1368 811 eripitur.
1401 749 1648 796 Pollicetur

237 835 288 878 L.
312 833 416 878 Piso
440 848 618 889 censor,
642 847 735 876 sese
764 831 934 876 iturum
963 829 1020 875 ad
1045 832 1290 888 Caesarem3
1321 831 1428 876 item
1458 834 1510 877 L.
1538 835 1649 877 Ros-

236 915 332 961 cius
357 925 542 977 praetor‚
565 914 643 976 qui
669 913 723 958 de
747 913 815 958 his
839 913 974 958 rebus
1000 929 1103 957 eum
1126 911 1315 958 doceant
1343 932 1351 958 :
1381 930 1454 959 sex
1476 914 1568 960 dies
1592 915 1646 960 ad

237 1013 336 1042 eam
361 1013 458 1042 rem
483 994 808 1041 conficiendam
833 995 964 1057 spatii
990 993 1233 1057 postulant.
1258 997 1490 1042 Dicuntur
1514 998 1645 1042 etiam

238 1095 263 1124 a
287 1077 518 1124 nonnullis
544 1078 801 1134 sententiae,
827 1087 878 1122 ut
900 1076 1034 1140 legati
1060 1077 1116 1122 ad
1141 1079 1361 1124 Caesarem
1387 1081 1648 1135 mittantur,

239 1161 317 1222 qui
340 1159 619 1205 voluntatem
647 1169 826 1205 senatus
850 1160 890 1204 ei
914 1170 1184 1222 proponant.

301 1245 381 1288 IV.
419 1241 642 1288 Omnibus
670 1242 739 1286 his
764 1242 1010 1299 resistitur,
1037 1243 1335 1305 omnibusque
1366 1245 1510 1289 oratio
1539 1262 1648 1290 con·

238 1323 372 1381 sulis,
410 1324 630 1386 Scipionis
648 1360 660 1381 ,
699 1324 881 1370 Catonis
921 1326 1177 1387 opponitur.
1218 1327 1438 1370 Catonem
1479 1336 1649 1372 veteres

238 1406 482 1451 inimicitiae
509 1406 694 1451 Caesaris
720 1406 938 1459 incitant,
970 1417 1014 1451 et
1045 1405 1174 1451 dolor
1196 1406 1396 1469 repulsae.
1429 1407 1650 1453 Lentulus

236 1487 334 1532 aeris
363 1486 496 1532 alieni
526 1486 862 1550 magnitudine,
894 1498 936 1532 et
962 1504 1039 1549 spe
1065 1488 1284 1533 exercitus
1314 1505 1366 1533 ac
1398 1490 1651 1550 provincia-

236 1586 364 1626 rum,
396 1579 440 1614 et
469 1585 627 1632 regum
665 1567 1037 1632 appellandorum
1071 1568 1384 1633 largitionibus
1416 1582 1652 1622 movetur:

236 1667 370 1713 seque
388 1650 579 1697 alterum
599 1652 694 1697 fore
717 1650 881 1714 Syllam
908 1653 1026 1696 inter
1050 1669 1152 1698 suos
1177 1652 1415 1716 gloriatur,
1440 1654 1496 1698 ad
1516 1671 1650 1716 quem

238 1750 412 1778 summa
435 1734 610 1796 imperii
634 1733 800 1779 redeat.
825 1735 1080 1796 Scipionem
1109 1734 1264 1780 eadem
1288 1752 1386 1798 spes
1411 1737 1654 1799 provinciae

239 1825 373 1877 atque
410 1817 689 1860 exercituum
727 1814 940 1877 impellit,
977 1832 1090 1876 quos
1121 1833 1166 1860 se
1202 1833 1286 1877 pro
1321 1817 1651 1862 necessitudine

240 1897 513 1958 partiturum
544 1913 647 1941 cum
678 1897 894 1958 Pompeio
925 1896 1194 1953 arbitratur3
1221 1896 1353 1942 simul
1377 1898 1652 1960 judiciorum

242 1987 407 2035 metus,
434 1977 654 2034 adulati0‚
681 1988 815 2040 atque
840 1979 1083 2023 ostentatio
1108 1979 1176 2023 sui
1202 1989 1245 2024 et
1271 1980 1549 2042 potentium,
1576 1983 1653 2043 qui

242 2059 289 2103 in
321 2059 547 2122 republica
572 2060 842 2123 judiciisque
873 2071 970 2105 tum
1000 2059 1247 2122 plurimum
1278 2060 1521 2123 pollebant.
1551 2064 1654 2124 Ipse

242 2143 499 2204 Pompeius,
525 2143 580 2187 ab
606 2143 796 2187 inimicis
820 2143 1007 2187 Caesaris
1032 2143 1262 2200 incitatus,
1290 2153 1331 2188 et
1358 2143 1479 2205 quod
1511 2144 1654 2188 nemi·

243 2240 345 2268 nem
372 2241 522 2269 secum
547 2223 765 2287 dignitate
784 2225 1002 2287 exaequari
1022 2223 1221 2282 volebat,
1247 2234 1390 2270 totum
1411 2242 1457 2270 se
1480 2225 1535 2270 ab
1561 2226 1655 2288 ejus

242 2306 441 2351 amicitia
463 2315 704 2364 averterat,
728 2316 769 2351 et
794 2323 897 2351 cum
921 2307 1237 2352 communibus
1261 2308 1454 2353 inimicis
1480 2309 1526 2352 in
1555 2325 1655 2370 gra-

243 2387 350 2432 tiam
376 2388 589 2446 redierat,
611 2406 804 2450 quorum
824 2389 918 2451 ipse
941 2390 1183 2434 maximam
1209 2399 1385 2451 partem
1409 2388 1486 2435 illo
1510 2389 1656 2435 affini-

242 2471 344 2515 tatis
372 2480 572 2533 tempore
597 2471 862 2534 adjunxerat
880 2472 1058 2517 Caesari.
1086 2471 1227 2517 Simul
1253 2471 1437 2517 infamia
1462 2472 1655 2517 duarum

243 2550 473 2616 legionum
503 2564 758 2616 permotus,
791 2570 901 2616 quas
930 2553 985 2598 ab
1015 2554 1174 2599 itinere
1205 2555 1319 2600 Asiae
1348 2555 1574 2616 Syriaeque
1600 2552 1655 2597 ad

245 2650 370 2679 suam
384 2638 635 2697 potentiam
650 2635 1021 2700 dominatumque
1035 2645 1336 2693 converterat,
1355 2653 1450 2681 rem
1465 2635 1520 2680 ad
1533 2652 1656 2680 arma

246 2713 407 2762 deduci
432 2718 652 2764 studebat.

1404 2818 1443 2846 1.
