1972 3356
342 213 390 249 88
552 217 590 250 C.
619 215 639 250 J
646 215 748 250 ULII
779 214 997 251 CAESARIS
1026 214 1515 253 COMMENTARIORUM

341 299 384 342 in
415 299 637 358 integrum
661 299 876 355 restituit;
898 300 975 361 qui
1001 316 1046 344 se
1071 298 1133 344 illi
1159 300 1285 344 initio
1312 299 1452 346 civilis
1471 300 1573 346 belli
1598 303 1726 348 obtu-

339 377 504 432 lerant,
538 378 573 422 si
604 394 682 423 sua
711 395 843 441 opera
874 379 918 424 in
954 379 1069 424 bello
1102 381 1167 425 uti
1200 379 1354 438 vellet,
1390 381 1578 444 proinde
1616 384 1729 428 aesti·

337 474 487 516 mans,
523 475 573 503 ac
603 459 638 503 si
669 476 774 504 usus
805 470 943 518 esset,
970 461 1181 522 quoniam
1213 462 1278 506 sui
1309 460 1511 507 fecissent
1540 471 1728 524 potesta-

336 547 439 582 tem.
474 540 700 585 Statuerat
732 542 872 596 enim,
903 541 985 586 hos
1021 542 1145 604 prius
1172 541 1341 604 judicio
1380 541 1532 605 populi
1569 541 1725 589 debere

337 620 533 675 restitui,
556 637 688 682 quam
716 638 796 667 suo
823 622 1037 668 beneficio
1062 622 1198 668 videri
1226 633 1424 685 receptos
1440 657 1452 680 ,
1482 639 1536 668 ne
1560 632 1635 669 aut
1661 624 1727 669 iu—

335 709 484 762 gratus
508 701 552 745 in
577 701 801 747 referenda
828 704 993 765 gratia,
1020 714 1096 749 aut
1125 721 1335 767 arrogans
1364 706 1407 749 in
1430 703 1726 767 praeripiendo

335 780 487 843 populi
511 782 723 828 beneficio
750 783 985 830 videretur.

398 863 452 906 ΙΙ.
496 863 575 908 His
601 864 731 910 rebus
754 899 766 923 ,
793 875 837 910 et
868 866 985 911 feriis
1014 865 1181 924 latinis,
1215 867 1490 928 comitiisque
1518 865 1724 912 omnibus

332 942 607 1004 perficiendis
636 962 684 990 xz
720 946 811 991 dies
840 947 1022 1004 tribuit,
1049 946 1360 1008 dictaturaque
1386 964 1430 992 se
1453 946 1653 1005 abdicat,
1681 957 1725 993 et

332 1023 387 1068 ab
412 1025 534 1069 Urbe
562 1026 873 1087 proficiscitur,
905 1027 1280 1089 Brundisiumque
1307 1029 1509 1089 pervenit
1548 1026 1567 1073 ε’
1589 1045 1641 1074 eo
1667 1027 1724 1074 le·

332 1106 483 1167 giones
509 1122 575 1150 ΧΠ
597 1115 637 1150 et
661 1107 905 1168 equitatum
933 1125 1107 1152 omnem
1134 1109 1283 1152 venire
1301 1108 1506 1169 jusserat.
1528 1108 1614 1154 Sed
1632 1118 1726 1154 tan·

333 1195 425 1229 tum
451 1187 629 1231 navium
653 1189 841 1250 reperit,
863 1199 912 1233 ut
927 1199 1112 1251 anguste
1132 1205 1191 1234 xv
1212 1188 1347 1233 millia
1379 1188 1722 1251 legionariorum

330 1266 548 1325 militum,
593 1285 623 1313 D
665 1270 832 1330 equites
869 1280 1173 1332 transportare
1211 1280 1404 1332 possent.
1445 1272 1540 1315 Hoc
1581 1286 1722 1315 unum

329 1348 505 1411 (inopia
532 1350 729 1411 navium)
754 1354 915 1396 Caesari
945 1351 998 1396 ad
1030 1351 1291 1398 conficiendi
1317 1350 1418 1396 belli
1454 1349 1721 1397 celeritatem

329 1429 480 1474 defuit.
510 1433 656 1491 Atque
684 1449 745 1476 eae
776 1434 912 1494 copiae
938 1434 1040 1495 ipsae
1065 1433 1148 1478 hoc
1183 1433 1554 1494 infrequentiores
1586 1433 1725 1494 impo-

328 1520 512 1568 nuntur,
538 1512 658 1572 quod
688 1512 816 1557 multi
849 1512 1017 1575 gallicis
1052 1523 1118 1558 tot
1154 1513 1280 1558 bellis
1317 1513 1594 1569 defecerant,
1627 1512 1722 1558 lon·

329 1609 522 1654 gumque
553 1594 637 1637 iter
666 1610 715 1638 ex
745 1595 957 1656 Hispania
988 1611 1199 1656 magnum
1234 1608 1470 1639 numerum
1500 1593 1723 1639 deminue-

327 1681 421 1730 rat,
452 1683 494 1717 et
529 1675 673 1735 gravis
706 1684 947 1719 autumnus
979 1675 1021 1718 in
1052 1673 1210 1737 Apulia
1249 1676 1503 1736 circumque
1532 1674 1722 1720 Brundi·

327 1756 465 1811 sium,
498 1771 551 1798 ex
589 1755 887 1799 saluberrimis
923 1754 1079 1800 Galliae
1111 1766 1153 1800 et
1184 1757 1407 1817 Hispaniae
1436 1756 1720 1817 regionibus,

326 1851 499 1879 omnem
528 1837 766 1879 exercitum
795 1834 1046 1881 valetudine
1069 1846 1324 1882 tentaverat.

391 1917 466 1960 111.
497 1917 733 1978 Pompeius
750 1951 761 1973 ,
787 1933 984 1962 annuum
1014 1919 1208 1979 spatium
1231 1917 1286 1962 ad
1308 1917 1628 1980 comparandas
1650 1934 1719 1964 co·

325 1998 417 2057 pias
444 2007 624 2054 nactus,
654 1997 775 2059 quod
805 2015 993 2044 vacuum
1019 2016 1043 2043 a
1076 1998 1191 2044 bello
1218 2010 1350 2061 atque
1375 1999 1430 2044 ab
1460 1999 1586 2045 hoste
1610 2000 1719 2044 otio-

324 2094 421 2121 sum
464 2078 634 2136 fuerat,
670 2096 875 2141 magnam
911 2097 961 2123 cx
998 2081 1099 2124 Asia
1136 2079 1495 2142 Cycladibusque
1538 2079 1718 2137 insulis,

323 2161 544 2221 Corcyra,
585 2160 796 2213 Athenis,
843 2162 1013 2218 Ponto,
1058 2161 1290 2222 Bithynia,
1333 2162 1482 2223 Syria,
1530 2160 1716 2218 Cilicia,

322 2241 526 2286 Phoenice
549 2252 592 2286 et
611 2244 800 2304 AEgypto
825 2241 1009 2287 classem
1034 2253 1257 2305 coegera13
1287 2259 1492 2305 magnam
1508 2243 1714 2288 omnibus

324 2321 429 2366 locis
451 2322 753 2368 aedificandam
776 2334 1032 2380 curaverat;
1055 2341 1260 2387 magnam
1289 2326 1550 2385 imperatam
1573 2324 1684 2370 Asiae
1699 2358 1711 2375 ‚

323 2404 478 2463 Syriae,
509 2404 775 2466 regibusque
805 2405 1032 2462 omnibus,
1059 2415 1100 2450 et
1137 2405 1356 2466 dynastis,
1384 2414 1426 2449 et
1459 2403 1715 2455 tetrarchis,

322 2493 364 2528 et
395 2483 540 2530 liberis
574 2487 750 2531 Achaia:
776 2486 952 2548 populis
985 2488 1215 2548 pecuniam
1250 2495 1479 2548 exegerat;
1509 2500 1712 2546 magnam

323 2567 549 2612 societates
567 2584 719 2613 earum
745 2568 1099 2630 provinciarum,
1118 2585 1225 2630 quas
1251 2570 1343 2629 ipse
1362 2565 1612 2622 obtinebat,
1631 2565 1712 2610 sibi

326 2662 555 2693 numerare
579 2659 793 2711 coegerat.
