1972 3356
608 197 672 231 DE
705 197 866 233 BELLO
896 198 1270 235 ALEXANDRINO
1560 200 1625 235 ιδ’)

252 289 334 324 tur.
355 280 465 323 Nam
480 314 489 332 ‚
514 279 679 339 majore
698 297 747 324 ex
774 280 946 325 duobus
966 283 1109 342 pueris
1137 299 1240 345 rege
1261 283 1418 328 amisso
1434 319 1444 339 ,
1468 286 1627 330 minori

248 358 481 404 transdidit
504 376 712 421 regnum,
750 361 992 422 majorique
1019 379 1070 406 ex
1096 363 1265 408 duabus
1289 362 1410 422 filiis,
1444 364 1625 427 Cleopa-

246 450 343 496 trae,
372 457 468 501 quae
493 450 711 486 manserat
747 441 789 483 in
823 440 908 484 fide
937 441 1231 503 praesidiisque
1255 445 1348 505 ejus
1379 446 1625 490 :minorem

247 522 462 566 Arsinoen
479 554 490 576 ,
511 520 635 581 cujus
664 520 842 564 nomine
869 520 941 565 diu
964 538 1168 582 regnasse
1193 524 1456 584 impotenter
1475 527 1624 587 Gany-

244 600 397 645 meden
423 599 676 655 docuimus,
710 599 929 644 deducere
960 617 1012 644 ex
1060 618 1194 663 regno
1221 604 1394 660 statuit,
1442 622 1494 649 ne
1540 623 1625 667 qua

243 697 396 726 rursus
432 696 545 725 nova
589 679 799 731 dissensio
837 680 1093 741 priusquam
1126 681 1418 727 diuturnitate
1467 686 1626 729 confir-

243 771 468 806 marentur
495 777 646 822 regum
672 760 876 822 imperia,
904 777 983 821 per
1007 760 1205 806 homines
1228 762 1455 809 seditiosos
1485 782 1626 810 nasce-

242 850 375 885 retur.
392 841 586 903 Legione
603 849 808 884 veterana
831 850 952 885 sexta
980 857 1126 885 secum
1154 842 1357 900 reducta,
1378 854 1543 889 ceteras
1567 846 1625 889 ibi

240 919 438 982 reliquit,
459 937 545 981 quo
561 920 730 965 firmius
755 930 863 965 esset
889 938 1042 965 eorum
1068 938 1252 984 regnum
1276 924 1506 985 imperium
1524 960 1535 980 ,
1552 928 1625 986 qui

240 1017 380 1063 neque
408 1018 602 1046 amorem
631 1018 809 1046 suorum
851 1002 1012 1046 habere
1043 1013 1271 1064 poterant,
1299 1004 1415 1065 quod
1442 1005 1626 1050 fideliter

238 1093 571 1144 permanserant
599 1083 641 1126 in
664 1083 845 1128 Caesaris
872 1084 1086 1139 amicitia;
1119 1101 1259 1145 neque
1288 1087 1518 1130 vetustatis
1544 1104 1622 1131 au—

243 1164 488 1208 ctoritatem
505 1198 516 1218 ‚
541 1164 690 1224 paucis
717 1162 870 1207 diebus
895 1180 1017 1225 reges
1045 1165 1271 1208 constituti
1292 1164 1445 1210 :simul
1474 1167 1527 1210 ad
1554 1168 1626 1211 im-

239 1243 347 1304 perii
368 1244 506 1288 nostri
532 1243 792 1305 dignitatem
822 1243 1143 1304 utilitatemque
1160 1244 1380 1305 publicam
1407 1248 1624 1307 pertinere

239 1324 536 1378 existimabat,
560 1325 593 1368 si
622 1334 929 1384 permanerent
954 1325 998 1368 in
1027 1323 1110 1368 fide
1137 1342 1284 1387 reges,
1313 1326 1521 1386 praesidiis
1549 1345 1622 1373 eos

240 1405 398 1449 uostris
421 1421 514 1449 esse
535 1414 674 1458 tutos;
701 1414 741 1448 et
767 1404 865 1461 hos,
888 1405 921 1448 si
942 1415 1083 1448 essent
1110 1406 1269 1466 ingrati
1288 1440 1299 1462 ,
1320 1423 1447 1467 posse
1472 1407 1623 1452 iisdem

237 1483 446 1546 praesidiis
469 1485 676 1529 coerceri.
704 1486 775 1529 Sic
801 1484 930 1529 rebus
955 1485 1160 1529 omnibus
1188 1485 1396 1530 confectis
1419 1497 1462 1530 et
1487 1487 1621 1531 collo-

235 1566 341 1609 ‹atiS
356 1600 368 1622 ,
394 1565 483 1625 ipse
505 1565 661 1609 itinere
688 1565 880 1608 terrestri
900 1564 1123 1625 profectus
1146 1566 1270 1609 estin
1297 1567 1479 1627 Syriam.

299 1647 507 1690 XXXIV.
546 1647 667 1690 Dum
693 1645 784 1689 hoec
825 1646 867 1689 in
909 1646 1098 1707 AEgypto
1122 1656 1355 1707 geruntur,
1386 1664 1461 1691 rex
1493 1649 1617 1709 Dejo-

236 1736 355 1770 tarus
379 1726 434 1769 ad
463 1726 710 1771 Domitium
737 1724 971 1769 Calvinum
989 1760 1000 1781 ,
1028 1727 1098 1770 cui
1129 1728 1274 1771 Caesar
1313 1728 1459 1771 Asiam
1496 1728 1625 1772 finiti-

237 1823 416 1866 masque
465 1806 710 1866 provincias
755 1804 1123 1849 administrandas
1159 1806 1473 1862 transdiderat,
1510 1810 1624 1852 venit

237 1896 431 1942 oratum,
453 1902 508 1929 ne
544 1886 795 1930 Armeniam
832 1885 1071 1942 minorem,
1113 1902 1297 1947 regnum
1330 1903 1484 1943 suum,
1519 1906 1624 1933 neve

238 1965 587 2028 Cappadociam,
616 1981 800 2027 regnum
829 1965 1161 2023 Ariobarzanis,
1192 1966 1401 2027 possideri
1443 1971 1624 2013 vastari-

239 2064 323 2108 que
352 2056 575 2108 pateretur
601 2063 624 2090 a
648 2046 872 2091 Pharnace
901 2065 910 2091 :
936 2064 1023 2107 quo
1055 2046 1170 2092 malo
1196 2048 1278 2092 nisi
1306 2047 1623 2107 liberarentur,

239 2130 452 2189 imperata
473 2144 517 2171 se
539 2126 699 2182 facere,
718 2129 1038 2189 pecuniamque
1061 2130 1321 2190 promissam
1348 2131 1507 2174 Caesari
1534 2147 1621 2174 non

241 2225 367 2269 posse
395 2206 653 2269 persolvere.
679 2209 926 2266 Domitius,
951 2226 1039 2253 non
1061 2219 1233 2255 tantum
1259 2210 1312 2256 ad
1339 2209 1624 2274 explicandos

239 2299 441 2350 sumptus
476 2289 539 2332 rei
577 2287 776 2332 militaris
800 2305 937 2349 quum
962 2292 1189 2352 pecuniam
1217 2293 1504 2338 necessariam
1534 2310 1625 2338 esse

235 2369 471 2430 judicaret3
508 2368 583 2413 sed
625 2369 756 2413 etiam
798 2380 926 2431 turpe
968 2371 1132 2433 populo
1164 2389 1349 2418 romano
1390 2383 1430 2418 et
1466 2376 1622 2419 Caesari

240 2450 417 2506 victori,
460 2449 631 2510 sibique
661 2449 820 2494 infame
859 2468 951 2496 esse
974 2462 1211 2510 statueret,
1244 2470 1377 2515 regna
1400 2455 1620 2498 sociorum

240 2542 372 2593 atque
402 2532 643 2576 amicorum
666 2531 719 2575 ab
740 2541 920 2577 externo
946 2551 1048 2596 rege
1068 2535 1295 2595 occupari;
1321 2536 1499 2579 nuntios
1522 2551 1625 2578 con-

239 2612 381 2657 festim
418 2614 471 2658 ad
513 2611 782 2657 Pharnacem
826 2615 965 2672 misit,
1010 2617 1216 2660 Armenia
1257 2617 1623 2678 Cappadociaque
