1972 3356
489 242 557 278 DE
586 242 745 278 BELLO
774 242 992 278 GALLICO
1020 243 1110 277 LIB.
1143 242 1228 277 VII.
1493 240 1562 286 187

152 325 305 371 labore
331 337 704 388 permoveantur,
729 327 1027 390 cupidissimis
1049 328 1280 382 omnihus,
1304 343 1564 389 progressus

152 407 290 453 millia
314 426 524 470 passuum
552 425 662 465 XXV,
692 426 852 471 agmen
880 409 1125 453 AEduorum
1152 410 1456 470 conspicatus,
1484 409 1566 452 iin-

153 490 288 534 misso
329 491 559 551 equitatu,
608 491 691 534 iter
733 506 888 534 eorum
930 500 1131 534 moratur
1181 500 1314 551 atque
1357 489 1566 552 impedit,

154 571 468 632 interdicitque
487 571 716 626 omnibus,
749 587 803 614 ne
826 587 1098 631 quemquam
1135 570 1418 615 interficiant.
1446 573 1567 632 Epo-

154 653 405 714 redorigem
441 662 486 696 et
518 654 553 696 V
561 651 873 708 iridomarum,
920 668 1032 712 quos
1068 650 1131 694 illi
1167 651 1424 696 interfectos
1455 653 1569 696 exis-

155 734 390 788 timabant,
415 734 532 778 inter
556 735 726 794 equites
750 733 939 789 versari,
966 749 1157 793 suosque
1180 731 1405 794 appellare
1425 733 1568 794 jubet.

154 816 213 860 Iis
245 815 454 876 cognitis,
483 825 528 859 et
555 815 745 858 Litavici
776 813 931 858 fraude
960 823 1214 875 perspecta,
1248 814 1379 859 AEdui
1409 831 1568 859 manus

155 896 358 954 tendere,
389 907 433 941 et
469 896 743 941 deditionem
774 895 1042 958 significare,
1078 907 1140 951 et,
1171 897 1381 958 projectis
1415 897 1570 953 armis,

157 988 346 1022 mortem
379 977 611 1040 deprecari
637 978 875 1039 incipiunt.
904 978 1132 1022 Litavicus
1160 995 1262 1023 cum
1288 979 1378 1024 suis
1403 977 1573 1023 clienti·

158 1060 259 1115 hus,
285 1059 448 1120 quibus
478 1060 602 1104 nefas
627 1077 751 1104 more
776 1058 1013 1105 Gallorum
1046 1070 1113 1104 est
1141 1061 1276 1105 etiam
1301 1061 1346 1104 in
1376 1071 1573 1105 extrema

158 1141 338 1185 fortuna
363 1140 564 1185 deserere
584 1151 796 1202 patronos
812 1177 823 1197 ,
852 1143 1123 1203 Gergoviam
1144 1142 1356 1205 profugit.

222 1224 343 1266 XLI.
379 1224 548 1279 Caesar,
583 1224 751 1267 nuntiis
787 1222 841 1267 ad
877 1224 1103 1268 civitatem
1133 1224 1382 1269 AEduorum
1411 1225 1574 1279 missis,

159 1304 236 1365 qui
259 1320 339 1348 suo
376 1303 592 1348 beneficio
622 1314 906 1349 conservatos
935 1304 1169 1362 docerent,
1194 1323 1305 1367 quos
1336 1307 1438 1368 jure
1468 1304 1575 1349 belli

161 1384 410 1429 interficere
440 1386 676 1446 potuisset,
707 1385 938 1446 tribusque
968 1387 1089 1430 horis
1115 1388 1258 1431 noctis
1284 1388 1498 1432 exercitui
1521 1386 1576 1431 ad

162 1469 355 1529 quietem
386 1467 521 1524 datis,
553 1478 696 1512 castra
723 1467 779 1512 ad
808 1469 1083 1531 Gergoviam
1117 1469 1270 1512 movit.
1304 1468 1457 1513 Medio
1487 1469 1578 1513 fere

162 1548 342 1606 itinere,
367 1550 537 1609 equites
559 1566 582 1594 a
603 1549 740 1593 Fabio
757 1550 900 1605 missi,
921 1559 1089 1611 quanto
1113 1567 1181 1594 res
1207 1551 1251 1594 in
1272 1549 1472 1612 periculo
1490 1550 1578 1594 fue-

163 1631 241 1687 rit,
266 1640 492 1692 exponunt
515 1648 523 1675 :
553 1632 737 1675 summis
760 1632 898 1693 copiis
921 1642 1065 1677 castra
1088 1643 1344 1694 oppugnata
1370 1632 1575 1677 demons-

164 1723 310 1769 trant,
341 1730 481 1774 quum
515 1714 672 1758 crebro
711 1715 872 1776 integri
911 1713 1089 1759 defessis
1125 1714 1434 1769 succederent,
1476 1731 1579 1759 nos-

162 1804 342 1856 trosque
388 1795 566 1839 assiduo
620 1795 771 1839 labore
821 1795 1140 1857 defatigarent,
1187 1796 1350 1857 quibus
1396 1805 1581 1858 propter

162 1877 516 1939 magnitudinem
544 1888 794 1922 castrorum
820 1886 1037 1938 perpetuo
1062 1887 1175 1921 esset
1198 1877 1364 1921 eisdem
1394 1879 1439 1921 in
1462 1877 1580 1921 vallo

163 1958 545 2020 permanendum,
571 1958 859 2003 multitudine
884 1959 1149 2020 sagittarum
1171 1968 1305 2019 atque
1337 1959 1483 2003 omnis
1505 1976 1580 2020 ge-

166 2041 281 2084 neris
328 2040 521 2085 telorum
560 2039 724 2085 multos
765 2040 1048 2097 vulneratos,
1087 2040 1144 2084 ad
1188 2041 1280 2084 haec
1322 2039 1581 2085 sustinenda

164 2139 328 2184 magno
365 2124 465 2167 usui
501 2122 634 2167 fuisse
670 2133 919 2179 tornienta3
952 2124 1139 2167 Fabium
1173 2122 1369 2167 discessu
1403 2139 1580 2178 eorum,

166 2203 337 2248 duabus
382 2203 545 2249 relictis
594 2206 760 2267 portis,
810 2206 1041 2250 obstruere
1086 2215 1272 2260 ceteras,
1318 2204 1582 2267 pluteosque

166 2285 283 2330 vallo
307 2285 489 2344 addere,
516 2297 559 2331 et
583 2304 627 2331 se
655 2288 701 2331 in
727 2297 957 2349 posterum
989 2287 1104 2332 diem
1139 2287 1328 2332 similem
1351 2287 1407 2331 ad
1431 2303 1582 2331 casum

167 2384 337 2429 parare.
358 2369 438 2412 His
456 2369 588 2413 rebus
609 2370 797 2431 cognitis
815 2404 825 2425 ,
851 2371 997 2414 Caesar
1019 2387 1194 2414 summo
1215 2369 1363 2414 studio
1388 2368 1582 2413 militum

166 2460 269 2494 ante
296 2461 443 2495 ortum
475 2450 577 2495 solis
603 2451 647 2494 in
672 2461 815 2495 castra
839 2453 1057 2513 pervenit.

230 2535 372 2577 XLII.
402 2536 523 2578 Dum
554 2533 645 2578 haec
670 2533 725 2577 ad
747 2534 1020 2595 Gergoviam
1049 2543 1284 2595 geruntur,
1312 2532 1468 2588 AEdui,
1494 2533 1584 2594 pri-

168 2617 250 2660 mis
278 2617 446 2660 nuntiis
476 2633 499 2660 a
526 2616 727 2660 Litavico
755 2617 947 2678 acceptis
964 2652 974 2672 ,
1002 2614 1177 2660 nullum
1204 2616 1287 2659 sibi
1312 2615 1367 2659 ad
1394 2632 1583 2677 cognos-

172 2698 359 2743 cendum
383 2700 575 2761 spatium
596 2698 868 2759 relinquunt.
886 2697 1085 2760 Impellit
1105 2696 1214 2742 alios
1234 2698 1420 2742 avaritia
1437 2732 1447 2754 ‚
1473 2696 1582 2741 alios
