1972 3356
405 253 478 289 252
637 253 675 286 C.
701 250 828 285 JULII
859 248 1080 284 CAESARIS
1111 247 1374 283 COMMENT.
1404 249 1548 284 LIBER

405 353 491 381 xlii
514 336 695 379 navibus
715 332 854 393 longis
878 331 1169 377 Adrumetum
1190 331 1338 375 eadem
1362 331 1414 374 de
1436 348 1561 376 causa
1590 336 1770 393 praemit-

404 417 468 459 tit.
492 415 686 476 Cispius,
706 429 793 473 quo
812 421 905 456 erat
926 411 1105 468 missus,
1128 410 1325 455 celeriter
1349 412 1544 471 pervenit
1563 429 1572 455 :
1594 412 1769 473 Aquila,

404 504 660 555 tempestate
680 494 868 554 jactatus
882 527 893 547 ,
907 491 1258 553 promontorium
1276 507 1484 551 superare
1501 508 1588 536 non
1609 494 1771 552 potuit,

403 585 534 635 atque
558 572 770 636 angulum
810 571 1042 634 quemdam
1074 581 1217 615 tutum
1247 588 1270 614 a
1309 581 1562 631 tempestate
1594 581 1771 627 nactus,

406 672 506 699 cum
527 653 659 698 classe
679 671 722 698 se
743 653 914 715 longius
934 670 956 696 a
979 661 1209 713 prospectu
1234 652 1430 695 removit.
1458 651 1641 712 Reliqua
1664 651 1773 697 clas-

403 736 459 779 sis
483 736 525 778 in
552 734 642 779 salo
665 734 719 778 ad
741 735 937 795 Leptim,
964 733 1142 794 egressis
1167 732 1402 792 remigibus
1421 767 1432 789 ,
1458 733 1704 793 passimque
1728 734 1771 776 in

405 815 531 859 litore
555 815 838 877 vagantibus,
862 815 1018 874 partim
1047 814 1089 856 in
1113 812 1273 874 oppido
1299 813 1436 856 victus
1459 813 1522 856 sui
1551 813 1773 857 mercandi

403 896 541 956 gratia
568 895 833 956 progressis,
860 910 991 937 vacua
1020 909 1042 937 a
1069 891 1365 936 defensoribus
1405 891 1556 935 stabat.
1599 893 1772 949 Quibus

403 976 531 1019 rebus
580 976 719 1019 Varus
752 991 803 1018 ex
840 974 1019 1034 perfuga
1050 972 1257 1033 cognitiS,
1300 973 1568 1015 occasionem
1603 984 1774 1029 nactus,

404 1054 550 1116 vigilia
578 1054 766 1098 secunda
805 1053 1049 1098 Adrumeto
1084 1069 1133 1095 ex
1179 1051 1378 1095 Cothone
1411 1067 1638 1112 egressus,
1676 1069 1775 1096 cum

403 1138 544 1197 primo
565 1152 692 1179 mane
709 1135 882 1195 Leptim
904 1135 1104 1178 universa
1124 1131 1257 1176 classe
1280 1142 1449 1188 vectus,
1474 1149 1603 1176 naves
1626 1150 1776 1177 onera-

403 1217 510 1271 rias,
536 1233 633 1276 quae
660 1215 832 1277 longius
857 1232 881 1258 a
911 1224 1038 1275 portu
1067 1214 1109 1256 in
1138 1211 1230 1257 salo
1263 1212 1456 1268 stabant,
1495 1213 1709 1271 incendit,
1735 1225 1778 1258 et

402 1305 602 1357 penteres
628 1296 733 1340 duas
762 1311 918 1339 vacuas
946 1312 969 1338 a
993 1293 1308 1349 defensoribus,
1334 1292 1455 1337 nullo
1485 1304 1776 1355 repugnante,

403 1377 531 1437 cepit.

468 1459 630 1501 LXIII.
661 1459 803 1502 Caesar
818 1457 992 1500 interim
1010 1455 1207 1500 celeriter
1229 1472 1305 1516 per
1326 1455 1502 1500 nuntios
1525 1456 1568 1499 in
1596 1456 1746 1501 castris
1763 1491 1774 1507 ,

403 1554 539 1598 quum
557 1554 689 1598 opera
705 1538 932 1590 circuiret,
944 1537 1103 1580 certior
1115 1535 1275 1591 factus,
1294 1552 1389 1595 quae
1403 1535 1584 1579 aberant
1603 1552 1626 1579 a
1644 1545 1773 1596 portu

405 1616 541 1660 millia
559 1633 766 1678 passuum
783 1632 850 1671 vr,
867 1633 978 1676 equo
994 1615 1179 1658 admisso
1193 1649 1203 1668 ,
1221 1615 1388 1658 omissis
1409 1615 1610 1658 omnibus
1623 1615 1775 1671 rebus,

405 1696 600 1745 celeriter
620 1697 819 1757 pervenit
844 1696 1016 1757 Leptim
1045 1712 1054 1738 ε
1078 1695 1223 1754 ibique
1249 1694 1467 1750 hortatus,
1492 1710 1638 1738 omnes
1662 1703 1707 1738 ut
1734 1712 1777 1739 sc

406 1793 534 1820 naves
562 1785 954 1836 consequerentur,
985 1775 1174 1834 primum
1204 1775 1293 1834 ipse
1327 1772 1591 1834 navigiolum
1625 1790 1776 1834 parvu-

405 1856 494 1900 lum
516 1855 792 1911 conscendit3
814 1855 858 1898 in
881 1871 1009 1898 cursu
1033 1852 1260 1913 Aquilam,
1283 1851 1562 1897 multitudine
1588 1854 1776 1915 navigio-

403 1953 500 1980 rum
538 1936 819 1997 perterritum
849 1944 979 1995 atque
1018 1932 1332 1994 trepidantem,
1375 1943 1547 1988 nactus,
1584 1934 1773 1978 hostium

404 2015 584 2061 classem
612 2016 732 2076 sequi
769 2016 912 2076 coepit.
943 2015 1123 2058 Interim
1152 2016 1316 2069 Varus,
1344 2012 1564 2057 celeritate
1597 2014 1775 2058 Coesaris

405 2096 671 2156 audaciaque
697 2106 866 2151 motus,
895 2112 993 2140 cum
1021 2096 1219 2138 universa
1243 2093 1394 2149 classe,
1418 2094 1636 2137 conversis
1661 2094 1778 2137 navi-

405 2177 486 2221 bus
502 2212 513 2234 ,
536 2177 826 2222 Adrumetum
852 2193 999 2221 versus
1027 2176 1173 2237 fugere
1198 2174 1435 2219 contendit.
1464 2175 1607 2232 Quem
1631 2175 1774 2218 Caesar

405 2259 448 2301 in
472 2257 663 2301 millibus
688 2274 893 2318 passuum
913 2273 959 2301 1v
976 2266 1234 2300 consecutus
1253 2290 1263 2312 ,
1283 2263 1536 2315 recuperata
1556 2254 1773 2314 quinque-

406 2338 514 2381 remi
540 2354 638 2382 cum
675 2338 878 2382 omnibus
911 2338 996 2381 suis
1027 2337 1232 2397 epibatis,
1267 2347 1394 2396 atque
1424 2336 1554 2379 etiam
1585 2334 1775 2379 hostium

406 2417 659 2463 custodibus
687 2434 803 2464 cxxx
837 2419 880 2462 in
915 2434 965 2462 ea
997 2434 1104 2461 nave
1150 2418 1305 2479 captis,
1334 2417 1541 2460 triremen
1585 2416 1774 2460 hostium

409 2499 677 2559 proximam,
714 2515 807 2559 quae
838 2499 882 2542 in
910 2498 1197 2559 repugnando
1228 2507 1319 2542 erat
1350 2505 1635 2549 commorata,
1666 2510 1777 2537 onu-

409 2588 518 2622 stam
541 2579 753 2640 remigum
782 2570 1139 2639 epibatarumque
1162 2579 1277 2639 cepit
1301 2595 1310 2621 ε
1341 2576 1515 2637 reliquae
1543 2590 1671 2618 naves
1699 2573 1778 2617 ho-

411 2659 539 2701 stium
568 2661 918 2719 promontorium
947 2668 1230 2718 superarunt,
1262 2667 1390 2717 atque
1415 2655 1699 2701 Adrumetum
1731 2655 1774 2697 in
