1972 3356
494 276 558 311 DE
594 277 752 312 BELLO
782 277 934 312 CIVILI
963 278 1053 316 LIB.
1084 279 1112 312 I.
1456 291 1498 325 17

124 360 463 422 regionibusque
486 361 690 418 Graeciae,
712 362 756 404 in
776 371 1036 422 potestatem
1066 362 1262 420 haberet,
1294 373 1423 424 atque
1447 381 1500 409 ex

124 451 312 502 utraque
351 451 474 501 parte
504 440 667 485 bellum
714 441 1016 486 administrare
1056 453 1222 503 posset,
1262 460 1317 487 an
1350 445 1500 505 inopia

122 523 300 566 navium
343 521 402 564 ibi
433 520 710 582 restitisset);
749 522 1019 582 veritusque,
1047 539 1101 566 ne
1128 523 1300 568 Italiam
1337 524 1408 568 ille
1437 524 1501 569 di-

124 602 382 646 mittendam
412 618 502 645 non
528 602 816 658 existimaret,
844 603 984 646 exitus
1008 602 1500 666 administrationesque

119 683 367 728 brundisini
397 692 549 743 portus
589 681 800 743 impedire
828 683 1019 727 instituit
1049 701 1058 727 :
1095 700 1285 743 quorum
1315 702 1497 745 operum

118 764 209 808 haec
240 773 331 807 erat
363 764 488 807 ratio.
522 763 624 820 Qua
651 762 796 807 fauces
820 773 945 807 erant
972 765 1288 825 angustissimae
1323 776 1497 826 portus,

117 843 252 889 moles
279 853 409 904 atque
435 860 636 905 aggerem
675 844 728 888 ab
756 853 944 904 utraque
975 854 1098 905 parte
1128 844 1266 889 litoris
1290 847 1497 907 jaciebat,

116 924 233 986 quod
260 925 327 969 his
348 924 452 969 locis
480 935 574 968 erat
593 923 804 968 vadosum
832 942 964 969 mare.
993 927 1188 986 Longius
1212 943 1496 988 progressus,

117 1023 253 1067 quum
299 1022 431 1068 agger
465 1004 618 1049 altiore
651 1022 763 1066 aqua
801 1007 1016 1050 contineri
1058 1023 1148 1050 non
1188 1018 1348 1069 posset,
1383 1018 1496 1052 rates

116 1086 330 1148 duplices,
373 1103 704 1146 quoquoversus
746 1086 907 1147 pedum
943 1104 1053 1145 xxx,
1096 1105 1119 1132 e
1155 1089 1334 1150 regione
1371 1089 1496 1133 molis

115 1166 395 1211 collocabat:
430 1167 508 1210 has
545 1168 770 1226 quaternis
805 1168 977 1211 ancoris
1013 1184 1066 1211 ex
1098 1179 1287 1228 quatuor
1324 1169 1496 1232 angulis

117 1246 384 1303 destinabat,
416 1263 469 1290 ne
495 1246 698 1290 fluctibus
727 1257 1022 1291 moverentur.
1063 1248 1141 1292 His
1172 1249 1373 1309 perfectis
1408 1250 1497 1294 col-

116 1326 375 1387 locatisque,
404 1326 510 1371 alias
530 1327 734 1388 deinceps
758 1329 853 1389 pari
881 1328 1186 1390 magnitudine
1215 1330 1498 1391 ratesjunge-

113 1407 189 1450 bat
214 1424 224 1451 :
245 1407 323 1451 has
351 1417 466 1451 terra
495 1418 625 1468 atque
652 1424 811 1469 aggere
840 1409 1083 1470 integebat,
1110 1426 1165 1453 ne
1193 1410 1337 1454 aditus
1365 1420 1495 1472 atque

114 1488 313 1532 incursus
344 1488 399 1531 ad
430 1487 755 1532 defendendum
780 1489 1070 1549 impediretur
1098 1506 1107 1532 :
1145 1506 1169 1534 a
1193 1489 1337 1533 fronte
1367 1500 1496 1551 atque

113 1568 167 1612 ab
197 1578 385 1629 utroque
426 1566 564 1612 latere
597 1568 789 1613 cratibus
822 1585 872 1612 ac
909 1567 1068 1630 pluteis
1105 1571 1365 1632 protegebat
1400 1588 1409 1615 :
1449 1573 1494 1616 in

113 1658 271 1710 quarta
293 1665 467 1710 quaque
487 1665 638 1693 earum
656 1659 801 1693 turres
824 1649 1031 1693 binorum
1057 1649 1355 1695 tabulatorum
1381 1653 1495 1695 exci—

112 1730 260 1786 tabat,
285 1746 373 1790 quo
399 1729 674 1774 commodius
703 1730 758 1774 ab
788 1731 954 1791 impetu
981 1732 1162 1775 navium
1194 1732 1494 1794 incendiisque

112 1809 376 1854 defenderet.

177 1892 344 1934 XXVI.
379 1890 546 1934 Contra
581 1890 672 1934 haec
710 1890 946 1950 Pompeius
973 1907 1104 1935 naves
1138 1908 1318 1953 magnas
1343 1909 1495 1937 onera-

113 1971 229 2029 riaS,
254 1986 364 2031 quas
389 1970 433 2014 in
466 1980 598 2031 portu
630 1970 892 2015 brundisino
915 1970 1285 2033 deprehenderat,
1310 1973 1491 2017 adorna-

112 2051 201 2095 bat.
235 2050 303 2094 Ibi
333 2060 474 2094 turres
506 2067 606 2096 cum
644 2052 776 2094 ternis
812 2050 1018 2095 tabulatis
1055 2052 1275 2113 erigebat,
1312 2069 1493 2114 easque,

113 2130 264 2176 multis
285 2133 513 2176 tormentis
540 2142 582 2176 et
602 2133 722 2175 omni
750 2148 908 2192 genere
935 2131 1123 2177 telorum
1150 2132 1412 2194 completas,
1438 2134 1493 2178 ad

114 2230 249 2275 opera
276 2215 459 2259 Caesaris
487 2212 760 2275 appellebat,
787 2223 835 2257 ut
864 2224 978 2258 rates
1005 2225 1334 2276 perrumperet,
1361 2225 1493 2276 atque

114 2310 246 2355 opera
264 2294 543 2339 disturbaret.
571 2295 641 2339 Sic
668 2294 863 2355 quotidie
892 2296 1099 2355 utrinque
1125 2296 1294 2340 eminus
1321 2295 1491 2352 fundis,

113 2375 304 2436 sagittis,
344 2374 610 2435 reliquisque
649 2374 743 2420 telis
785 2376 1082 2437 pugnabatur.
1124 2378 1269 2436 Atque
1302 2376 1395 2420 haec
1432 2378 1491 2420 ita

113 2457 259 2500 Caesar
294 2455 650 2512 administrabat,
678 2467 727 2500 ut
752 2457 1028 2501 conditiones
1062 2458 1179 2518 pacis
1211 2457 1493 2502 dimittendas

114 2552 205 2581 non
240 2536 520 2581 existimaret.
559 2538 624 2581 Ac
653 2539 825 2582 tametsi
861 2554 1130 2600 magnopere
1168 2537 1491 2594 admirabatur,

113 2616 334 2678 Magium,
360 2634 490 2678 quem
530 2617 585 2661 ad
621 2619 878 2680 Pompeium
909 2636 1011 2664 cum
1037 2617 1255 2662 mandatis
1289 2618 1490 2670 miserat,

116 2695 172 2739 ad
191 2713 236 2741 se
255 2714 345 2741 non
368 2699 560 2755 remitti,
597 2709 731 2760 atque
754 2716 802 2744 ea
827 2716 894 2745 res
917 2717 1028 2761 saepe
1053 2709 1221 2744 tentata
1244 2699 1322 2743 etsi
1348 2699 1489 2759 impe-

305 2794 351 2822 11.
1285 2798 1309 2824 2
