1972 3356
595 243 661 278 DE
691 242 856 277 BELLO
886 243 1163 279 AFRICANoe
1498 241 1570 285 243

187 329 379 373 miserat.
423 329 528 386 Quo
562 328 697 384 facto,
731 328 867 372 cuivis
911 325 1037 371 facile
1076 326 1160 370 fuit
1199 324 1444 383 intellectu,
1481 327 1573 371 Sei-

185 410 306 471 pioni
328 409 525 454 additum
550 409 743 453 animum
765 407 1057 467 fiduciamque
1081 407 1196 468 regis
1221 406 1413 452 adventu
1437 424 1446 451 :
1471 423 1575 452 nam

186 500 360 551 postero
385 489 454 535 die
476 490 702 534 universas
717 505 816 532 suas
838 489 1040 548 regisque
1061 487 1349 553 copias,*cum
1372 486 1575 550 elephan-

184 573 238 616 tis
266 589 325 617 Lx
358 570 594 633 productas
624 571 670 614 in
697 570 857 624 aciem,
893 584 1025 628 quam
1054 568 1371 628 speciosissime
1404 571 1575 630 potuit,

183 653 392 697 instruxit
415 669 424 696 ε
453 668 504 696 ac
528 648 661 712 paulo
687 648 862 710 longius
888 664 1147 709 progressus
1173 648 1227 692 ab
1252 648 1341 692 suis
1361 651 1574 695 munitio-

182 735 334 791 nibus,
361 732 480 778 haud
506 733 566 777 ita
591 731 666 776 diu
694 740 994 775 commoratus
1011 764 1022 785 ,
1049 747 1094 774 se
1117 730 1281 791 recepit
1310 731 1356 774 in
1385 741 1542 776 castra.

245 816 407 859 XLIX.
437 815 583 859 Caesar
605 821 839 875 postquam
866 811 1201 868 animadvertit,
1229 811 1424 873 Scipioni
1449 813 1575 856 auxi-

179 895 235 940 lia
272 894 392 953 fere,
427 911 523 956 quae
564 903 885 956 exspectasset,
917 893 1066 938 omnia
1101 893 1358 937 convenisse
1380 927 1392 949 ,
1436 910 1577 954 neque

178 993 348 1021 moram
377 975 606 1039 pugnandi
634 974 767 1020 ullam
794 974 913 1030 fore,
942 991 1021 1036 per
1038 975 1196 1036 jugum
1223 990 1447 1018 summum
1474 991 1575 1019 cum

177 1059 314 1120 copiis
353 1056 561 1120 progredi
596 1058 753 1119 coepit‚
785 1067 827 1102 et
857 1056 1036 1101 brachia
1072 1056 1275 1117 protinus
1314 1054 1495 1111 ducere,
1534 1065 1578 1100 et

177 1138 355 1185 castella
386 1140 560 1184 munire
580 1175 590 1195 ,
623 1140 894 1201 propiusque
936 1138 1188 1199 Scipionem
1230 1135 1444 1198 capiendo
1481 1135 1577 1181 loca

177 1220 347 1267 excelsa
399 1238 617 1283 occupare
661 1220 901 1266 contendit.
948 1219 1228 1275 Adversarii,
1272 1217 1578 1280 magnitudine

178 1304 407 1365 copiarum
439 1302 620 1360 confisi,
653 1303 901 1364 proximum
938 1300 1094 1346 collem
1127 1310 1479 1362 occupaverunt3
1514 1310 1577 1345 at-

177 1400 265 1445 que
291 1384 350 1429 ita
374 1383 549 1446 longius
580 1383 640 1428 ibi
670 1383 982 1446 progrediendi
1015 1383 1275 1444 eripuerunt
1309 1380 1576 1427 facultatem.

179 1465 383 1528 Ejusdem
413 1464 537 1511 collis
556 1464 800 1527 occupandi
827 1467 968 1526 gratia
996 1464 1218 1509 Labienus
1247 1461 1480 1508 consilium
1507 1479 1577 1507 ce-

179 1557 328 1609 perat,
362 1557 426 1604 et,
458 1564 546 1608 quo
578 1548 786 1608 propiore
817 1545 914 1590 loco
952 1545 1108 1602 fuerit,
1135 1562 1186 1589 eo
1213 1544 1397 1590 celerius
1425 1561 1581 1588 occur-

180 1640 312 1675 rerat.

245 1713 297 1757 L.
335 1714 443 1757 Erat
471 1710 709 1766 convallis,
745 1712 848 1756 satis
876 1727 1035 1772 magna
1063 1709 1317 1764 latitudine,
1346 1708 1579 1754 altitudine

179 1802 424 1856 praerupta,
465 1793 629 1837 crebris
664 1791 771 1836 locis
804 1790 1022 1852 speluncae
1056 1792 1099 1833 in
1138 1790 1317 1834 modum
1352 1790 1579 1844 subrutis,

180 1891 277 1937 quae
298 1884 425 1919 erant
441 1872 805 1935 transgredienda
819 1871 981 1917 Caesari
1002 1881 1123 1926 ante,
1145 1887 1278 1932 quam
1300 1870 1354 1914 ad
1369 1887 1468 1914 eum
1489 1868 1580 1914 col-

182 1955 289 2013 lem,
320 1972 452 2018 quem
482 1970 638 2016 capere
666 1952 868 2009 volebat,
900 1952 1224 2014 perveniretur3
1251 1950 1455 2012 ultraque
1484 1967 1580 1994 eam

183 2035 430 2082 convallem
453 2034 664 2081 olivetum
686 2044 833 2091 vetus,
851 2033 1018 2078 crebris
1033 2032 1264 2076 arboribus
1289 2031 1577 2076 condensum.

183 2120 267 2164 Hic
287 2135 425 2180 quum
449 2118 673 2162 Labienus
695 2115 1097 2171 animadvertisset,
1122 2115 1362 2170 Caesarem,
1389 2114 1424 2157 si
1451 2111 1583 2157 vellet

182 2216 281 2245 eum
309 2198 455 2245 locum
482 2214 719 2260 occupare,
746 2196 870 2259 prius
899 2212 1071 2241 necesse
1098 2211 1191 2240 esse
1219 2192 1465 2239 convallem
1496 2192 1580 2238 oli-

185 2292 422 2343 vetumque
446 2279 689 2343 transgredi
710 2314 721 2337 ,
746 2295 899 2323 eorum
924 2277 1123 2323 locorum
1149 2278 1318 2339 peritus
1343 2277 1385 2320 in
1413 2275 1579 2320 insidiis

183 2380 284 2408 cum
309 2373 436 2425 parte
461 2363 680 2423 equitatus
704 2359 876 2422 levique
900 2369 1126 2404 armatura
1150 2357 1350 2402 consedit
1377 2375 1385 2401 :
1414 2367 1453 2401 et
1482 2373 1583 2417 prae-

186 2454 302 2489 terea
330 2454 430 2505 post
457 2453 654 2488 montem
681 2440 901 2503 collesque
927 2441 1095 2502 equites
1119 2440 1164 2483 in
1189 2438 1364 2483 occulto
1392 2436 1584 2482 colloca-

187 2535 336 2580 verat,
366 2535 438 2583 ut,
466 2541 605 2586 quum
632 2524 725 2585 ipse
753 2540 805 2567 ex
833 2523 1073 2584 improviso
1107 2519 1370 2581 legionarios
1401 2519 1584 2563 adortus

185 2617 321 2666 esset,
346 2624 397 2652 ex
418 2605 530 2652 colle
555 2623 599 2652 se
622 2606 842 2667 equitatus
869 2603 1136 2658 ostenderet,
1162 2611 1205 2646 et
1226 2618 1273 2645 re
1296 2599 1462 2662 duplici
1486 2616 1585 2661 per-

188 2688 390 2734 turbatus
427 2690 574 2734 Caesar
618 2688 798 2749 ejusque
832 2686 1070 2742 exercitus,
1110 2699 1250 2744 neque
1287 2692 1405 2726 retro
1437 2698 1584 2743 regre-

1286 2764 1355 2808 16.
