1972 3356
316 278 363 324 94
525 275 562 309 C.
597 275 725 310 JULII
754 273 966 309 CAESARIS
1000 273 1489 311 COMMENTARIORUM

314 375 419 404 nere
439 368 608 421 posset,
631 357 706 402 sed
729 355 823 401 aliae
838 356 1015 413 eodem,
1039 356 1156 400 unde
1173 366 1300 401 erant
1325 358 1553 418 profectae,
1575 361 1706 405 refer-

314 449 490 494 rentur,
516 438 609 482 aliae
633 437 688 482 ad
714 437 967 481 inferiorem
993 446 1162 498 partem
1193 436 1370 494 insulae,
1398 455 1496 498 quae
1519 450 1582 484 est
1606 458 1706 501 pro—

314 521 411 580 pius
426 517 527 564 solis
543 535 749 563 occasum
761 553 771 572 ,
792 535 952 580 magno
970 518 1035 561 sui
1052 534 1151 561 cum
1168 517 1367 578 periculo
1384 518 1675 579 dejicerentur
1697 537 1704 561 :

313 617 408 661 quae
426 609 573 644 tamen
589 635 600 656 ,
623 600 797 644 ancoris
817 600 946 660 jactis
965 615 1103 660 quum
1125 598 1333 643 fluctibus
1357 598 1706 661 complerentur,

313 681 556 726 necessario
578 680 760 725 adversa
785 689 912 724 nocte
937 681 981 724 in
1004 678 1143 724 altum
1172 689 1388 740 provectae
1408 682 1708 726 continentem

313 763 577 824 petiverunt.

374 845 539 889 XXIX.
566 843 730 888 Eadem
753 852 882 886 noete
905 840 1086 896 accidit,
1113 851 1163 884 ut
1187 851 1299 885 esset
1329 840 1431 885 luna
1454 841 1582 902 plena
1597 877 1608 899 ,
1632 858 1702 903 qui

311 925 402 970 dies
422 925 667 968 maritimos
685 933 814 968 aestus
837 923 1050 966 maximos
1071 923 1115 965 in
1136 924 1315 966 Oceano
1336 921 1511 967 efficere
1531 939 1710 967 consue-

311 1007 375 1050 vit
403 1023 411 1049 z
440 1005 689 1065 nostrisque
725 1003 769 1046 id
794 1012 887 1047 erat
912 1002 1201 1063 incognitum.
1230 1004 1295 1045 Ita
1324 1019 1414 1046 uno
1440 1012 1638 1064 tempore
1667 1014 1708 1047 et

311 1085 464 1147 longas
494 1101 647 1141 naves,
675 1084 836 1144 quibus
868 1086 1014 1128 Caesar
1040 1083 1282 1126 exercitum
1315 1083 1703 1144 transportandum

311 1176 562 1222 curaverat,
593 1180 790 1225 quasque
822 1164 867 1207 in
899 1162 1072 1207 aridum
1113 1162 1400 1218 subduxerat,
1433 1174 1562 1208 aestus
1593 1181 1710 1208 com-

310 1247 479 1308 plebat,
507 1256 549 1290 et
587 1245 836 1300 onerarias,
875 1260 971 1304 quae
1006 1243 1061 1287 ad
1097 1259 1278 1287 ancoras
1321 1254 1448 1287 erant
1482 1243 1708 1306 deligatae,

312 1338 543 1389 tempestas
573 1325 832 1379 afflictabat3
856 1341 999 1385 neque
1022 1323 1112 1368 ulla
1138 1325 1302 1368 nostris
1326 1323 1510 1369 facultas
1531 1335 1607 1369 aut
1631 1325 1709 1369 ad-

310 1408 612 1463 ministrandi,
641 1417 718 1451 aut
742 1405 983 1450 auxiliandi
1012 1405 1212 1448 dabatur.
1241 1404 1559 1466 Compluribus
1586 1408 1709 1450 navi-

309 1491 391 1535 bus
420 1489 591 1545 fractis,
618 1488 796 1549 reliquae
817 1504 956 1549 quum
983 1495 1145 1543 essent,
1171 1485 1368 1543 funibus,
1392 1489 1583 1543 ancoris,
1609 1487 1708 1532 reli-

311 1572 496 1633 quisque
527 1569 814 1615 armamentis
850 1568 1046 1624 amissis,
1082 1566 1136 1610 ad
1171 1567 1471 1626 navigandum
1509 1568 1708 1625 inutiles,

310 1670 491 1715 magna,
523 1653 566 1696 id
597 1651 717 1713 quod
752 1666 927 1695 necesse
956 1659 1049 1693 erat
1080 1649 1300 1704 accidere,
1331 1650 1464 1694 totius
1491 1651 1708 1695 exercitus

310 1734 589 1795 perturbatio
625 1732 739 1776 facta
775 1741 840 1775 cst
874 1748 882 1774 ε
920 1747 1061 1790 neque
1097 1731 1215 1773 onim
1252 1746 1383 1773 naves
1423 1740 1548 1774 erant
1585 1731 1707 1785 aliae,

310 1816 468 1876 quibus
509 1814 727 1875 reportari
769 1821 978 1874 possent3
1019 1820 1061 1854 et
1096 1811 1243 1854 onmia
1285 1811 1493 1867 deerant,
1524 1828 1620 1872 quae
1654 1813 1706 1856 ad

311 1894 569 1939 reficiendas
597 1911 668 1939 eas
698 1894 796 1937 usui
826 1903 954 1942 sunt;
984 1901 1044 1947 et,
1071 1891 1192 1952 quod
1217 1892 1423 1936 omnibus
1451 1894 1706 1945 constabat,

310 1977 504 2020 hiemare
533 1976 579 2019 in
607 1973 753 2020 Gallia
783 1983 1018 2035 oportere,
1049 1973 1320 2017 frumentum
1359 1973 1426 2017 his
1457 1974 1500 2017 in
1531 1973 1636 2019 locis
1663 1975 1705 2017 in

310 2057 498 2101 hiemem
524 2057 751 2117 provisum
780 2072 869 2099 non
895 2064 1002 2098 erat.

373 2139 516 2181 XXX.
550 2136 728 2195 Quibus
761 2135 893 2179 rebus
934 2135 1141 2196 cognitis,
1181 2134 1405 2195 principes
1441 2136 1706 2186 Britanniae,

308 2218 384 2278 qui
408 2229 507 2278 post
529 2216 734 2279 proelium
756 2216 944 2272 factum,
967 2215 1022 2259 ad
1046 2232 1113 2271 ea,
1135 2232 1230 2276 quae
1247 2216 1438 2277 jusserat
1458 2218 1628 2274 Caesar,
1648 2217 1707 2261 fa-

308 2297 462 2341 cienda
478 2307 777 2342 convenerant
791 2333 801 2352 ,
827 2297 940 2341 inter
962 2313 1005 2340 se
1027 2294 1256 2353 collocuti,
1281 2314 1420 2358 quum
1445 2299 1615 2358 equites
1630 2332 1641 2354 ,
1663 2309 1705 2341 et

308 2395 459 2433 naves,
494 2388 536 2422 et
572 2378 845 2425 frumentum
882 2378 1094 2422 Romanis
1130 2376 1276 2421 deesse
1310 2376 1627 2439 intelligerent,
1663 2389 1705 2421 et.

309 2460 575 2520 paucitatem
613 2459 806 2504 militum
836 2476 889 2503 ex
923 2469 1170 2503 castrorum
1204 2459 1441 2520 exiguitate
1471 2474 1706 2519 cognosce«

310 2550 425 2596 rent,
456 2557 552 2601 quae
580 2542 664 2585 hoc
689 2551 816 2584 erant
844 2541 975 2584 etiam
999 2540 1280 2602 angustiora,
1303 2538 1422 2600 quod
1449 2538 1541 2582 sine
1567 2539 1705 2600 impe-

309 2620 513 2665 dimentis
536 2624 683 2666 Caesar
705 2621 897 2683 legiones
922 2630 1320 2682 transportaverat,
1346 2620 1562 2679 optimum
1587 2620 1702 2665 factu

314 2718 399 2744 csse
422 2701 643 2745 duxeruut
659 2737 669 2757 ,
692 2700 931 2745 rebellione
959 2701 1089 2758 sacta,
1115 2701 1336 2745 frumento
1361 2711 1702 2762 commeatuque
