1972 3356
251 252 297 288 82
459 248 498 283 C.
529 247 659 283 JULlI
691 242 905 280 CAESARIS
937 239 1435 276 COMMENTARIORUM

250 336 331 378 bus
368 334 642 393 Lingonum,
674 338 737 383 et,
775 336 900 387 parte
938 324 1128 386 quadam
1164 340 1215 367 ex
1255 324 1414 367 Rheno
1455 334 1648 384 recepta,

252 430 346 474 quae
375 409 624 473 appellatur
652 407 853 463 Vahalis,
877 405 1066 451 insulam
1096 404 1229 449 efficit
1258 406 1547 459 Batavorum,
1574 421 1650 447 ne-

252 511 337 554 que
367 492 542 552 longius
575 489 628 533 ab
660 505 712 533 eo
737 486 932 532 millibus
965 503 1173 548 passuum
1201 502 1322 530 Lxxx
1350 486 1395 528 in
1424 487 1650 529 Oceanum

253 573 422 617 transit.
446 572 630 616 Rhenus
651 580 798 615 autem
823 570 966 613 oritur
988 585 1040 612 ex
1063 567 1315 628 Lepontiis,
1341 566 1417 628 qui
1436 565 1569 627 Alpes
1590 566 1655 609 in-

253 652 427 710 colunt,
460 662 503 696 et
526 651 659 714 longo
681 651 823 712 spatio
851 666 930 711 per
953 649 1063 693 fines
1090 648 1403 704 Nantuatium,
1432 646 1657 691 Helvetio-

255 751 373 791 rum,
425 735 729 794 Sequanorum
751 767 762 788 ,
814 730 1258 775 Mediomatricorum
1275 764 1286 783 ,
1337 729 1657 783 Tribucorum,

255 816 539 871 Treviorum,
577 815 736 858 citatus
779 812 921 856 fertur
951 829 959 855 :
991 821 1055 866 et,
1085 812 1162 855 ubi
1198 812 1378 854 Oceano
1418 809 1660 871 appropin-

258 906 385 958 quat,
411 897 455 940 in
482 894 631 956 plures
660 893 821 938 diffluit
850 903 1017 954 partes,
1047 890 1200 936 multis
1230 891 1571 953 ingentibusque
1597 891 1662 933 in-

260 976 366 1022 sulis
401 976 588 1033 effectis,
625 992 816 1036 quarum
847 990 947 1036 pars
980 989 1143 1036 magna
1177 989 1201 1016 a
1239 972 1341 1016 feris
1373 972 1663 1032 barbarisque

261 1058 514 1102 nationibus
542 1055 766 1111 incolitur,
790 1072 843 1099 ex
872 1055 1032 1115 quibus
1063 1064 1188 1109 sunt,
1213 1054 1287 1114 qui
1317 1053 1508 1114 piscibus
1532 1062 1664 1112 atque

263 1140 356 1183 ovis
383 1139 530 1182 avium
557 1137 706 1181 vivere
738 1137 1066 1187 existimantur,
1099 1134 1339 1194 multisque
1370 1134 1589 1194 capitibus
1621 1135 1665 1176 in

265 1222 492 1264 Oceanum
521 1218 682 1261 influit.

330 1303 408 1345 XI.
436 1301 604 1355 Caesar,
633 1315 771 1360 quum
798 1298 851 1342 ab
881 1298 1006 1341 hoste
1037 1314 1125 1341 non
1155 1295 1344 1357 amplius
1373 1312 1580 1357 passuum
1605 1310 1670 1340 xu

266 1382 461 1427 millibus
485 1382 674 1435 abesset,
701 1391 751 1424 ut
781 1390 873 1424 erat
898 1380 1211 1435 constitutum,
1237 1378 1291 1422 ad
1317 1395 1417 1422 eum
1446 1377 1577 1439 legati
1604 1395 1673 1422 re·

268 1472 504 1507 vertuntur
543 1478 552 1505 :
591 1462 693 1522 qui,
733 1462 777 1504 in
815 1461 972 1504 itinere
1008 1460 1250 1521 congressi,
1290 1475 1578 1521 magnopere,
1619 1476 1675 1504 ne

270 1544 444 1606 longius
465 1541 824 1604 progrederetur,
855 1542 1056 1586 orabant.
1078 1543 1231 1600 Quum
1257 1540 1301 1584 id
1330 1557 1419 1584 uon
1447 1542 1676 1601 impetras—

272 1635 389 1682 sent,
412 1624 642 1686 petebant,
664 1623 727 1666 uti
751 1622 806 1666 ad
834 1640 906 1666 eos
932 1623 1125 1683 equites,
1147 1624 1221 1683 qui
1239 1638 1395 1683 agmen
1421 1623 1677 1667 antecessis-

274 1716 396 1763 sent,
440 1705 736 1767 permitteret,
782 1720 943 1764 eosque
988 1721 1139 1765 pugna
1184 1703 1463 1764 prohiberet3
1511 1702 1680 1764 sibique

277 1791 339 1834 uti
366 1796 629 1848 potestatem
652 1785 837 1841 faceret,
866 1786 909 1828 iu
935 1786 1075 1830 Ubios
1102 1784 1267 1846 legatos
1298 1784 1505 1828 mittendi
1531 1802 1540 1828 :
1570 1801 1681 1845 quo-

277 1885 377 1913 rum
401 1868 433 1911 si
464 1867 688 1928 principes
715 1882 765 1909 ac
788 1875 965 1910 senatus
991 1866 1071 1910 sibi
1091 1865 1383 1927 jurejurando
1408 1865 1540 1910 fidem
1564 1865 1685 1910 fecis-

280 1957 400 2003 sent,
432 1964 482 1991 ea
517 1946 794 2003 conditione,
834 1963 930 2007 quae
959 1963 983 1990 a
1014 1948 1185 1990 Caesare
1210 1946 1419 2002 ferretur,
1446 1964 1490 1991 se
1525 1963 1684 1993 usuros

280 2028 572 2073 ostendebant
599 2046 607 2072 :
634 2028 688 2072 ad
708 2029 786 2072 has
810 2044 878 2071 res
900 2027 1196 2071 conficiendas
1220 2028 1299 2071 sibi
1332 2028 1467 2072 tridui
1493 2029 1685 2090 spatium

283 2109 420 2154 daret.
444 2112 546 2154 Haec
569 2111 716 2154 omnia
741 2111 887 2154 Caesar
912 2108 1067 2152 eodem
1096 2108 1173 2152 illo
1197 2110 1419 2170 pertinere
1443 2110 1687 2155 arbitraba-

286 2199 357 2233 tur
374 2224 384 2247 ,
402 2200 470 2246 ut,
490 2189 627 2234 tridui
646 2207 769 2234 mora
789 2190 1071 2250 interposita,
1093 2190 1264 2250 equites
1282 2207 1456 2246 eorum,
1476 2192 1552 2252 qui
1571 2192 1689 2235 abes-

287 2280 401 2327 sent,
432 2279 762 2314 reverterentur
799 2288 807 2314 :
847 2280 994 2314 tamen
1035 2287 1127 2314 sese
1161 2287 1250 2314 non
1286 2270 1460 2332 longius
1493 2270 1689 2316 millibus

288 2367 494 2411 passuum
525 2366 572 2395 lv
594 2351 845 2412 aquationis
871 2367 999 2394 causa
1026 2367 1336 2411 processurum
1367 2369 1419 2397 eo
1447 2352 1517 2396 die
1544 2351 1655 2396 dixit
1678 2370 1686 2396 :

290 2431 376 2474 huc
399 2441 575 2492 postero
603 2431 672 2475 die
697 2449 831 2493 quam
861 2431 1204 2492 frequentissimi
1227 2434 1534 2485 convenirent,
1566 2443 1614 2477 ut
1637 2433 1690 2478 de

293 2528 445 2554 eorum
471 2511 702 2572 postulatis
728 2521 1024 2574 cognosceret.
1056 2513 1239 2557 Interim
1263 2513 1317 2558 ad
1343 2513 1589 2575 praefectos,
1616 2516 1690 2575 qui

297 2607 395 2634 cum
429 2594 548 2635 omui
588 2593 787 2653 equitatu
827 2603 1173 2651 antecesserant,
1211 2595 1368 2650 mittit,
1403 2594 1479 2655 qui
1516 2597 1694 2639 nuntia-

298 2682 415 2726 rent,
446 2690 499 2717 ne
522 2673 667 2717 hostes
690 2673 846 2734 proelio
866 2673 1154 2731 lacesserent,
1175 2684 1237 2732 et,
1261 2675 1294 2718 si
1322 2675 1405 2735 ipsi
1431 2673 1694 2721 lacesseren-
