1972 3356
560 226 628 262 DE
655 226 816 262 BELLO
848 224 1067 260 GALLICO
1098 222 1189 258 LIB.
1214 221 1281 256 111.
1578 210 1621 263 73

232 310 471 365 munitum,
510 312 663 371 paucis
699 309 872 364 diebus,
911 308 1072 368 quibus
1104 323 1155 350 eo
1191 314 1371 349 ventum
1404 312 1519 355 erat,
1555 318 1627 345 ex-

231 399 474 452 pugnatum
489 400 807 453 cognoverant,
824 389 989 450 legatos
1007 403 1187 448 quoquo
1208 401 1358 430 versus
1382 383 1624 435 dimittere,

234 471 484 532 conjurare,
502 470 675 516 obsides
695 471 811 513 inter
831 485 875 512 se
899 468 1023 521 dare,
1037 468 1183 528 copias
1206 481 1362 527 parare
1380 471 1624 525 coeperunt.

237 552 475 596 Mittuntur
500 553 628 596 etiam
662 550 717 594 ad
741 567 813 594 eas
848 549 1049 593 civitates
1079 547 1230 608 legati,
1265 563 1361 606 quae
1384 555 1487 590 sunt
1522 544 1626 587 cite-

232 633 360 677 rioris
383 633 625 694 Hispaniae,
646 631 843 675 finitimae
864 629 1113 691 Aquitaniae
1138 646 1146 672 ε
1172 626 1274 671 inde
1296 625 1456 671 auxilia
1476 625 1626 669 duces-

232 730 318 774 que
345 721 641 758 arcessuntur.
667 713 874 771 Quorum
901 710 1094 754 adventu
1119 725 1280 771 magna
1304 724 1406 752 cum
1434 706 1627 751 auctori-

234 804 342 847 tate,
361 803 405 838 et
426 810 584 856 magna
610 810 711 837 cum
730 793 965 836 hominum
984 789 1271 835 multitudine
1291 787 1455 833 bellum
1479 804 1629 849 gerere

233 883 466 920 conantur.
488 877 637 920 Duces
656 891 761 919 vero
782 875 811 917 ii
835 872 1112 935 deliguntur,
1132 872 1208 932 qui
1231 886 1317 914 una
1340 886 1440 914 cum
1463 870 1519 927 Q.
1537 870 1631 913 Ser-

234 958 348 1002 torio
379 973 531 1002 omnes
562 973 702 1000 annos
733 955 933 1011 fuerant,
966 969 1273 1015 summamque
1309 951 1536 997 scientiam
1569 950 1631 993 rei

234 1037 438 1082 militaris
460 1037 624 1082 habere
647 1036 1033 1081 existimabantur.
1054 1036 1111 1079 Hi
1130 1033 1453 1079 consuetudine
1478 1029 1632 1094 populi

235 1120 405 1165 romani
426 1117 519 1163 loca
543 1133 719 1179 capere,
739 1127 881 1162 castra
905 1116 1100 1166 munire,
1124 1115 1442 1161 commeatibus
1459 1123 1632 1157 nostros

236 1198 530 1244 intercludere
552 1199 805 1243 instituunt.
830 1198 967 1256 Quod
988 1199 1063 1241 ubi
1082 1198 1267 1242 Crassus
1295 1194 1633 1249 animadvertit,

235 1297 335 1324 suas
360 1281 507 1342 copias
534 1290 717 1341 propter
746 1281 1033 1341 exiguitatem
1064 1295 1153 1323 non
1182 1277 1308 1322 facile
1333 1276 1503 1333 diduci,
1532 1276 1633 1320 hos-

238 1372 326 1406 tem
357 1372 400 1405 et
424 1363 597 1423 vagari,
626 1372 669 1405 et
699 1362 789 1405 vias
812 1360 1032 1414 obsidere,
1061 1370 1104 1403 et
1132 1360 1286 1403 castris
1311 1359 1414 1402 satis
1444 1357 1633 1419 praesidii

236 1442 509 1504 relinquere,
535 1444 590 1487 ob
616 1459 710 1487 eam
735 1458 911 1487 causam
935 1442 1080 1485 minus
1106 1439 1337 1485 commode
1362 1439 1634 1483 frumentum

235 1534 622 1585 commeatumque
653 1524 735 1568 sibi
766 1524 1045 1585 supportari,
1073 1524 1119 1566 in
1144 1521 1235 1566 dies
1257 1522 1451 1565 hostium
1480 1538 1635 1566 nume-

236 1622 335 1649 rum
364 1607 544 1667 augeri,
576 1623 666 1650 non
696 1605 997 1650 cunctandum
1030 1603 1325 1659 existimavit,
1352 1604 1459 1663 quin
1486 1619 1635 1665 pugna

235 1686 493 1732 decertaret.
519 1690 613 1732 Hac
636 1704 683 1732 re
706 1686 761 1731 ad
786 1685 1021 1732 consilium
1044 1684 1211 1743 delata,
1239 1686 1314 1730 ubi
1338 1701 1492 1729 omnes
1522 1683 1636 1728 idem

237 1770 400 1813 sentire
427 1768 668 1825 intellexit,
698 1778 925 1830 posterum
956 1768 1072 1812 diem
1101 1784 1260 1830 pugnae
1289 1767 1534 1812 constituit.

302 1852 471 1896 XXIV.
507 1851 659 1895 Prima
695 1849 813 1906 luce,
848 1849 1076 1911 productis
1114 1849 1320 1893 omnibus
1359 1848 1521 1910 copiis,
1556 1846 1638 1890 du-

239 1933 344 1995 plici
370 1933 464 1977 acie
494 1933 721 1988 instituta,
747 1930 921 1976 auxiliis
950 1933 993 1974 in
1024 1930 1215 1975 mediam
1239 1931 1378 1975 aciem
1403 1929 1637 1991 conjectis,

238 2013 347 2075 quid
368 2014 516 2058 hostes
541 2012 713 2058 consilii
737 2023 967 2074 caperent,
988 2011 1283 2074 exspectabat.
1297 2009 1387 2069 Illi,
1409 2012 1490 2056 etsi
1510 2028 1640 2072 prop-

242 2106 308 2139 ter
349 2093 714 2152 multitudinem,
747 2104 790 2139 et
827 2104 1022 2139 veterem
1053 2091 1159 2137 belli
1194 2091 1407 2155 gloriam,
1443 2092 1641 2154 paucita-

239 2187 419 2237 temque
459 2186 738 2231 nostrorum,
771 2192 816 2220 sc
846 2185 943 2220 tuto
977 2175 1266 2221 dimicaturos
1304 2173 1639 2227 existimabant,

241 2268 389 2303 tamen
415 2258 556 2302 tutius
573 2274 666 2302 esse
685 2257 1039 2315 arbitrabantur,
1061 2257 1248 2301 obsessis
1271 2257 1374 2312 viis,
1391 2264 1641 2300 commeatu

240 2337 505 2397 intercluso,
531 2339 623 2383 sine
648 2338 740 2383 ullo
765 2337 949 2384 vulnere
971 2338 1157 2383 victoria
1185 2337 1349 2399 potiri:
1374 2347 1437 2394 et,
1459 2337 1492 2381 si
1514 2352 1643 2398 prop-

243 2432 311 2465 ter
340 2421 538 2482 inopiam
566 2421 629 2464 rei
658 2420 959 2465 frumentariae
990 2420 1180 2465 Romani
1212 2435 1303 2463 sese
1332 2419 1526 2479 recipere
1554 2435 1641 2462 coc-

243 2504 432 2564 pissent,
458 2501 694 2563 impeditos
726 2503 771 2546 in
801 2504 974 2564 agmine
1001 2513 1044 2546 et
1072 2502 1152 2546 sub
1181 2500 1384 2556 sarcinis,
1414 2498 1644 2544 inferiores

240 2585 414 2642 animo,
438 2584 605 2629 adoriri
635 2584 902 2645 cogitabant.
928 2587 1023 2628 Hoc
1052 2582 1237 2628 consilio
1260 2582 1446 2644 probato
1476 2582 1530 2625 ab
1560 2580 1643 2624 du-

241 2665 384 2722 cibus,
415 2665 646 2726 productis
681 2667 987 2709 Romanorum
1018 2665 1179 2726 copiis,
1215 2680 1306 2708 sese
1338 2662 1493 2708 castris
1524 2671 1644 2706 tenc-
