1972 3356
335 207 384 249 64
537 208 575 241 C.
606 207 736 242 JULII
766 206 989 240 CAESARIS
1021 205 1514 242 COMMENTARIORUM

334 291 404 335 Illi
430 292 511 335 sub
533 307 710 334 murum
739 307 782 333 se
808 289 1048 350 recipiunt,
1087 289 1234 348 ibique
1268 289 1519 334 musculum
1545 294 1726 336 turrim-

334 388 420 432 que
449 370 685 415 lateritiam
712 369 849 414 libere
870 369 1128 414 incendunt.
1153 371 1222 413 Ita
1247 368 1487 413 multorum
1511 374 1727 416 mensium

334 451 458 495 labor
485 452 680 496 hostium
709 451 923 513 perfidia,
953 461 996 495 et
1025 451 1065 494 vi
1103 451 1394 512 tempestatis,
1423 461 1590 512 puncto
1621 460 1729 497 tem-

332 533 451 594 poris
467 533 647 577 interiit.
666 535 969 577 Tentaverunt
988 532 1071 576 hoc
1097 531 1212 575 idem
1238 530 1532 576 Massilienses
1552 542 1729 592 postero

333 613 403 658 die
428 632 437 659 :
469 613 668 658 eamdem
692 614 809 658 nacti
835 622 1159 674 tempestatem,
1184 613 1340 673 majori
1357 629 1457 657 cum
1486 611 1650 657 fiducia
1675 613 1730 657 ad

333 694 518 740 alteram
557 705 724 740 turrem
771 711 1063 756 aggeremque
1117 695 1350 755 eruptione
1397 704 1730 756 pugnaverunt,

333 776 608 838 multumque
630 778 777 838 ignem
802 775 1062 820 intulerunt.
1093 775 1197 832 Sed,
1222 785 1270 819 ut
1297 775 1534 836 superioris
1560 785 1732 836 tempo-

334 859 393 902 ris
412 859 741 902 contentionem
764 858 902 901 nostri
933 874 1109 901 omnem
1131 856 1415 912 remiserant,
1437 857 1519 911 ita,
1543 856 1730 916 proximi

334 938 420 982 diei
449 955 552 983 casu
585 939 818 994 admoniti,
861 938 1010 981 onmia
1039 936 1094 981 ad
1129 936 1427 981 defensionem
1451 947 1728 997 paraverant.

334 1022 513 1080 Itaque,
530 1018 679 1063 multis
705 1018 946 1062 interfectis
960 1052 971 1073 ,
991 1017 1184 1078 reliquos
1205 1017 1366 1061 infecta
1393 1034 1438 1061 re
1459 1019 1503 1061 in
1518 1018 1731 1079 oppidum

334 1099 607 1160 repulerunt.

397 1182 494 1225 XV.
531 1179 777 1224 Trebonius
804 1197 875 1235 ea,
907 1197 1003 1240 quae
1046 1189 1148 1224 sunt
1189 1180 1368 1234 amissa,
1396 1177 1539 1223 multo
1568 1180 1734 1240 majore

333 1261 481 1306 studio
514 1260 704 1305 militum
733 1261 1042 1305 administrare
1073 1271 1116 1304 et
1141 1260 1321 1304 reficere
1353 1261 1554 1304 instituit.
1589 1261 1732 1316 Nam,

333 1343 408 1386 ubi
426 1352 571 1387 tantos
596 1359 697 1387 suos
721 1341 892 1387 labores
914 1352 956 1386 et
984 1351 1222 1403 apparatus
1246 1340 1358 1385 male
1383 1340 1590 1385 cecidisse
1615 1341 1735 1386 vide-

333 1433 460 1479 runt,
490 1423 766 1484 induciisque
788 1440 865 1484 per
896 1422 1036 1467 scelus
1064 1421 1258 1479 violatis,
1285 1439 1407 1466 suam
1435 1423 1642 1466 virtutem
1674 1424 1733 1467 ir-

333 1506 441 1549 risui
465 1505 558 1548 fore
583 1504 901 1565 perdoluerunt
917 1539 928 1560 ,
953 1503 1096 1564 quod,
1122 1503 1238 1547 unde
1266 1520 1401 1565 agger
1416 1505 1597 1547 omnino
1615 1520 1733 1547 com-

335 1587 502 1647 portari
531 1595 697 1646 posset,
723 1584 834 1628 nihil
861 1595 955 1629 erat
991 1583 1231 1645 reliquum,
1271 1584 1477 1628 omnibus
1502 1584 1733 1629 arboribus

335 1665 465 1728 longe
488 1665 659 1727 lateque
687 1667 731 1709 in
758 1666 918 1710 finibus
946 1664 1290 1710 Massiliensium
1318 1664 1473 1709 excisis
1503 1674 1545 1708 et
1572 1682 1732 1709 conve-

334 1748 434 1802 ctis,
457 1763 663 1808 aggerem
689 1748 790 1790 novi
818 1746 989 1807 generis
1016 1756 1149 1805 atque
1175 1744 1423 1788 inauditum
1451 1761 1499 1787 cx
1525 1744 1731 1789 lateritiis

335 1827 507 1871 (luobus
528 1828 692 1883 muris,
717 1843 870 1870 senum
896 1825 1061 1887 pedum
1091 1825 1400 1881 crassitudine,
1425 1835 1556 1886 atquc
1580 1842 1732 1869 eorum

334 1925 564 1952 murorum
586 1908 964 1969 contignationem
990 1906 1132 1951 farere
1160 1907 1468 1962 instituerunt,
1494 1923 1616 1967 aequa
1645 1906 1734 1951 fere

334 1988 591 2045 latitudine,
610 1998 744 2050 atque
760 1987 830 2032 ille
845 1989 1129 2049 congestitius
1148 2004 1200 2032 ex
1220 1988 1402 2031 materia
1420 1987 1566 2031 fuerat
1581 2004 1729 2049 agger.

333 2070 421 2115 Ubi
451 2080 526 2114 aut
551 2070 744 2131 spatium
780 2070 895 2113 inter
924 2085 1100 2124 muros,
1130 2077 1204 2112 aut
1235 2067 1508 2112 imbecillitas
1537 2069 1730 2113 materiae

335 2150 558 2212 postulare
585 2150 829 2207 videretur,
864 2149 962 2211 pilae
1007 2151 1378 2210 interponuntur,
1411 2150 1727 2193 transversaria

336 2233 455 2293 tigna
479 2233 755 2293 injiciuntur,
780 2247 876 2292 quae
906 2231 1182 2274 firmamento
1198 2247 1290 2275 esse
1312 2230 1480 2292 possint
1499 2248 1507 2274 :
1525 2240 1588 2285 et,
1605 2230 1731 2292 quid-

335 2313 441 2374 quid
471 2323 535 2357 est
568 2313 901 2375 contignatum,
932 2312 1124 2356 cratibus
1155 2313 1475 2366 consternitur,
1501 2321 1730 2371 cratesque

335 2393 428 2437 luto
472 2395 744 2456 integuntur.
789 2392 879 2437 Sub
919 2402 1032 2436 tecto
1060 2391 1209 2449 miles,
1254 2392 1435 2436 dextera
1467 2409 1516 2436 ae
1551 2393 1728 2436 sinistra

335 2492 463 2519 muro
489 2485 651 2529 tectus,
681 2474 888 2519 adversus
917 2472 1052 2534 plutei
1081 2474 1275 2535 objectu,
1306 2474 1428 2535 operi
1454 2489 1727 2533 quaecunque

337 2557 435 2600 usui
463 2566 586 2612 sunt,
615 2557 708 2600 sine
734 2553 929 2617 periculo
965 2565 1210 2616 supportat.
1239 2553 1454 2599 Celeriter
1485 2570 1552 2597 res
1587 2553 1729 2597 admi·

340 2637 551 2681 nistratur
576 2654 584 2679 :
614 2636 812 2681 diuturni
840 2633 1001 2680 laboris
1027 2636 1337 2680 detrimentum
1373 2633 1548 2678 solertia
1575 2644 1615 2677 ct
1645 2635 1729 2677 vir-
