1972 3356
407 297 477 334 180
612 301 649 336 C.
682 299 809 335 JULII
840 299 1056 334 CAESARIS
1087 299 1575 336 COMMENTARIORUM

402 385 453 427 iis
487 384 734 428 communis
763 382 914 427 salutis
942 399 1069 428 causa
1100 383 1349 443 impetrari,
1379 393 1430 427 ut
1456 394 1597 428 castra
1621 385 1783 430 munire

400 464 703 520 instituerent,
741 480 829 524 quo
865 462 1036 508 facilius
1076 464 1328 525 repentinos
1371 463 1564 508 hostium
1605 465 1794 526 impetus

396 546 611 590 sustinere
635 554 824 606 possent.
848 565 869 586 2>

458 628 604 670 XXX.
641 627 743 670 Fuit
770 626 863 671 haec
890 627 1031 671 oratio
1062 643 1150 671 non
1187 628 1361 688 ingrata
1389 626 1549 683 Gallis,
1584 627 1794 683 maxime,

394 706 515 768 quod
544 707 636 768 ipse
669 707 818 751 animo
848 723 937 751 non
970 706 1213 761 defecerat,
1250 717 1373 751 tanto
1409 717 1590 768 accepto
1629 708 1794 752 incom-

394 787 548 845 modo,
582 805 724 849 neque
758 804 802 832 se
832 789 877 831 in
902 786 1125 832 occultum
1149 787 1396 842 abdiderat,
1429 798 1473 832 et
1505 798 1792 848 conspectum

395 868 696 913 multitudinis
725 869 899 931 fugerat
929 886 937 912 ι
963 869 1150 929 plusque
1179 869 1328 912 animo
1358 868 1591 929 providere
1613 879 1655 913 et
1680 886 1791 930 prae·

394 951 556 994 sentire
570 950 920 1006 existimabatur,
941 949 1081 1010 quod,
1101 966 1147 993 re
1171 950 1362 1010 integra,
1388 951 1531 1009 primo
1555 950 1792 994 incenden-

394 1031 499 1075 dum
534 1032 791 1086 Avaricum,
821 1041 921 1091 post
953 1030 1245 1074 deserendum
1275 1040 1518 1073 censuerat.
1552 1032 1707 1091 Itaque
1743 1042 1793 1075 ut

393 1111 665 1171 reliquorum
700 1111 1018 1170 imperatorum
1051 1125 1120 1153 res
1151 1109 1345 1153 adversae
1374 1110 1683 1154 auctoritatem
1714 1112 1795 1155 rni-

395 1201 563 1248 nuunt,
594 1193 655 1235 sic
680 1192 812 1252 hujus
844 1208 894 1235 ex
922 1192 1145 1235 contrario
1175 1190 1386 1251 dignitas,
1418 1191 1700 1237 incommodo
1721 1209 1793 1237 ac-

393 1283 542 1333 cepto,
571 1273 615 1316 in
642 1272 733 1316 dies
760 1272 1018 1333 augebatur.
1049 1270 1189 1315 Simul
1217 1271 1261 1314 in
1290 1288 1412 1332 spem
1441 1272 1674 1316 veniebant
1699 1274 1792 1334 ejus

393 1352 688 1397 affirmatione
729 1352 782 1396 de
833 1351 1012 1412 reliquis
1059 1351 1352 1414 adjungendis
1394 1353 1658 1397 civitatibus.
1698 1355 1792 1398 Pri-

393 1449 604 1493 mumque
624 1449 675 1476 eo
691 1442 891 1493 tempore
911 1431 1029 1477 Galli
1053 1442 1191 1477 castra
1216 1433 1389 1476 munire
1417 1433 1726 1489 instituerunt;
1748 1444 1792 1478 et

395 1514 456 1556 sic
484 1523 587 1557 sunt
611 1513 758 1556 animo
790 1514 1079 1569 consternati,
1106 1514 1308 1557 homines
1337 1514 1495 1557 insueti
1521 1511 1682 1559 laboris
1701 1550 1712 1571 ,
1743 1525 1792 1559 ut

395 1592 543 1636 omnia
575 1610 671 1654 quae
706 1595 1055 1654 imperarentur,
1092 1594 1171 1637 sibi
1208 1593 1412 1654 patienda
1454 1603 1494 1637 et
1531 1595 1790 1655 perferenda

394 1675 706 1718 existimarent.

460 1756 623 1799 XXXI.
650 1756 743 1799 Nec
778 1756 947 1811 minus,
977 1772 1110 1816 quam
1150 1766 1214 1799 est
1252 1755 1473 1816 pollicitus
1506 1757 1791 1817 Vercingeto-

393 1836 461 1879 rix
482 1837 631 1879 animo
656 1835 884 1879 laborabat
910 1845 957 1879 ut
980 1835 1170 1895 reliquas
1199 1837 1399 1879 civitates
1424 1836 1706 1898 adjungeret,
1729 1845 1792 1880 at-

392 1933 478 1977 que
499 1933 648 1960 earum
666 1917 890 1977 principes
909 1915 1036 1959 donis
1057 1914 1540 1977 pollicitationibusque
1556 1915 1787 1961 alliciebat.

393 1997 506 2041 Huic
526 1999 589 2040 rei
606 1996 787 2041 idoneos
809 1997 1010 2040 homines
1032 1996 1274 2058 deligebat,
1294 2014 1485 2058 quorum
1507 1997 1692 2058 quisque
1714 2006 1788 2041 aut

391 2078 591 2122 oratione
617 2076 802 2122 subdola
829 2087 906 2121 aut
932 2078 1125 2121 amicitia
1155 2077 1361 2121 facillime
1389 2079 1485 2139 capi
1511 2087 1670 2139 posset.
1695 2078 1786 2136 Qui

391 2160 581 2203 Avarico
610 2169 862 2220 expugnato
886 2157 1162 2219 refugerant,
1191 2158 1428 2203 armandos
1452 2158 1788 2220 vestiendosque

391 2249 528 2283 curat.
548 2238 708 2295 Simul,
731 2250 780 2283 ut
794 2239 1031 2282 deminutae
1049 2240 1185 2299 copiae
1205 2239 1630 2301 redintegrarentur,
1651 2240 1788 2300 impe-

391 2329 458 2363 rat
480 2329 651 2364 certum
672 2336 907 2363 numerum
929 2318 1121 2362 militum
1139 2320 1413 2375 civitatibus,
1432 2336 1583 2380 quem,
1597 2329 1637 2364 et
1656 2336 1787 2380 quam

391 2411 491 2445 ante
519 2401 633 2445 diem
665 2403 709 2445 in
739 2410 882 2446 castra
910 2400 1067 2444 adduci
1097 2400 1223 2456 velit;
1249 2401 1587 2462 sagittariosque
1615 2416 1786 2457 omnes,

391 2498 581 2541 quorum
610 2491 701 2526 erat
726 2497 992 2542 permagnus
1017 2482 1059 2523 in
1085 2480 1231 2526 Gallia
1254 2498 1483 2538 numerus,
1514 2481 1716 2540 conquiri
1743 2490 1785 2523 et

390 2562 444 2605 ad
476 2580 520 2606 se
547 2564 664 2607 mitti
687 2563 826 2624 jubet.
862 2563 941 2606 His
979 2562 1110 2606 rebus
1142 2561 1343 2606 celeriter
1371 2562 1439 2618 id,
1463 2560 1582 2622 quod
1610 2560 1785 2604 Avarici

390 2640 661 2702 deperierat,
697 2642 914 2704 expletur.
948 2644 1132 2686 Interim
1168 2645 1475 2695 Teutomatus,
1513 2639 1785 2685 Olloviconis

393 2720 530 2778 silius,
570 2741 645 2767 rex
680 2724 1013 2783 Nitiobrigum,
1046 2724 1169 2783 cujus
1200 2731 1323 2782 pater
1357 2721 1409 2765 ab
1445 2731 1598 2765 senatu
1634 2731 1784 2765 nostro
