1972 3356
534 239 601 274 DE
632 239 793 274 BELLO
825 238 1158 275 HISPANIENSI.
1481 241 1555 290 289

165 338 307 365 sarem
341 322 559 383 proficisci
593 341 601 366 :
628 322 690 367 illi
719 340 763 367 se
790 323 1131 368 satisfacturum.
1170 327 1391 370 Potestate
1431 325 1557 385 data,

166 420 305 463 quum
332 403 434 448 iude
460 414 570 449 esset
598 405 844 466 profectuS‚
883 405 1087 466 praesidio
1115 416 1392 467 comparato,
1420 425 1556 468 quum

163 484 275 528 bene
298 501 505 546 magnam
532 502 710 529 manum
733 484 922 541 fecisset,
950 495 992 529 et
1012 496 1230 530 nocturno
1254 496 1453 549 tempore
1478 505 1558 549 per

164 563 380 609 fallaciam
404 566 448 609 in
481 565 695 627 oppidum
729 575 842 608 esset
865 575 1093 626 receptus,
1115 565 1438 627 jugulationem
1465 586 1557 613 ma-

162 662 293 706 gnam
316 646 420 690 facit
450 663 459 690 :
486 645 867 707 principibusque,
900 645 974 705 qui
999 645 1082 689 sibi
1112 647 1320 690 contrarii
1351 647 1555 703 fuissent,

161 726 423 784 interfectis,
462 726 677 788 oppidum
717 726 763 769 in
808 742 933 769 suam
960 735 1219 787 potestatem
1258 728 1428 790 recipit.
1459 732 1555 775 Hoc

160 810 381 869 praeterito
406 818 626 869 tempore,
655 808 766 852 servi
797 807 1035 870 transfugae
1058 809 1401 867 nuntiaverunt,
1430 812 1555 872 oppi-

161 889 379 934 danorum
398 889 514 933 bona
536 887 691 944 vendi,
716 905 796 932 nec
825 889 895 932 cui
920 898 1042 932 extra
1066 888 1231 933 vallum
1257 889 1389 935 licere
1412 892 1552 949 exire,

159 970 244 1014 nisi
261 969 523 1014 discinctum
545 987 554 1013 τ
572 969 848 1030 idcircoque,
875 986 924 1013 ex
950 987 1038 1030 quo
1056 969 1126 1014 die
1143 970 1358 1033 oppidum
1379 975 1552 1034 Ategua

158 1060 270 1095 esset
297 1060 499 1112 captum,
527 1060 647 1095 metu
676 1051 936 1095 conterritos
963 1050 1214 1112 complures
1242 1052 1478 1114 profugere
1507 1054 1550 1097 in

158 1133 414 1189 Baeturiam,
443 1148 586 1193 neque
619 1132 699 1176 sibi
735 1131 868 1176 ullam
896 1148 1015 1193 spem
1048 1133 1242 1176 victoriae
1275 1135 1549 1195 propositam

158 1212 319 1257 habere
349 1231 358 1258 :
385 1223 448 1270 et,
475 1215 509 1258 si
535 1215 611 1275 qui
636 1230 685 1257 ex
714 1215 874 1258 nostris
903 1213 1208 1275 transfugerit,
1249 1215 1291 1258 in
1317 1213 1457 1259 levem
1484 1232 1552 1260 ar—

158 1304 378 1339 maturam
405 1296 587 1356 conjici,
618 1312 807 1357 cumque
837 1311 924 1339 non
953 1293 1141 1356 amplius
1169 1311 1247 1339 xvi
1271 1296 1482 1357 accipere.

222 1377 388 1421 XXIII.
413 1377 668 1438 Insequenti
695 1387 891 1438 tempore
920 1378 1066 1420 Caesar
1094 1377 1247 1421 castris
1273 1387 1413 1421 castra
1445 1394 1550 1422 con-

156 1455 286 1514 tulit,
310 1466 354 1501 et
376 1457 607 1502 brachium
631 1458 687 1502 ad
721 1457 883 1503 flumen
911 1456 1082 1501 Salsum
1112 1457 1271 1502 ducere
1296 1459 1439 1519 coepit.
1470 1459 1550 1502 Hic

155 1537 260 1582 dum
289 1538 333 1582 in
357 1555 490 1599 opere
519 1539 658 1583 nostri
677 1539 855 1583 distenti
875 1548 1039 1593 essent,
1065 1537 1314 1599 complures
1338 1555 1390 1583 ex
1414 1555 1544 1600 supe-

153 1619 269 1663 riore
293 1617 392 1663 loco
419 1618 771 1664 adversariorum
799 1619 1147 1664 decucurrerunt
1172 1636 1181 1662 :
1210 1636 1290 1663 nec
1314 1619 1548 1664 detinenti-

152 1700 234 1745 bus
267 1702 449 1758 nostris,
490 1700 640 1746 multis
674 1700 769 1746 telis
803 1702 972 1762 injectis
1009 1699 1259 1762 complures
1291 1699 1547 1745 vulneribus

154 1781 347 1826 affecere.
384 1782 467 1826 Hic
493 1792 662 1838 tamen,
687 1792 736 1826 ut
764 1782 823 1826 ait
853 1782 1046 1837 Ennius,
1075 1801 1096 1822 «
1121 1782 1260 1825 nostri
1286 1797 1452 1825 cessere
1470 1798 1547 1842 pa-

156 1879 350 1924 rimiper.
387 1865 590 1924 »Itaque
631 1872 786 1924 praeter
831 1861 1195 1907 consuetudinem
1233 1879 1368 1923 quum
1399 1879 1422 1906 a
1464 1879 1543 1906 no-

153 1944 252 1988 stris
273 1943 627 1989 animadversum
652 1955 763 1989 esset
787 1944 962 2000 cedere,
988 1945 1269 1988 centuriones
1296 1960 1347 1987 ex
1374 1941 1547 2005 legione

86 2019 91 2023 ¹
153 2026 306 2087 quinta
333 2025 499 2070 flumen
527 2027 787 2088 transgressi
815 2025 905 2070 duo
932 2026 1222 2069 restituerunt
1246 2025 1408 2081 aciem3
1434 2026 1545 2069 acri-

152 2117 306 2168 terque
327 2108 486 2152 eximia
506 2109 669 2152 virtute
696 2106 840 2169 plures
862 2124 1000 2169 quum
1023 2116 1224 2169 agerent,
1252 2123 1304 2151 ex
1321 2107 1546 2168 superiore

154 2186 252 2232 loco
291 2187 574 2233 multitudine
614 2187 804 2233 telorum
849 2187 958 2233 alter
1008 2204 1161 2232 eorum
1205 2187 1411 2232 concidit.
1455 2189 1542 2243 Ita,

153 2286 290 2330 quum
314 2271 348 2315 is
372 2271 516 2332 impar
542 2269 746 2332 proelium
770 2269 910 2315 facere
936 2271 1159 2332 coepisset,
1186 2278 1228 2314 et
1252 2285 1389 2330 quum
1415 2268 1544 2312 undi-

153 2367 238 2411 que
264 2368 308 2395 se
333 2352 643 2396 circumveniri
669 2351 1068 2409 animadvertisset,
1105 2367 1345 2412 parumper
1380 2351 1545 2412 ingres-

155 2449 249 2485 sus,
274 2432 429 2493 pedem
456 2432 652 2478 offendit.
681 2433 823 2495 Hujus
851 2433 1123 2478 concidentis
1148 2433 1230 2476 viri
1253 2449 1352 2477 casu
1382 2432 1543 2494 passim

152 2513 333 2567 audito,
373 2531 511 2575 quum
536 2513 785 2576 complures
815 2514 1164 2559 adversariorum
1190 2529 1455 2558 concursum
1482 2512 1544 2556 fa-

153 2605 325 2652 cerent,
354 2596 520 2656 equites
539 2596 677 2640 nostri
700 2597 956 2658 transgressi
985 2596 1195 2639 interiore
1216 2594 1312 2639 loco
1341 2594 1544 2638 adversa—

152 2678 241 2722 rios
266 2677 320 2722 ad
350 2676 514 2722 vallum
539 2693 668 2739 agere
692 2687 932 2739 coeperunt.
961 2678 1027 2721 Ita
1044 2712 1054 2734 ,
1070 2676 1174 2721 dum
1200 2674 1403 2737 cupidius
1430 2676 1545 2719 intra

350 2776 398 2803 Π.
1298 2773 1352 2819 Ῐ9
