1972 3356
444 252 522 294 134¹
652 250 691 284 C.
718 249 737 283 J
741 249 773 284 U
778 249 847 283 LII
877 247 1094 283 CAESARIS
1123 247 1606 284 COMMENTARIORUM

440 336 595 378 itinere
625 331 836 393 impedito
862 332 1120 394 perterritos
1145 329 1471 393 deprehendere
1494 340 1666 392 posset,
1695 347 1818 375 exer-

439 416 575 459 citum
595 430 618 458 e
636 414 788 458 castris
813 412 990 469 eduxit,
1015 414 1347 475 equitatumque
1369 411 1577 473 praemisit
1602 410 1656 454 ad
1680 412 1822 456 novis-

439 495 598 540 simum
638 511 797 557 agmen
833 494 1180 551 demorandum3
1218 510 1359 555 neque
1393 492 1604 554 consequi
1645 493 1820 553 potuit,

437 575 558 638 quod
587 575 777 621 multum
808 576 1010 638 expedito
1040 576 1198 620 itinere
1225 583 1515 619 antecesserat
1548 574 1708 618 Caesar.
1735 571 1820 617 Sed

437 674 575 718 quum
610 667 791 702 ventum
822 666 932 702 esset
963 656 1016 702 ad
1054 657 1218 701 flumen
1256 658 1485 702 Genusum
1506 689 1517 710 ,
1557 651 1677 714 quod
1715 653 1822 714 ripis

437 748 531 782 erat
553 737 804 800 impeditis,
835 748 1094 783 consecutus
1126 738 1347 799 equitatus
1379 736 1637 780 novissimos
1667 732 1821 795 proelio

438 818 672 863 detinebat.
697 820 810 864 Huic
836 836 936 864 suos
963 821 1110 864 Caesar
1132 819 1297 880 equites
1322 817 1554 879 opposuit,
1578 813 1825 877 expeditos·

438 916 523 960 que
557 901 867 962 antesignanos
903 900 1135 945 admiscuit
1171 915 1257 956 cn3
1296 899 1370 960 qui
1411 907 1583 942 tautum
1623 895 1823 958 profece-

438 990 569 1038 runt,
602 990 677 1036 ut,
704 982 896 1042 equestri
925 980 1080 1042 proelio
1109 981 1368 1036 commisso,
1402 977 1616 1040 pellerent
1647 993 1825 1033 omnes,

438 1060 778 1122 compluresque
799 1061 1116 1117 interficerent,
1137 1061 1217 1122 ipsi
1249 1058 1491 1104 incolumes
1520 1075 1565 1103 se
1589 1057 1644 1102 ad
1666 1073 1824 1120 agmen

437 1142 696 1202 reciperent.

505 1225 709 1269 LXXVI.
736 1223 951 1270 Confecto
968 1224 1087 1285 justo
1108 1224 1263 1267 itinere
1287 1222 1380 1283 ejus
1403 1220 1510 1276 diei,
1531 1218 1649 1282 quod
1667 1235 1829 1281 propo-

438 1313 585 1347 suerat
609 1305 769 1361 Caesar,
799 1303 1142 1366 transductoque
1168 1304 1358 1348 exercitu
1386 1302 1547 1347 flumen
1575 1303 1826 1353 Genusum,

439 1385 660 1429 veteribus
694 1387 782 1430 suis
815 1387 859 1430 in
897 1387 1051 1431 castris
1083 1396 1236 1430 contra
1274 1384 1565 1446 Asparagium
1603 1380 1827 1437 consedit,

440 1464 686 1526 militesque
732 1483 884 1511 omnes
929 1469 1044 1511 intra
1090 1466 1253 1510 vallum
1295 1475 1540 1510 castrorum
1580 1463 1828 1519 continuit,

440 1547 800 1607 equitatumque,
831 1565 908 1608 per
930 1564 1106 1592 causam
1131 1546 1368 1608 pabulandi
1397 1547 1629 1599 emissum,
1657 1543 1827 1588 confes-

440 1626 519 1670 tim
543 1629 800 1671 Decumana
830 1637 959 1689 porta
989 1629 1032 1671 in
1062 1637 1201 1672 castra
1230 1644 1274 1671 se
1299 1627 1491 1687 recipere
1514 1625 1656 1686 jussit.
1688 1623 1828 1668 Simili

442 1708 612 1751 ratione
650 1710 912 1770 PompeiuS,
952 1709 1152 1753 confecto
1191 1708 1385 1769 ejusdem
1431 1706 1516 1751 diei
1560 1707 1738 1762 itinere,
1785 1707 1828 1750 in

442 1789 530 1831 suis
561 1789 782 1833 veteribus
814 1790 968 1833 castris
999 1788 1054 1832 ad
1078 1790 1367 1850 Asparagium
1401 1787 1623 1844 consedit,
1648 1787 1830 1848 ejusque

442 1867 626 1924 milites,
660 1868 779 1929 quod
816 1869 871 1913 ab
903 1886 1064 1930 opere,
1100 1870 1283 1931 integris
1318 1869 1664 1925 munitionibus,
1700 1884 1828 1913 vaca-

440 1949 574 2005 bant,
601 1948 673 1993 alii
705 1949 901 2011 lignandi
934 1949 1261 2012 pabulandique
1288 1966 1419 1995 causa
1449 1948 1623 2012 longius
1650 1966 1831 2012 progre-

440 2030 704 2088 diebantur3
722 2031 822 2088 alii,
843 2031 960 2093 quod
977 2033 1121 2076 subito
1146 2031 1376 2076 consilium
1400 2031 1682 2093 profectionis
1701 2048 1828 2093 cepe·

440 2123 560 2170 rant,
575 2130 732 2175 magna
751 2123 874 2175 parte
890 2114 1306 2175 impedimentorum
1320 2123 1359 2157 et
1377 2115 1647 2157 sarcinarum
1661 2111 1830 2165 relicta,

441 2193 494 2237 ad
542 2193 632 2239 haec
683 2193 920 2256 repetenda
962 2196 1133 2239 invitati
1182 2195 1511 2256 propinquitate
1555 2184 1828 2255 superiorum

442 2285 707 2331 castrorum,
729 2276 937 2338 depositis
962 2277 1003 2319 in
1028 2277 1319 2321 contubernio
1339 2276 1493 2332 armis,
1516 2273 1680 2320 vallum
1699 2274 1831 2319 relin-

442 2357 649 2416 quebant.
676 2358 852 2415 Quibus
873 2356 928 2401 ad
957 2357 1226 2418 sequendum
1258 2356 1504 2418 impeditis,
1531 2359 1690 2412 Caesar,
1709 2355 1829 2416 quod

442 2437 534 2482 fore
567 2439 844 2500 providerat,
884 2439 1128 2483 meridiano
1160 2439 1246 2483 sere
1282 2448 1499 2500 tempore,
1529 2439 1654 2500 signo
1683 2436 1828 2498 profe·

441 2521 599 2564 ctionis
614 2520 737 2575 dato,
761 2521 999 2565 exercitum
1027 2520 1194 2574 educit,
1211 2518 1522 2581 duplicatoque
1548 2519 1643 2579 ejus
1662 2517 1745 2562 diei
1767 2519 1833 2561 iti-

445 2617 573 2658 nere,
600 2611 699 2646 octo
727 2600 862 2646 millia
883 2618 1090 2663 passuum
1117 2618 1170 2645 ex
1190 2617 1241 2644 co
1265 2599 1362 2644 loco
1379 2599 1559 2643 discedit
1590 2616 1598 2642 :
1630 2598 1747 2660 quod
1771 2598 1831 2643 fa·

445 2698 539 2726 ecre
562 2685 823 2744 Pompeius,
853 2681 1046 2727 discessu
1074 2681 1263 2726 militum
1281 2717 1291 2734 ,
1316 2697 1402 2724 non
1428 2679 1587 2740 potuit.

1916 340 1922 453 l
