1972 3356
520 227 586 262 DE
617 227 776 262 BELLO
809 227 1024 263 GALLICO
1058 226 1148 260 LIB.
1176 227 1202 260 Ι.
1515 238 1559 267 27

172 314 306 356 fatum
332 311 649 368 querebantur,
674 320 750 354 aut
775 327 876 354 cum
901 308 1190 354 familiaribus
1213 309 1300 352 suis
1327 324 1562 352 commune

172 387 416 448 periculum
444 391 782 435 miserabantur.
807 390 955 452 Vulgo
985 391 1089 434 totis
1117 390 1270 433 castris
1299 398 1563 433 testamenta

169 467 527 529 obsignabantur.
551 473 723 514 Horum
743 470 926 513 vocibus
949 487 998 513 ac
1021 472 1178 513 timore
1201 468 1410 531 paulatim
1431 470 1561 518 etiam

174 550 228 605 ii,
260 550 333 610 qui
361 568 570 612 magnum
597 552 642 594 iu
667 551 821 594 castris
845 567 973 594 usum
1001 550 1241 605 habebant,
1268 549 1428 593 milites
1458 566 1561 593 een-

172 642 470 692 'uu-ionesque,
492 633 656 692 quique
676 631 892 692 equitatui
910 640 1152 691 praeerant,
1174 630 1560 690 perturbabantur.

169 712 259 768 Qui
282 729 326 757 se
350 729 402 756 ex
428 713 495 756 his
523 713 667 756 minus
692 711 868 756 timidos
893 711 1133 755 existimari
1156 709 1378 764 volebant,
1407 727 1495 754 non
1518 728 1562 755 se

168 792 336 836 hostem
369 793 531 849 vereri,
568 791 642 836 sed
676 792 901 854 angustias
938 792 1105 836 itineris
1134 801 1178 835 et
1210 790 1560 852 magnitudinem

168 870 395 928 silvarum,
412 889 508 933 quae
521 872 846 917 intercederent
861 873 978 917 inter
992 873 1110 933 ipsos
1126 881 1257 932 atque
1272 872 1560 923 Ariovistum,

167 962 244 996 aut
276 970 369 997 rem
409 953 765 1010 frumentariam,
807 964 856 998 ut
893 955 999 998 satis
1033 952 1265 997 commode
1309 953 1560 1014 supportari

166 1044 331 1094 posset,
354 1036 509 1079 timere
529 1035 745 1080 dicebant.
765 1034 982 1080 Nonnulli
1003 1036 1135 1079 etiam
1152 1034 1314 1078 Caesari
1334 1034 1564 1078 renuncia-

167 1115 293 1171 bant,
310 1133 447 1176 quum
464 1127 605 1160 castra
620 1117 790 1161 moveri
808 1134 857 1161 ac
873 1118 997 1178 signa
1014 1117 1116 1160 ferri
1129 1117 1348 1178 jussisset,
1365 1133 1454 1159 non
1471 1115 1564 1159 fore

167 1195 284 1240 dieto
299 1197 524 1241 audientes
534 1196 718 1252 milites,
735 1214 814 1241 nec
831 1207 1013 1258 propter
1025 1199 1229 1241 timorem
1243 1198 1367 1259 signa
1382 1197 1561 1241 laturos.

231 1279 327 1321 XL.
365 1280 467 1321 Haec
491 1295 630 1338 quum
652 1277 1058 1332 animadvertisset,
1089 1287 1332 1322 convocato
1356 1277 1563 1331 concilio,

167 1359 452 1419 omniumque
475 1358 682 1402 ordinum
707 1358 762 1401 ad
785 1357 829 1401 id
852 1357 1089 1402 concilium
1115 1358 1321 1401 adhibitis
1345 1360 1566 1402 centurio-

168 1440 320 1495 nibus,
351 1440 634 1483 vehementer
664 1456 737 1483 eos
776 1439 1014 1495 incusavit,
1044 1440 1310 1493 «Primum,
1341 1439 1461 1499 quod
1489 1449 1566 1482 aut

166 1537 298 1580 quam
322 1521 365 1564 in
391 1531 582 1581 partem,
605 1530 682 1564 aut
706 1536 794 1580 quo
817 1518 1006 1564 concilio
1034 1519 1324 1577 ducerentur,
1353 1520 1433 1564 sibi
1455 1536 1567 1580 quae-

166 1601 353 1645 rendum
388 1611 463 1645 aut
498 1600 785 1662 cogitandum
814 1611 1036 1662 putarent.
1070 1601 1364 1658 Ariovistum,
1392 1618 1436 1645 se
1465 1618 1568 1645 con-

165 1680 281 1737 sule,
320 1682 604 1743 cupidissime
628 1681 792 1744 ‘populi
829 1683 1000 1725 romani
1034 1682 1278 1726 amicitiam
1305 1683 1524 1743 appetisse
1555 1699 1564 1726 t

164 1779 243 1805 cur
276 1763 395 1806 hunc
424 1773 514 1806 tam
557 1772 720 1807 temere
743 1763 977 1823 quisquam
1013 1763 1065 1806 ab
1093 1762 1239 1806 officio
1269 1763 1566 1808 discessurum

163 1843 407 1904 judicaret?
437 1844 529 1888 Sibi
558 1843 735 1904 quidem
762 1843 1040 1904 persuaderi,
1071 1844 1260 1904 cognitis
1289 1844 1381 1888 suis
1415 1854 1566 1905 postu-

165 1923 283 1977 latis,
307 1934 439 1984 atque
463 1925 668 1984 aequitate
693 1923 1000 1967 conditionum
1025 1934 1273 1984 perspecta,
1300 1941 1401 1968 eum
1425 1941 1568 1984 neque

166 2021 309 2060 suam,
330 2021 473 2064 neque
487 2003 642 2065 populi
658 2004 831 2048 romani
851 2004 1038 2065 gratiam
1060 2004 1411 2064 repudiaturum.
1431 2004 1568 2062 Quod

166 2086 199 2128 si
213 2119 223 2139 ,
243 2084 391 2128 furore
409 2095 541 2145 atque
557 2086 748 2129 amentia
769 2086 827 2128 im
836 2083 1007 2146 pulsus,
1023 2084 1188 2128 bellum
1204 2084 1445 2137 intulisset,
1461 2085 1569 2146 quid

166 2165 345 2209 tandem
364 2165 658 2210 vererentur?
679 2176 754 2210 aut
772 2183 852 2209 cur
870 2165 922 2209 de
945 2183 1023 2210 sua
1046 2166 1230 2222 virtute,
1256 2176 1333 2210 aut
1356 2165 1409 2210 de
1434 2167 1568 2227 ipsius

168 2245 396 2308 diligentia
430 2246 744 2308 desperarent?
778 2250 964 2291 Factum
1002 2248 1094 2309 ejus
1140 2248 1276 2291 hostis
1318 2246 1565 2308 periculum

166 2338 343 2389 patrum
387 2338 638 2372 nostrorum
676 2329 914 2385 memoria,
959 2346 1121 2389 quum,
1157 2329 1349 2373 Cimbris
1383 2339 1426 2373 et
1457 2331 1564 2373 Teu-

167 2409 282 2453 tonis
305 2427 330 2453 a
353 2410 403 2453 C.
429 2410 575 2454 Mario
598 2409 754 2471 pulsis,
780 2427 867 2454 non
891 2411 1108 2453 minorem
1134 2408 1309 2454 laudem
1330 2411 1566 2462 exercitus,

166 2508 299 2551 quam
327 2491 419 2552 ipse
448 2491 707 2551 imperator,
732 2493 916 2536 meritus
945 2491 1180 2535 videbatur
1206 2509 1215 2535 z
1241 2490 1407 2535 factum
1435 2492 1566 2534 etiam

171 2588 309 2632 nuper
345 2573 388 2616 111
430 2571 576 2626 Italia,
617 2572 763 2617 servili
802 2572 1001 2617 tumultu
1018 2609 1029 2622 ,
1071 2589 1181 2633 quos
1222 2583 1369 2616 tamen
1410 2571 1568 2632 aliquis

175 2668 279 2697 usus
290 2670 339 2697 ac
353 2652 581 2717 disciplina
595 2691 605 2713 ἲ
618 2672 751 2715 quam
764 2670 787 2697 a
811 2655 938 2698 nobis
955 2655 1245 2715 accepissent,
1273 2652 1564 2698 sublevarent.
