1972 3356
633 242 698 277 DE
731 242 895 277 BELLO
928 242 1086 278 CIVILI
1119 243 1212 277 LlB.
1239 243 1284 277 Π.
1609 244 1653 277 61

262 326 563 389 expediebant.
594 327 680 372 Ubi
709 338 881 389 tempus
914 327 1095 372 alterius
1133 327 1504 373 contabulationis
1534 328 1652 372 vide—

263 410 393 453 batur
409 444 420 464 ,
437 409 558 469 tigna
583 408 705 465 item,
725 419 773 452 ut
800 410 965 470 primo,
990 419 1104 453 tecta
1128 410 1332 454 extremis
1363 408 1572 454 lateribus
1594 409 1657 453 in-

264 490 509 545 struebant,
532 506 672 550 exque
700 506 749 533 ea
771 490 1100 550 contignatione
1125 507 1275 534 rursus
1302 507 1519 534 summam
1554 507 1658 534 con-

264 571 578 616 tabulationem
607 571 853 630 storiasque
877 568 1122 614 elevabant.
1149 572 1216 614 Ita
1243 581 1338 615 tuto
1371 589 1422 616 ac
1452 573 1544 616 sine
1567 571 1658 615 ullo

262 651 442 696 vulnere
464 668 512 695 ac
535 649 729 711 periculo
752 667 829 694 sex
851 649 1050 694 tabulata
1079 660 1414 707 exstruxerunt,
1443 652 1658 696 fenetras-

261 749 367 793 que,
400 732 558 792 quibus
593 732 637 775 in
672 729 779 775 locis
808 732 949 775 visum
983 741 1074 788 est,
1104 731 1158 775 ad
1187 741 1410 776 tormenta
1443 733 1657 777 mittenda

261 816 306 857 in
332 811 540 857 struendo
565 811 854 873 reliquerunt.

323 895 377 937 X.
410 893 498 938 Ubi
532 909 584 937 ex
610 910 659 937 ea
693 895 825 950 turri,
859 911 956 955 quae
985 895 1151 938 circum
1177 903 1341 949 essent,
1374 910 1511 955 opera
1546 897 1658 938 tueri

258 991 303 1018 se
329 991 455 1036 posse
482 974 635 1019 confisi
661 984 789 1031 sunt,
828 973 1075 1019 musculum
1103 974 1264 1035 pedum
1290 991 1349 1019 Lx
1375 974 1584 1037 longum,
1607 993 1658 1020 ex

258 1057 442 1100 materia
473 1055 686 1118 bipedali,
711 1073 843 1117 quem
869 1074 893 1100 a
923 1057 1033 1100 turri
1061 1055 1250 1101 lateritia
1276 1057 1330 1101 ad
1354 1057 1548 1101 hostium
1568 1068 1660 1102 tur-

258 1139 340 1181 rim
381 1154 647 1199 murumque
672 1137 989 1200 perducerent,
1020 1137 1161 1182 facere
1194 1139 1508 1193 instituerunt3
1533 1139 1658 1199 cujus

259 1217 445 1263 musculi
473 1219 563 1263 haec
590 1229 684 1263 erat
719 1218 873 1263 forma.
912 1221 1022 1264 Duae
1059 1219 1254 1280 primum
1294 1219 1436 1263 trabes
1481 1220 1525 1262 in
1565 1219 1658 1263 solo

259 1298 560 1362 aequelongae,
582 1299 794 1344 distantes
816 1301 929 1344 inter
950 1316 993 1344 se
1017 1299 1147 1361 pedes
1169 1317 1240 1355 iv,
1269 1298 1569 1356 collocantur,
1592 1301 1659 1343 in-

258 1396 345 1441 que
382 1381 441 1424 eis
471 1379 713 1424 columellae
738 1380 900 1442 pedum
938 1382 983 1424 in
1017 1380 1298 1424 altitudinem
1328 1398 1357 1424 v
1387 1381 1657 1442 defiguntur.

257 1463 345 1505 Has
377 1461 492 1505 inter
523 1477 567 1505 se
605 1459 818 1522 capreolis
859 1460 982 1505 molli
1017 1461 1192 1523 fastigio
1230 1462 1535 1523 conjungunt,
1585 1462 1659 1505 ubi

258 1542 403 1603 tigna,
432 1558 529 1603 quae
555 1541 744 1586 musculi
775 1542 949 1604 tegendi
973 1559 1102 1586 causa
1133 1552 1322 1604 ponant,
1353 1541 1656 1586 collocentur:

257 1639 308 1666 eo
331 1639 465 1685 super
491 1624 612 1685 tigna
633 1622 852 1685 bipedalia
879 1624 1104 1685 injiciunt,
1135 1640 1275 1685 eaque
1300 1622 1474 1667 laminis
1505 1622 1660 1668 clavis-

257 1721 344 1765 que
371 1703 571 1766 religant.
613 1703 680 1749 Ad
714 1714 960 1749 extremum
999 1704 1187 1749 musculi
1222 1715 1384 1750 tectum
1424 1704 1659 1765 trabesque

257 1795 494 1843 extremas,
528 1785 767 1847 quadratas
799 1785 994 1847 regulas,
1024 1802 1070 1830 iv
1106 1796 1307 1847 patentes
1334 1786 1515 1848 digitos,
1554 1785 1659 1830 defi-

259 1876 393 1927 gunt,
420 1883 517 1927 quae
547 1866 722 1924 lateres,
756 1868 831 1927 qui
857 1883 989 1928 super
1014 1865 1215 1911 musculo
1241 1876 1494 1924 struantur,
1522 1868 1659 1911 conti-

259 1956 402 1992 neant.
444 1949 510 1991 Ita
540 1947 744 2009 fastigato
771 1957 902 2008 atque
933 1947 1172 1991 ordinatim
1209 1957 1398 2004 structo,
1429 1958 1478 1992 ut
1512 1948 1658 1992 trabes

259 2039 385 2073 erant
408 2029 453 2072 in
472 2027 685 2090 capreolis
705 2027 949 2084 collocatae‚
970 2027 1182 2073 lateribus
1204 2027 1387 2090 lutoque
1412 2027 1657 2085 musculus,

260 2120 308 2155 ut
344 2110 398 2155 ab
424 2111 550 2172 igne,
581 2111 655 2171 qui
685 2126 735 2154 ex
771 2126 898 2154 muro
920 2109 1164 2169 jaceretur,
1191 2119 1313 2154 tutus
1343 2119 1481 2167 esset,
1507 2118 1658 2154 conte-

261 2193 379 2254 gitur
403 2208 412 2235 :
435 2207 566 2253 super
588 2190 743 2236 lateres
767 2192 886 2236 coria
912 2190 1199 2247 inducuntur,
1220 2208 1275 2236 ne
1294 2190 1520 2236 canalibus
1543 2207 1657 2252 aqua

260 2274 452 2317 immissa
482 2272 639 2318 lateres
666 2271 832 2317 diluere
860 2283 1017 2334 posset.
1047 2273 1181 2318 Coria
1205 2283 1377 2330 autem,
1407 2289 1461 2317 ne
1504 2289 1657 2317 rursus

261 2355 351 2417 igni
387 2372 436 2399 ac
463 2353 682 2416 lapidibus
713 2364 1082 2417 corrumpantur,
1122 2355 1383 2399 centonibus
1419 2364 1659 2416 contegun-

261 2445 347 2480 tur.
395 2439 491 2481 Hoc
526 2453 638 2497 opus
663 2452 816 2492 omne,
843 2445 1006 2481 tectum
1034 2437 1199 2493 vineis,
1239 2436 1295 2480 ad
1328 2437 1468 2497 ipsam
1495 2436 1657 2479 turrim

263 2517 525 2578 perficiunt,
551 2517 804 2578 subitoque,
826 2518 1159 2580 inopinantibus
1186 2517 1413 2573 hostibus,
1437 2517 1659 2561 machina-

263 2600 382 2643 tione
405 2598 574 2657 navali,
596 2598 827 2661 phalangis
849 2599 1080 2660 subjectis,
1107 2599 1160 2643 ad
1182 2600 1342 2644 turrim
1365 2598 1560 2642 hostium
1586 2597 1658 2642 ad-

265 2691 458 2736 movent,
484 2690 529 2725 ut
556 2680 740 2725 aedificio
758 2680 984 2742 jungatur.
