1972 3356
542 225 608 261 DE
638 225 796 261 BELLO
826 224 1212 261 ALEXANDRINO.
1501 223 1569 258 185

187 319 367 354 ventum
391 326 458 354 res
480 309 650 370 integra
675 307 926 352 differretur
950 325 958 350 :
990 307 1033 351 id
1060 308 1176 352 enim
1203 323 1292 351 esse
1322 307 1540 368 integrum
1558 342 1569 361 ⁷

187 389 307 451 quod
332 391 392 434 ita
415 399 544 447 esset,
571 399 620 433 ut
645 388 808 433 fuisset.
834 408 854 428 υ
888 388 967 431 His
991 388 1211 449 responsis
1235 386 1369 444 datis,
1393 404 1492 431 cum
1519 388 1570 431 iis

186 470 342 531 copiis,
367 486 476 531 quas
500 485 631 530 supra
672 468 845 528 scripsi,
879 465 1098 527 profectus
1127 477 1190 510 est
1222 468 1265 510 in
1295 468 1570 524 Armeniam,

184 549 376 611 locisque
400 548 699 610 superioribus
723 548 806 590 iter
829 546 972 590 facere
993 546 1181 590 instituit
1206 563 1214 589 :
1234 563 1335 590 nam
1355 563 1406 591 ex
1429 549 1570 592 Ponto
1626 538 1630 545 ¹

186 647 209 674 a
233 629 438 675 Comanis
459 628 617 688 jugum
641 626 806 670 editum
831 624 1026 669 silvestre
1051 635 1135 681 est,
1166 627 1389 686 pertinens
1415 627 1460 670 in
1488 630 1571 671 Ar-

185 709 373 753 meniam
396 709 633 761 minorem,
658 722 746 766 quo
771 704 1052 766 Cappadocia
1076 704 1233 749 finitur
1256 705 1310 749 ab
1335 707 1537 750 Armenia
1560 725 1568 750 :

185 789 308 849 cujus
342 788 507 832 itineris
532 786 609 830 has
643 802 734 830 esse
769 795 912 830 certas
949 787 1327 847 opportunitates,
1365 785 1482 847 quod
1527 788 1571 830 in

183 868 288 912 locis
329 866 629 929 superioribus
664 864 809 909 nullus
851 866 1041 926 impetus
1080 867 1337 926 repentinus
1374 865 1571 911 accidere

183 949 373 993 hostium
410 956 605 1009 poterat,
648 956 690 990 et
730 946 850 1007 quod
880 945 1183 1008 Cappadocia,
1214 947 1281 991 his
1307 948 1425 1008 jugis
1467 948 1570 991 sub-

178 1029 323 1089 jecta,
370 1044 574 1089 magnam
609 1037 876 1071 commeatus
914 1028 1085 1088 copiam
1127 1037 1221 1071 erat
1265 1028 1570 1072 subministra-

181 1119 295 1153 tura.

245 1190 453 1234 XXXVI.
491 1187 751 1250 Complures
775 1189 949 1233 interim
973 1188 1214 1251 legationes
1239 1188 1487 1234 Pharnaces
1516 1189 1570 1233 ad

180 1271 428 1316 Domitium
453 1269 611 1325 mittit,
635 1285 733 1330 quae
765 1268 818 1313 de
851 1285 956 1331 pace
993 1279 1190 1330 agerent,
1229 1270 1437 1331 regiaque
1472 1285 1571 1313 mu-

182 1367 284 1395 nera
310 1350 506 1396 Domitio
530 1349 704 1394 ferrent.
743 1351 806 1393 Ea
836 1359 1087 1394 constanter
1117 1350 1457 1411 aspernabatur;
1490 1366 1571 1393 nec

181 1430 262 1474 sibi
308 1429 547 1491 quidquam
592 1429 685 1473 fore
728 1430 972 1490 antiquius,
1013 1446 1144 1491 quam
1188 1429 1446 1492 dignitatern
1490 1447 1568 1491 po·

180 1509 272 1571 puli
296 1511 467 1555 romani
495 1520 538 1554 et
567 1526 702 1571 regna
741 1510 958 1554 sociorum
998 1526 1280 1570 recuperare⁷
1318 1509 1469 1571 legatis
1508 1527 1573 1554 re-

178 1590 434 1653 spondebat.
483 1591 659 1652 Magnis
700 1600 743 1634 et
792 1591 1012 1634 continuis
1056 1591 1287 1635 itineribus
1335 1590 1571 1647 confectis,

178 1688 317 1733 quum
340 1670 597 1715 adventaret
618 1670 673 1715 ad
695 1670 945 1732 Nicopolim
968 1670 1112 1732 (quod
1137 1670 1350 1733 oppidum
1378 1673 1569 1733 positum

178 1753 223 1796 in
259 1752 468 1796 Armenia
504 1751 676 1794 minore
712 1760 794 1806 est,
829 1750 961 1811 plano
1001 1753 1144 1811 ipsum
1186 1750 1304 1808 loco,
1347 1753 1570 1796 montibus

179 1843 327 1876 tamen
352 1830 451 1875 altis
477 1830 531 1875 ab
564 1830 736 1874 duobus
775 1830 984 1874 lateribus
1026 1831 1228 1892 objectis,
1268 1832 1371 1876 satis
1410 1848 1570 1892 magno

178 1910 412 1956 intervallo
436 1911 490 1955 ab
513 1911 677 1973 oppido
700 1909 925 1972 remotis),
952 1920 1094 1955 castra
1119 1912 1266 1972 posuit
1290 1910 1419 1972 longe
1443 1929 1468 1956 a
1494 1913 1570 1956 Ni-

178 1991 322 2054 copoli
346 1993 519 2037 circiter
541 1991 677 2036 millia
706 2008 913 2053 passuum
936 2002 1117 2053 septem.
1143 1993 1319 2050 Quibus
1343 2010 1392 2037 ex
1419 1995 1571 2038 castris

180 2090 315 2134 quum
334 2072 455 2118 locus
473 2083 684 2135 angustus
702 2083 832 2134 atque
852 2072 1088 2135 impeditus
1113 2084 1223 2118 esset
1245 2074 1545 2119 transeundus
1559 2110 1570 2131 ⁷

178 2154 426 2198 Pharnaces
468 2155 512 2198 in
546 2153 714 2198 insidiis
741 2153 930 2199 delectos
964 2154 1130 2216 pedites
1165 2172 1404 2216 omnesque
1451 2172 1572 2216 paene

180 2234 393 2296 disposuit
421 2234 588 2295 equites
617 2252 626 2278 ε
652 2250 856 2296 magnam
881 2245 1026 2280 autem
1050 2234 1377 2279 multitudinem
1404 2237 1570 2297 pecoris

179 2315 294 2359 intra
322 2331 394 2358 eas
422 2314 569 2359 fauces
595 2314 797 2377 dissipari
821 2317 973 2376 jussit3
1005 2333 1284 2378 paganosque
1313 2327 1356 2361 et
1383 2316 1570 2379 oppida-

178 2411 258 2438 nos
287 2395 330 2438 in
362 2395 412 2439 iis
440 2393 547 2440 locis
574 2395 798 2440 obversari
826 2413 837 2452 ;
868 2406 916 2441 ut
946 2432 957 2452 ,
989 2398 1023 2440 si
1053 2397 1218 2441 amicus
1247 2398 1470 2442 Domitius
1498 2413 1569 2441 eas

180 2475 402 2536 angustias
426 2476 657 2532 transiret,
684 2475 792 2520 nihil
815 2475 867 2521 de
892 2477 1060 2521 insidiis
1086 2478 1405 2538 suspicaretur,
1430 2494 1567 2538 quum

181 2555 224 2598 in
253 2554 368 2616 agris
400 2564 442 2599 et
477 2572 636 2616 pecora
672 2566 714 2600 et
748 2557 947 2602 homines
983 2557 1352 2602 animadverteret
1384 2559 1569 2614 versari,

182 2643 387 2696 tanquam
417 2637 659 2682 amicorum
699 2637 913 2696 adventu3
959 2641 1024 2684 sin
1065 2656 1170 2684 vero
1207 2650 1256 2684 ut
1293 2641 1337 2683 in
1374 2639 1567 2685 hostium
