1972 3356
498 224 565 260 DE
594 224 758 260 BELLO
788 223 944 259 CIVILI
971 224 1062 258 LIB.
1093 224 1164 258 111.
1456 222 1523 258 131

137 307 288 352 eadem
313 325 403 365 res,
429 307 650 353 celeritate
689 309 1013 370 insequentium
1049 306 1240 363 tardata,
1269 308 1430 352 nostris
1457 323 1526 351 sa-

138 387 273 433 lutem
300 389 462 434 attulit.

202 471 364 515 LXXI.
404 470 592 515 Duobus
621 470 688 514 his
715 471 846 515 unius
878 469 964 513 diei
988 468 1153 531 proeliis
1179 471 1324 515 Caesar
1358 469 1528 515 deside-

137 552 252 596 ravit
275 551 438 597 milites
462 567 690 607 DecchX,
718 560 762 594 et
787 560 914 595 notos
940 551 1108 611 equites
1137 568 1369 607 romanos,
1391 551 1532 612 Felgi-

138 643 284 678 natem
311 634 576 678 Tuticanum
601 631 803 688 Gallum,
827 632 1038 675 senatoris
1066 630 1230 685 filium3
1260 634 1309 677 C.
1338 632 1532 694 Felgina-

139 724 248 771 tem,
272 713 492 759 Placentia
512 730 523 770 ;
546 715 596 758 A.
614 713 857 769 Granium,
876 711 1091 769 Puteolis;
1107 714 1170 757 M.
1193 714 1529 770 Sacrativirum,

137 798 318 857 Capua;
364 796 568 840 tribunos
614 795 802 840 militurn
848 805 891 840 et
936 796 1216 839 centuriones
1263 812 1408 840 xxxu.
1446 796 1531 840 Sed

136 877 295 921 horum
321 878 520 921 omnium
546 893 649 939 pars
678 893 858 938 magna,
892 878 937 921 in
967 877 1093 921 fossis
1121 877 1532 938 munitionibusque

135 966 177 1001 et
201 957 394 1002 fluminis
420 959 528 1019 ripis
551 975 762 1020 oppressa
788 975 968 1003 suorum
993 968 1170 1002 terrore*
1199 974 1248 1002 ac
1276 957 1378 1020 fuga
1394 993 1405 1011 ‚
1439 959 1532 1003 sine

135 1037 226 1083 ullo
269 1038 449 1084 vulnere
497 1041 682 1096 interiit,
728 1040 943 1102 signaque
992 1049 1095 1084 sunt
1141 1038 1348 1083 militaria
1396 1056 1531 1085 xxxn

135 1121 304 1165 amissa.
341 1122 578 1182 Pompeius
601 1139 653 1166 eo
694 1120 850 1183 proelio
891 1122 1131 1183 imperator
1169 1131 1233 1165 est
1271 1121 1531 1183 appellatus.

139 1204 230 1247 Hoc
256 1219 418 1247 nomen
442 1203 658 1261 obtinuit,
685 1213 816 1263 atque
840 1204 900 1247 ita
927 1219 972 1247 se
998 1213 1147 1264 postea
1175 1202 1353 1248 salutari
1382 1221 1534 1264 passus

135 1292 217 1338 est;
242 1283 317 1327 sed
342 1301 482 1346 neque
506 1285 550 1328 in
573 1283 751 1342 litteris,
772 1301 880 1345 quas
899 1285 1088 1329 scribere
1109 1294 1173 1328 est
1191 1283 1346 1329 solitus
1362 1320 1373 1341 ,
1395 1301 1535 1346 neque

135 1366 179 1408 in
206 1364 393 1410 fascibus
416 1366 602 1427 insignia
629 1364 788 1409 laureae
812 1365 1020 1426 praetulit.
1048 1369 1105 1411 At
1129 1366 1371 1420 Labienus,
1397 1383 1533 1426 quum

134 1445 189 1489 ab
229 1462 282 1490 eo
317 1447 660 1508 impetravisset,
700 1456 750 1490 ut
783 1447 866 1491 sibi
903 1448 1100 1508 captivos
1136 1446 1302 1490 transdi
1336 1448 1535 1507 juberet,

134 1543 287 1571 omnes
325 1527 593 1589 productos,
624 1529 960 1584 ostentationis,
996 1538 1046 1571 ut
1084 1528 1344 1584 videbatur,
1381 1544 1536 1583 causa,

134 1625 222 1669 quo
242 1609 384 1670 major
408 1609 599 1671 perfugae
621 1608 727 1653 fides
749 1609 988 1654 haberetur
1003 1644 1014 1665 ,
1034 1608 1358 1653 commilitones
1384 1608 1536 1671 appel-

135 1689 254 1744 lans,
276 1699 319 1734 et
341 1706 502 1752 magna
528 1690 762 1735 verborum
791 1689 1057 1735 contumelia
1091 1691 1389 1753 interrogans,
1419 1711 1440 1732 α
1465 1708 1537 1735 so·

135 1769 334 1816 lerentne
349 1773 543 1817 veterani
568 1772 729 1816 milites
754 1771 928 1833 fugere,
951 1791 970 1812 2>
997 1773 1041 1815 in
1066 1773 1266 1816 omnium
1294 1782 1537 1834 conspectu

135 1854 358 1898 interficit.

200 1937 383 1980 LXXII.
426 1935 506 1980 His
530 1934 660 1979 rebus
696 1944 868 1979 tantum
905 1934 1078 1979 fiduciae
1112 1951 1161 1979 ac
1195 1935 1376 1996 spiritus
1404 1937 1539 1979 Pom-

138 2018 304 2079 peianis
331 2019 531 2071 accessit,
555 2026 603 2061 ut
629 2033 717 2061 non
745 2016 798 2060 de
823 2016 995 2060 ratione
1023 2014 1127 2060 belli
1154 2017 1425 2078 cogitarent,
1464 2016 1540 2061 sed

137 2101 291 2144 vicisse
310 2100 402 2161 jam
425 2099 506 2143 sibi
533 2098 801 2143 viderentur.
849 2099 953 2142 Non
977 2096 1038 2142 illi
1065 2098 1335 2159 paucitatem
1363 2108 1539 2143 nostro-

138 2198 237 2225 rum
275 2181 492 2239 militum,
537 2198 627 2225 non
663 2181 940 2241 iniquitatem
983 2177 1067 2224 loci
1111 2188 1244 2240 atque
1282 2180 1539 2242 angustias,

141 2266 455 2325 praeoccupatis
477 2264 628 2307 castris
646 2298 657 2320 ,
685 2274 728 2307 et
753 2264 989 2326 ancipitem
1016 2271 1232 2308 terrorem
1256 2263 1371 2307 intra
1397 2271 1542 2307 extra-

139 2361 225 2406 que
253 2345 550 2401 munitiones,
580 2361 671 2389 non
698 2345 939 2390 abscissum
967 2347 1011 2390 in
1041 2346 1151 2390 duas
1186 2355 1332 2407 partes
1373 2345 1541 2390 exerci-

140 2436 259 2483 tum,
277 2444 416 2488 quum
432 2426 571 2471 altera
586 2425 712 2471 alteri
729 2426 941 2472 auxilium
961 2425 1077 2472 ferre
1096 2444 1184 2472 non
1204 2437 1378 2489 posset,
1398 2442 1540 2472 causae

141 2507 273 2553 fuisse
296 2508 565 2571 cogitabant.
596 2509 699 2554 Non
728 2507 784 2552 ad
816 2508 909 2553 haec
940 2508 1186 2565 addebant,
1221 2525 1313 2553 non
1350 2524 1406 2552 ex
1436 2523 1541 2552 con-

142 2605 273 2635 cursu
298 2591 390 2635 acri
412 2590 552 2647 facto,
578 2607 667 2635 non
702 2589 859 2652 proelio
895 2589 1178 2646 dimicatum,
1213 2589 1385 2650 sibique
1423 2589 1540 2649 ipsos

144 2670 427 2716 multitudine
462 2681 594 2733 atque
627 2671 842 2733 angustiis
884 2675 1026 2733 majus
1068 2670 1263 2716 attulisse
1303 2670 1542 2715 detrimen-

1299 2768 1342 2815 9.
