1972 3356
318 277 366 311 26
523 276 562 311 C.
593 277 721 312 JULII
754 276 969 312 CAESARIS
999 275 1482 311 COMMENTARIORUM

318 359 510 403 vendum
540 363 684 406 Caesar
718 360 994 404 existimabat
1029 377 1038 403 :
1070 376 1259 420 namque
1296 359 1493 403 omnium
1522 375 1694 416 rerum,

316 457 411 500 quae
444 440 498 483 ad
534 439 698 484 bellum
733 441 831 485 usui
865 449 1010 497 erant,
1048 457 1217 484 summa
1249 449 1343 483 erat
1376 440 1420 483 in
1451 457 1502 484 eo
1535 440 1697 500 oppido

317 519 496 563 facultas
521 537 530 563 ε
560 519 691 581 idque
718 531 876 566 natura
898 520 982 565 loci
1011 521 1072 565 sic
1103 521 1400 577 muniebatur,
1425 531 1473 564 ut
1494 537 1698 582 magnam

316 598 369 642 ad
395 599 647 644 ducendum
672 600 838 646 bellum
866 601 990 646 daret
1018 600 1295 657 facultatem3
1320 611 1550 662 propterea
1580 601 1699 661 quod

318 678 482 724 flumen
517 682 682 737 Dubis,
717 692 768 725 ut
802 682 968 726 circino
1002 681 1374 739 circumductum,
1404 698 1526 743 paene
1555 691 1699 726 totum

316 760 525 821 oppidum
560 762 724 823 cingit3
754 761 974 822 reliquum
1004 762 1218 822 spatium,
1246 761 1365 821 quod
1395 771 1460 805 est
1489 778 1578 804 non
1606 778 1704 806 ani-2

317 839 431 900 plius
455 841 616 902 pedum
642 858 726 898 Dc,
751 858 835 902 qua
859 842 1023 885 flumen
1048 842 1325 898 intermittit,
1350 858 1476 885 mons
1503 842 1701 886 continet

317 937 476 982 magna
506 920 759 979 altitudine,
783 923 843 966 ita
866 931 915 966 ut
941 921 1109 966 radices
1132 922 1223 982 ejus
1248 923 1408 966 montis
1433 939 1484 965 ex
1514 931 1702 981 utraque

318 1012 441 1061 parte
470 1003 573 1063 ripae
597 1002 792 1047 fluminis
820 1004 1092 1064 contingant.
1122 1005 1252 1046 Hunc
1283 1019 1435 1046 murus
1457 1001 1702 1046 circumda-

318 1092 385 1125 tus
412 1099 558 1126 arcem
587 1083 742 1135 efficit,
770 1093 811 1127 et
841 1100 942 1127 cuin
965 1082 1129 1143 oppido
1159 1083 1402 1143 conjungit.
1431 1085 1530 1126 Huc
1559 1085 1703 1128 Caesar

319 1163 488 1223 magnis
513 1163 682 1207 diurnis
706 1164 1023 1223 nocturnisque
1042 1163 1273 1207 itineribus
1296 1162 1542 1219 contendit,
1569 1180 1701 1207 occu·

319 1252 508 1303 patoque
534 1243 714 1304 oppido,
739 1244 799 1286 ibi
824 1242 1075 1303 praesidium
1097 1242 1296 1287 collocat.

381 1325 590 1366 XXXIX.
629 1326 747 1367 Dum
775 1339 937 1384 paucos
973 1323 1063 1366 dies
1094 1322 1148 1367 ad
1175 1323 1492 1368 Vesontionem
1517 1325 1580 1367 rei
1609 1323 1702 1368 fru-

320 1404 544 1447 mentariae
578 1413 934 1464 commeatusque
967 1420 1095 1448 causa
1130 1413 1350 1461 moratur,
1385 1420 1437 1447 ex
1473 1414 1702 1465 perconta-

324 1483 438 1527 tione
462 1494 741 1541 nostrorum,
764 1485 1032 1545 vocibusque
1055 1483 1288 1529 Gallorum
1312 1502 1360 1529 ac
1387 1495 1702 1542 mercatorum,

320 1565 394 1624 qui
425 1564 590 1626 ingenti
624 1565 928 1627 magnitudine
955 1582 1192 1626 corporum
1218 1567 1485 1622 Germanos,
1517 1565 1704 1609 incredi-

321 1643 394 1687 bili
425 1645 587 1689 virtute
615 1655 746 1706 atque
781 1646 1093 1690 exercitatione
1131 1647 1175 1689 in
1206 1647 1337 1690 armis
1373 1662 1464 1690 esse
1497 1645 1704 1707 praedica-

320 1725 445 1781 bant,
475 1742 775 1786 saepenumero
811 1744 903 1770 sese
938 1744 1038 1770 cum
1072 1728 1124 1770 iis
1159 1743 1414 1787 congressos
1450 1743 1504 1770 ne
1531 1725 1704 1769 vultum

319 1806 498 1866 quidem
521 1818 652 1867 atque
675 1810 813 1851 aciem
836 1807 1062 1852 oculorum
1084 1808 1195 1851 ferre
1219 1809 1429 1868 potuisse,
1455 1818 1604 1851 tantus
1632 1823 1705 1850 su-

321 1887 413 1930 bito
436 1888 567 1931 timor
593 1905 770 1932 omnem
799 1889 1036 1934 exercitum
1062 1888 1317 1949 occupavit,
1346 1897 1393 1931 ut
1422 1905 1509 1931 non
1539 1886 1705 1930 medio-

322 1967 453 2011 criter
480 1969 678 2012 omnium
707 1979 876 2013 mentes
905 1970 1162 2029 animosque
1186 1968 1477 2029 perturbaret.
1505 1968 1588 2011 Hie
1618 1967 1706 2027 pri-

321 2064 442 2090 mum
463 2058 587 2091 ortus
605 2059 669 2093 est
692 2066 716 2092 a
740 2049 928 2093 tribunis
950 2048 1164 2105 militum,
1183 2065 1232 2092 ac
1254 2047 1486 2109 praefectis,
1508 2046 1708 2107 reliquis-

323 2143 430 2187 que,
469 2129 545 2188 qui
585 2146 637 2172 cx
680 2129 808 2184 urbe,
856 2129 1057 2173 amicitiae
1101 2145 1251 2184 causa,
1286 2130 1504 2173 Caesarem
1543 2128 1707 2176 secuti.

323 2224 531 2269 magnum
547 2208 793 2269 periculum
817 2210 1155 2265 miserabantur,
1176 2209 1296 2269 quod
1318 2225 1406 2252 non
1431 2224 1638 2269 magnum
1662 2209 1707 2249 in

324 2305 368 2331 re
394 2287 576 2332 militari
600 2306 727 2333 usum
754 2289 977 2333 habebant
1000 2307 1010 2334 :
1036 2306 1226 2350 quorum
1255 2289 1366 2333 alius
1396 2289 1481 2333 alia
1504 2305 1633 2333 causa
1658 2287 1709 2331 il-

323 2367 432 2422 lata,
461 2386 593 2429 quam
623 2370 704 2414 sibi
728 2370 784 2414 ad
811 2370 1176 2431 proficiscendum
1204 2371 1494 2414 necessariam
1524 2385 1614 2412 esse
1642 2368 1708 2410 di·-

325 2460 460 2506 ceret,
486 2451 679 2510 petebat,
704 2461 753 2495 ut
780 2452 873 2513 ejus
895 2451 1122 2496 voluntate
1146 2452 1370 2497 discedere
1392 2451 1543 2495 liceret
1567 2466 1577 2493 ε
1602 2465 1709 2492 non-

324 2528 456 2585 nulli,
481 2529 649 2591 pudore
672 2530 874 2588 adducti,
903 2542 953 2575 ut
979 2533 1150 2576 timoris
1173 2533 1468 2592 suspicionem
1497 2532 1705 2580 vitarent,

324 2610 622 2655 remanebant.
648 2612 705 2655 Hi
733 2628 874 2672 neque
899 2610 1071 2655 vultum
1099 2612 1288 2673 fingere,
1316 2626 1457 2670 neque
1485 2608 1706 2653 interdum

326 2687 534 2750 lacrymas
548 2702 695 2736 tenere
710 2702 912 2752 poterant
928 2710 937 2736 :
955 2692 1090 2737 abditi
1106 2694 1149 2736 in
1165 2692 1474 2747 tabernaculis,
1490 2700 1566 2734 aut
1579 2706 1703 2734 suum
