1972 3356
292 257 339 292 [00
498 251 537 287 C.
567 253 695 288 JULII
727 251 944 289 CAESARIS
975 250 1460 287 COMMENTARIORUM

355 340 412 382 II.
449 339 527 382 His
557 337 723 380 nuntiis
750 335 994 394 litterisque
1021 343 1267 377 commotus
1297 334 1460 390 Caesar,
1486 333 1592 376 duas
1620 331 1682 377 le—

291 420 440 480 giones
476 419 520 460 in
560 416 762 460 citeriore
796 414 941 460 Gallia
978 431 1111 458 novas
1149 414 1426 474 conscripsit,
1463 423 1527 469 et,
1570 412 1677 456 inita

290 508 455 553 aestate,
481 498 525 540 in
549 496 803 540 interiorem
822 494 1013 539 Galliam
1034 495 1109 555 qui
1133 493 1394 549 deduceret,
1417 495 1475 551 Q.
1495 492 1677 537 Pedium

291 578 483 639 legatum
521 577 651 620 misit.
687 579 805 637 Ipse,
840 592 976 636 quum
1008 576 1199 636 primum
1237 572 1386 634 pabuli
1425 574 1551 634 copia
1589 589 1679 616 esse

289 659 525 720 inciperet,
550 658 606 703 ad
628 658 867 702 exercitum
894 658 1032 712 venit,
1062 656 1136 700 dat
1163 656 1391 717 negotium
1415 654 1679 709 Senonibus,

289 738 556 800 reliquisque
580 737 740 794 Gallis,
769 738 845 798 qui
871 737 1049 780 finitimi
1073 735 1217 797 Belgis
1243 745 1390 792 erant,
1415 736 1478 779 uti
1506 752 1556 779 ea
1585 751 1680 795 quae

288 820 406 881 apud
441 836 513 863 eos
546 829 756 880 gerantur
787 826 1072 879 cognoscant,
1098 832 1231 877 seque
1257 816 1309 859 de
1334 816 1401 859 his
1430 816 1558 859 rebus
1587 831 1681 858 cer-

290 902 445 944 tiorem
474 900 651 944 faciant.
682 899 740 943 Hi
769 907 1021 943 constanter
1048 914 1199 941 omnes
1227 897 1564 951 nuntiaverunt,
1598 911 1683 938 ma-

289 998 371 1025 nus
394 982 516 1043 cogi,
544 981 782 1025 exercitum
808 981 852 1023 in
877 996 1016 1024 unum
1045 978 1189 1023 locum
1215 977 1415 1022 conduci.
1442 979 1555 1020 Tum
1578 992 1682 1019 vero

290 1060 582 1106 dubitandum
617 1078 706 1105 non
748 1062 1031 1117 existimavit,
1068 1061 1176 1121 quin
1215 1059 1269 1103 ad
1310 1076 1382 1102 eos
1420 1056 1684 1101 duodecimo

290 1142 360 1186 die
388 1141 755 1203 proficisceretur.
789 1144 853 1185 Re
883 1140 1169 1184 frumentaria
1203 1140 1396 1200 provisa,
1422 1147 1564 1182 castra
1592 1150 1683 1178 mo-

289 1233 381 1281 vet,
407 1223 650 1285 diebusque
677 1223 851 1267 circiter
872 1239 929 1265 xv
958 1221 1012 1265 ad
1032 1221 1140 1264 fines
1163 1219 1397 1281 Belgarum
1425 1219 1638 1280 pervenit.

354 1305 436 1349 III.
458 1307 523 1349 Eo
548 1320 686 1364 quum
715 1303 769 1346 de
796 1302 1038 1363 improviso
1066 1300 1337 1361 celeriusque
1366 1301 1562 1344 omnlum
1590 1298 1677 1359 opi-

290 1385 423 1430 nione
442 1385 650 1439 venisset,
666 1385 819 1440 Remi,
839 1384 914 1443 qui
936 1383 1125 1443 proximi
1150 1380 1304 1427 Galliae
1326 1398 1378 1425 ex
1396 1380 1541 1443 Belgis
1561 1389 1680 1437 sunt,

287 1463 345 1507 ad
370 1481 469 1508 eum
499 1463 683 1524 legatos,
712 1465 876 1508 Iccium
900 1473 944 1507 et
971 1463 1292 1524 Antebrogium
1309 1498 1320 1517 ,
1345 1462 1509 1523 primos
1529 1463 1681 1506 civita·

286 1542 365 1600 tis,
397 1542 633 1599 miserunt,
668 1544 742 1602 qui
774 1543 988 1600 dicerent,
1024 1560 1068 1587 se
1104 1559 1268 1603 suaque
1297 1543 1445 1586 omnia
1474 1543 1515 1586 in
1550 1543 1681 1587 sideni

286 1632 418 1683 atque
455 1632 718 1683 potestatem
753 1623 906 1684 populi
941 1625 1110 1668 romani
1145 1627 1419 1685 permittere,
1458 1642 1597 1685 neque
1624 1644 1666 1671 se

285 1720 386 1747 cum
414 1702 559 1765 Belgis
583 1703 764 1764 reliquis
793 1707 1084 1761 consensisse,
1114 1722 1255 1766 neque
1282 1715 1434 1749 contra
1463 1704 1677 1765 populum

286 1800 519 1828 romanum
558 1786 740 1829 omnino
775 1785 1046 1845 conjurassc3
1080 1796 1341 1846 paratosque
1371 1803 1463 1830 esse
1492 1799 1535 1830 et
1561 1786 1678 1829 ohsi-

285 1863 359 1908 des
378 1864 502 1921 dare,
523 1876 566 1909 et
589 1866 802 1926 imperata
822 1865 982 1920 facere,
1010 1875 1051 1909 et
1077 1866 1250 1927 oppidis
1275 1868 1491 1928 recipere,
1523 1878 1564 1910 et
1588 1867 1678 1910 fru-

285 1956 436 1990 mento
475 1948 717 2008 ceterisque
746 1948 877 1991 rebus
909 1949 1085 2009 juvare3
1120 1947 1312 2009 reliquos
1341 1966 1491 1993 omnes
1524 1947 1678 2009 Belgas

286 2027 330 2069 in
356 2028 489 2072 armis
509 2044 620 2083 esse3
641 2030 1000 2091 Germanosque,
1026 2030 1101 2090 qui
1128 2030 1189 2073 cis
1217 2030 1423 2074 Rhenum
1454 2029 1676 2085 incolunt,

287 2127 378 2155 sese
410 2128 510 2155 cum
541 2113 607 2156 his
644 2114 944 2174 conjunxisse3
977 2123 1238 2174 tantumque
1270 2131 1362 2157 esse
1394 2128 1547 2157 corum
1582 2131 1677 2157 om-

287 2192 409 2235 nium
432 2192 647 2249 furorem,
672 2203 721 2238 ut
744 2210 797 2237 ne
817 2194 1067 2238 Suessiones
1092 2194 1294 2254 quidem,
1320 2194 1475 2238 fratres
1498 2211 1675 2238 consan-

286 2273 555 2333 guineosque
579 2290 698 2331 suos,
722 2275 797 2334 qui
819 2274 973 2318 eodem
992 2275 1092 2335 jure
1117 2285 1160 2318 et
1178 2274 1341 2318 eisdem
1363 2273 1531 2336 legibus
1551 2284 1674 2318 utan-

287 2363 378 2408 tur,
412 2371 549 2399 unum
581 2355 815 2416 imperium
844 2372 1071 2416 unumque
1106 2356 1413 2417 magistratum
1441 2372 1541 2399 cum
1571 2355 1675 2415 ipsis

286 2434 494 2492 habeant,
519 2435 740 2480 deterrere
759 2437 1004 2497 potuerint,
1025 2438 1132 2497 quin
1155 2454 1255 2481 cum
1271 2437 1338 2480 his
1358 2436 1670 2481 consentirent.

349 2515 423 2559 IV.
453 2517 604 2573 Quum
629 2517 682 2560 ab
705 2517 775 2560 his
800 2527 1031 2577 quaereret,
1057 2534 1153 2578 quae
1178 2518 1392 2573 civitates,
1415 2524 1675 2576 quantaeque

287 2594 329 2635 in
353 2596 484 2639 armis
509 2607 670 2653 essent,
692 2607 736 2641 et
752 2597 859 2657 quid
880 2598 924 2640 in
948 2596 1062 2641 bello
1089 2608 1286 2658 possent,
1311 2597 1372 2641 sic
1395 2597 1639 2656 reperiebat
1662 2615 1671 2641 ε

287 2671 516 2735 plerosque
553 2675 707 2738 Belgas
742 2694 834 2722 esse
872 2687 990 2721 ortos
1032 2695 1054 2721 a
1092 2678 1343 2729 Germanis,
1379 2677 1673 2739 Rhenumque
