1972 3356
268 296 338 320 122
473 286 513 320 C.
545 284 673 319 JUL11
704 284 923 321 CAESARIS
954 285 1442 321 COMMENTARIORUM

263 369 362 414 lata.
397 369 510 413 Huic
541 385 719 429 quoque
749 369 933 423 accidit,
968 369 1087 430 quod
1122 369 1206 414 fuit
1236 387 1439 427 necesse,
1471 381 1518 414 ut
1554 389 1664 417 non-

266 449 374 493 nulli
399 449 582 504 milites,
604 451 680 511 qui
705 448 960 512 lignationis
986 452 1340 512 munitionisque
1364 468 1495 496 causa
1524 453 1568 496 iu
1593 452 1665 497 sil-

264 548 336 575 vas
365 530 686 587 discessissent,
715 533 950 593 repentino
972 533 1173 593 equitum
1203 532 1396 577 adventu
1429 534 1665 595 intercipe-

263 620 431 656 rentur.
456 612 535 656 His
559 612 897 669 circumventis,
920 631 1080 676 magna
1109 631 1244 658 manu
1270 615 1523 670 Eburones,
1552 616 1665 659 Ner-

263 692 344 747 vii,
374 692 618 750 Aduatuci,
650 705 783 755 atque
813 695 975 741 horum
1007 696 1207 740 omnium
1241 696 1347 740 socii
1383 705 1425 740 et
1459 694 1661 750 clientes,

264 771 484 835 legionem
509 792 770 838 oppugnare
793 777 1016 838 incipiunt
1039 795 1047 821 :
1076 778 1215 821 nostri
1238 776 1440 821 celeriter
1463 776 1519 821 ad
1543 793 1666 821 arma

263 866 556 914 concurrunt,
584 856 748 901 vallum
771 858 1088 903 conscendunt.
1119 860 1249 919 AEgre
1275 859 1309 902 is
1332 858 1422 902 dies
1446 867 1667 902 sustenta-

265 949 357 994 tur,
390 938 510 999 quod
539 956 717 984 omnem
753 956 875 1000 spem
903 940 1050 983 hostes
1088 941 1131 982 in
1163 938 1388 983 celeritate
1421 940 1667 1000 ponebant,

262 1029 395 1080 atque
422 1020 535 1064 hanc
563 1020 711 1081 adepti
735 1021 988 1074 victoriam,
1020 1021 1063 1064 in
1094 1030 1357 1081 perpetuum
1385 1036 1429 1064 se
1454 1019 1548 1064 fore
1579 1021 1666 1064 vic-

263 1110 379 1144 tores
405 1101 699 1146 confidebant.

328 1184 421 1226 XL.
460 1184 708 1227 Mittuntur
727 1184 783 1228 ad
807 1187 1023 1230 Caesarem
1049 1184 1281 1229 confestim
1305 1200 1329 1227 a
1353 1184 1567 1228 Cicerone
1600 1182 1669 1227 lit-

263 1275 386 1321 terae,
419 1266 590 1327 magnis
616 1267 855 1327 propositis
878 1267 1090 1328 prccmiis,
1118 1267 1151 1309 si
1175 1263 1472 1327 pertulissent.
1501 1265 1665 1309 Obses-

261 1346 318 1390 sis
341 1347 549 1391 omuibus
572 1348 671 1403 viis,
703 1349 821 1391 missi
853 1348 1212 1409 intercipiuntur.
1242 1347 1388 1390 Noctu
1417 1363 1469 1389 ex
1493 1362 1542 1390 ea
1575 1363 1663 1389 ma-

262 1429 398 1484 teria,
437 1445 570 1489 quam
608 1429 870 1472 munitionis
904 1446 1036 1473 causa
1072 1436 1488 1489 comportaverant,
1527 1436 1670 1471 turres

263 1509 504 1553 admodum
543 1526 633 1555 cxx
670 1511 920 1554 excitantur
960 1509 1209 1553 incredibili
1255 1508 1478 1553 celeritate
1525 1526 1534 1553 :
1574 1525 1670 1569 quae

264 1590 412 1635 deesse
452 1592 576 1651 operi
612 1590 901 1645 videbantur,
945 1591 1251 1651 perficiuntur.
1294 1593 1452 1633 Hostes
1491 1599 1669 1650 postero

266 1671 361 1727 die,
392 1669 532 1715 multo
559 1672 801 1733 majoribus
829 1672 968 1732 copiis
996 1673 1180 1725 coactis,
1209 1681 1348 1715 castra
1379 1681 1669 1733 oppugnant,

265 1753 427 1798 fossam
451 1752 688 1814 complent.
715 1753 784 1797 Ab
810 1754 972 1797 nostris
996 1753 1149 1796 cadem
1174 1753 1364 1806 ratione,
1391 1769 1478 1812 qua
1502 1752 1668 1813 pridie.

264 1836 495 1880 resistitur.
527 1838 622 1879 Hoc
657 1834 773 1878 idem
810 1834 1017 1895 deinceps
1052 1833 1232 1893 reliquis
1264 1833 1314 1876 fit
1337 1833 1503 1877 diebus.
1534 1832 1669 1877 Nulla

264 1933 364 1977 pars
394 1917 602 1960 nocturni
635 1917 846 1977 temporis
875 1915 929 1959 ad
961 1914 1157 1958 laborem
1196 1915 1507 1958 intermittitur
1537 1931 1544 1957 :
1580 1931 1668 1957 non

262 1998 408 2059 aegris,
434 2014 523 2041 nou
551 1997 796 2041 vulneratis
816 1996 1001 2041 facultas
1025 1997 1186 2058 quietis
1206 1995 1338 2040 datur
1359 2013 1368 2038 τ
1390 2012 1670 2057 quaecunque

263 2078 316 2123 ad
347 2079 536 2140 proximi
568 2078 654 2123 dici
684 2080 1063 2140 oppugnationem
1089 2095 1200 2139 opus
1228 2088 1330 2121 sunt
1348 2113 1358 2132 ,
1389 2087 1524 2122 noctu
1548 2095 1669 2122 com-

265 2171 500 2221 parantur,
525 2159 675 2205 multae
699 2170 898 2222 praeustae
922 2160 1075 2215 sudes,
1094 2177 1280 2221 magnus
1302 2158 1538 2203 muralium
1559 2157 1670 2220 pilo-

265 2259 362 2285 rum
398 2259 610 2286 numerus
639 2243 914 2290 instituitur;
947 2252 1089 2285 turres
1123 2239 1492 2295 contabulantur;
1524 2240 1670 2301 pinnae

265 2322 497 2384 loricaeque
536 2341 588 2367 cx
625 2323 820 2367 cratibus
857 2333 1129 2367 attexuntur.
1177 2324 1275 2382 Ipse
1311 2322 1494 2375 Cicero,
1530 2337 1668 2381 quum

265 2406 522 2449 tenuissima
551 2404 802 2449 valetudine
832 2414 964 2454 esset,
990 2422 1044 2448 ue
1076 2413 1345 2447 nocturnum
1379 2401 1557 2463 quidem
1587 2401 1668 2444 sibi

269 2498 438 2548 tempus
467 2487 523 2530 ad
550 2488 746 2548 quietem
776 2485 1076 2547 relinquebat,
1109 2496 1154 2529 ut
1189 2483 1306 2528 ultro
1339 2482 1531 2527 militum
1562 2499 1669 2525 cou-

266 2584 394 2611 cursu
423 2585 473 2612 ac
498 2569 681 2612 vocibus
707 2569 789 2612 sibi
818 2584 998 2629 parcere
1027 2576 1273 2628 cogeretur.

331 2651 445 2693 XLI.
484 2652 610 2694 Tunc
646 2650 778 2695 duces
812 2650 1125 2711 principesque
1154 2648 1448 2694 Nerviorum,
1481 2645 1554 2705 qui
1592 2643 1669 2687 ali—

268 2747 397 2790 quem
435 2733 648 2776 sermonis
674 2732 844 2776 aditum
878 2743 1144 2791 causamque
1179 2728 1380 2772 amicitiae.
1409 2743 1510 2770 cum
1547 2726 1671 2771 Cice-
