1972 3356
264 189 311 223 72
467 177 505 212 C.
535 175 666 211 JULII
696 173 922 210 CAESARIS
954 173 1453 211 COMMENTARIORUM

262 272 306 307 et
333 261 534 307 simultas
563 276 665 305 cum
697 259 895 304 Curione
934 257 1264 315 intercedebat;
1306 260 1428 320 quod
1463 262 1668 309 tribunus

262 345 401 407 plebis
429 344 569 406 legem
598 341 980 406 promulgaverat,
1005 359 1093 404 qua
1110 341 1206 405 lege
1226 359 1414 405 regnum
1441 346 1465 389 J
1470 345 1565 390 ubae
1587 365 1669 409 pu-

259 425 514 470 blicaverat.
537 426 831 470 Concurrunt
853 424 1024 486 equites
1050 425 1165 468 inter
1193 441 1259 482 se3
1285 441 1428 486 neque
1451 442 1556 471 vero
1582 429 1671 489 pri·

260 524 383 552 mum
400 508 617 570 impetum
636 516 893 551 nostrorum
918 506 1126 552 Numidae
1146 505 1259 551 ferre
1285 515 1531 569 potuerunt
1546 525 1557 564 ;
1573 509 1670 567 sed,

262 589 502 635 interfectis
529 590 705 634 circiter
731 605 841 646 cxx,
872 587 1033 649 reliqui
1058 605 1104 632 se
1130 589 1174 632 in
1202 598 1345 633 castra
1371 588 1426 633 ad
1451 589 1669 653 oppidum

261 680 541 732 receperunt.
571 671 755 716 Interim
773 705 784 726 ,
813 669 1011 714 adventu
1038 669 1274 732 longarum
1303 672 1506 729 navium,
1532 673 1671 718 Curio

261 753 555 814 pronuntiare
592 753 807 797 onerariis
845 752 1031 800 navibus
1069 753 1218 813 jubet,
1257 769 1355 814 quae
1396 753 1575 798 stabant
1615 754 1671 798 ad

261 835 439 879 Uticam
474 851 660 879 numero
690 835 867 878 circiter
893 849 964 890 cc,
991 853 1011 873 «
1035 850 1079 877 se
1117 835 1160 877 in
1188 833 1383 878 hostium
1410 834 1671 879 habiturum

263 915 383 971 loco,
416 917 491 977 qui
521 933 610 960 non
641 933 664 960 e
700 917 883 977 vestigio
924 915 978 959 ad
1011 926 1155 959 castra
1179 916 1447 961 Corneliana
1483 916 1576 961 vela
1611 916 1673 960 di-

262 999 457 1042 rexisset.
488 1018 509 1039 »
535 1000 637 1055 Qua
674 998 1038 1058 pronuntiatione
1064 996 1180 1040 facta
1201 1032 1211 1049 ,
1239 998 1449 1058 temporis
1477 1008 1643 1058 puncto
1660 1034 1670 1054 ,

262 1077 446 1123 sublatis
463 1078 697 1134 anchoris,
722 1095 876 1122 omnes
894 1079 1074 1122 Uticam
1101 1076 1464 1138 relinquunt,et,
1480 1095 1569 1140 quo
1593 1080 1674 1124 im-

263 1169 463 1220 peratum
498 1169 582 1217 est,
611 1169 859 1203 transeunt.
888 1164 1002 1217 Quae
1035 1176 1101 1203 res
1126 1159 1327 1203 omnium
1362 1176 1510 1203 rerum
1545 1162 1673 1222 copia

261 1239 500 1302 complevit
521 1242 781 1286 exercitum.

326 1324 496 1368 XXVI.
525 1324 602 1367 His
641 1324 772 1368 rebus
803 1324 958 1385 gestis,
992 1326 1130 1368 Curio
1152 1343 1196 1369 se
1229 1325 1272 1367 in
1316 1333 1462 1368 castra
1499 1323 1553 1369 ad
1591 1327 1674 1370 Ba·

262 1404 446 1466 gradam
472 1408 666 1466 recepit,
693 1415 826 1467 atque
858 1407 1050 1450 universi
1074 1407 1293 1450 exercitus
1319 1405 1674 1451 conclamatione

264 1486 511 1548 imperator
533 1485 783 1547 appellatur
809 1504 817 1530 :
843 1497 1112 1548 posteroque
1133 1487 1202 1531 die
1226 1490 1401 1532 Uticam
1429 1489 1671 1532 exercitum

263 1565 414 1623 ducit,
441 1576 484 1611 et
510 1584 649 1629 prope
689 1567 905 1629 oppidum
938 1578 1077 1612 castra
1121 1570 1260 1629 ponit.
1295 1569 1507 1614 Nondum
1541 1586 1675 1631 opere

264 1657 512 1692 castrorum
538 1648 755 1710 perfecto,
776 1650 944 1709 equites
963 1667 1015 1693 ex
1042 1651 1231 1694 statione
1261 1652 1487 1707 nuntiant,
1515 1668 1675 1714 magna

263 1728 425 1773 auxilia
449 1730 650 1790 equitum
673 1729 985 1790 peditumque,
1011 1730 1066 1773 ab
1093 1747 1194 1792 rege
1223 1732 1374 1786 inissa,
1398 1733 1573 1776 Uticam
1605 1749 1675 1777 ve-

266 1811 360 1853 nire
382 1827 390 1853 :
412 1810 658 1870 eodemque
681 1820 879 1871 tempore
905 1811 967 1854 vis
991 1828 1150 1873 magna
1172 1810 1365 1872 pulveris
1388 1813 1675 1869 cernebatur,

265 1902 310 1935 et
335 1892 516 1953 vestigio
546 1894 760 1953 temporis
790 1893 983 1953 primum
1017 1909 1178 1955 agmen
1207 1903 1302 1937 erat
1340 1894 1382 1937 in
1414 1905 1674 1957 conspectu.

266 1974 473 2018 Novitate
495 1974 558 2018 rei
576 1975 716 2019 Curio
734 1984 982 2035 permotus,
1006 1975 1237 2036 praemittit
1259 1976 1431 2036 equites
1446 2011 1457 2031 ,
1484 1977 1561 2037 qui
1582 1978 1675 2038 pri-

266 2071 386 2099 mum
413 2056 629 2117 impetum
667 2057 914 2100 sustineant
940 2073 989 2101 ac
1026 2066 1258 2101 morentur
1285 2075 1293 2100 :
1330 2058 1442 2118 ipse,
1474 2057 1677 2103 celeriter

266 2136 319 2179 ab
360 2154 494 2198 opere
516 2137 717 2182 deductis
764 2137 1034 2200 legionibus,
1080 2140 1218 2183 aciem
1266 2139 1457 2183 instruit.
1497 2140 1676 2201 Equites

267 2219 554 2263 committunt
581 2218 808 2282 proelium3
834 2230 876 2264 et
905 2222 1048 2281 prins,
1069 2238 1201 2282 qnam
1228 2220 1358 2282 plane
1383 2220 1577 2283 legiones
1599 2238 1676 2266 ex-

267 2297 424 2360 plicari
459 2310 502 2345 et
535 2303 775 2346 consistere
810 2313 1009 2364 possent,
1047 2313 1139 2347 tota
1174 2302 1338 2348 auxilia
1363 2305 1500 2366 regis,
1538 2305 1678 2366 impe-

267 2380 359 2424 dita
377 2399 428 2426 ac
455 2383 738 2444 perturbata,
762 2383 881 2445 quod
899 2383 1020 2428 nullo
1051 2385 1207 2429 ordine.
1231 2396 1273 2430 et
1295 2387 1388 2430 sine
1408 2387 1568 2430 timore
1594 2387 1678 2430 iter

268 2460 483 2518 fecerant,
512 2464 554 2507 in
587 2464 736 2527 sugam
765 2481 809 2509 se
832 2466 1071 2526 conjiciunt
1097 2484 1105 2510 :
1129 2468 1417 2528 equitatuque
1446 2467 1568 2511 omni
1589 2466 1679 2512 fere

269 2541 508 2602 incolumi,
537 2545 658 2606 quod
685 2562 828 2607 seper
858 2545 985 2591 litora
1015 2547 1216 2593 celeriter
1244 2550 1288 2592 in
1313 2547 1531 2610 oppidum
1560 2565 1677 2593 rece-

269 2624 356 2682 pit,
391 2641 603 2687 magnum
634 2628 832 2689 peditum
866 2645 1099 2674 numerum
1137 2630 1418 2675 interficiunt.

1951 2941 1956 3096 *-*
