1972 3356
395 285 469 307 210
631 272 668 306 C.
696 270 824 304 JULII
854 267 1071 303 CAESARIS
1103 267 1368 303 COMMENT.
1402 270 1549 304 LIBER

394 356 567 400 initium
597 353 788 397 victoriae
825 361 977 395 natum
1007 361 1084 395 est.
1116 351 1183 395 Ab
1214 367 1264 395 ea
1291 360 1415 412 parte
1444 368 1582 411 quum
1617 352 1660 395 in
1694 369 1788 413 pro-

392 436 503 480 clive
522 433 865 478 detruderentur
885 433 1032 477 hostes
1045 468 1056 484 ,
1076 431 1218 476 multo
1236 431 1403 476 tardius
1423 467 1433 488 ,
1457 431 1531 475 scd
1552 441 1698 476 tamen
1721 433 1791 477 iis-

393 516 491 560 dem
514 515 596 559 diis
619 514 952 577 adjuvantibus,
973 514 1149 558 sinistro
1170 530 1307 558 cornu
1327 513 1559 574 mediaque
1579 515 1669 558 acie
1688 523 1791 559 totae

392 596 688 659 profligantur
708 596 842 657 copiae
867 596 982 657 regis
1010 612 1018 639 :
1044 611 1140 655 quae
1161 611 1293 655 quam
1314 593 1440 639 facile
1462 595 1688 639 subierant
1706 595 1791 638 ini-

393 694 530 739 quum
557 676 723 731 locum,
750 687 838 720 tam
868 675 1069 720 celeriter
1099 675 1240 737 gradu
1276 674 1436 736 pulsae,
1478 675 1794 737 premebantur

394 757 478 803 loci
502 760 745 820 iniquitate.
765 760 924 819 Itaque
942 757 1091 802 multis
1113 756 1327 801 militibus
1346 758 1506 817 partim
1532 755 1793 812 interfectis,

393 840 553 902 partim
569 856 749 884 suorum
764 840 892 883 ruina
910 839 1152 900 oppressis,
1170 839 1245 899 qui
1265 837 1496 882 velocitate
1512 837 1706 899 effugere
1725 854 1796 898 po-

395 930 566 976 terant,
593 921 726 965 armis
756 930 903 964 tamen
934 920 1161 980 projectis,
1188 918 1343 963 vallem
1373 919 1655 980 transgressi,
1683 917 1795 962 nihil

394 1019 446 1046 ex
468 1002 564 1046 loco
589 1003 816 1063 superiore
844 1002 1032 1044 inermes
1062 1000 1274 1060 proficere
1299 1010 1519 1061 poterant.
1548 1003 1604 1044 At
1631 1000 1794 1055 nostri,

394 1083 578 1127 victoria
627 1082 754 1135 elati,
800 1082 946 1125 subire
986 1081 1188 1141 iniquum
1227 1079 1398 1136 locum,
1438 1081 1796 1140 munitionesque

393 1163 573 1225 aggredi
596 1179 682 1207 non
709 1162 983 1206 dubitarunt.
1009 1160 1360 1206 Defendentibus
1384 1171 1533 1205 autem
1557 1161 1608 1204 iis
1635 1160 1795 1204 cohor·

393 1244 512 1288 tibus
540 1253 707 1297 castra,
739 1260 846 1304 quas
873 1243 1124 1287 Pharnaces
1152 1242 1356 1304 praesidio
1393 1240 1652 1303 reliquerat,
1684 1240 1797 1285 cele-

394 1326 503 1369 riter
531 1326 684 1369 castris
714 1325 909 1369 hostium
940 1334 1042 1368 sunt
1071 1324 1213 1385 potiti.
1246 1322 1484 1367 Interfecta
1511 1321 1798 1368 multitudine

393 1424 596 1463 suorum,
618 1416 695 1451 aut
714 1415 864 1467 capta,
883 1406 1134 1450 Pharnaces
1156 1422 1257 1450 cum
1278 1406 1428 1467 paucis
1453 1404 1677 1466 equitibus
1697 1420 1799 1466 pro-

393 1487 507 1549 fugit
537 1505 545 1531 :
575 1489 646 1532 cui
684 1487 768 1531 nisi
798 1497 1044 1531 castrorum
1084 1487 1361 1548 oppugnatio
1390 1485 1646 1530 facultatem
1678 1494 1798 1529 attu-

394 1566 513 1612 lisset
541 1567 721 1611 liberius
751 1566 1064 1629 profugiendi,
1092 1567 1216 1610 vivus
1246 1568 1291 1610 in
1322 1566 1506 1611 Caesaris
1535 1575 1798 1627 potestatem

397 1647 615 1692 adductus
639 1657 760 1691 esset.

461 1730 690 1773 LXXVII.
717 1727 812 1772 Tali
840 1729 1023 1773 victoria
1054 1729 1183 1772 toties
1209 1728 1353 1772 victor
1379 1730 1524 1773 Caesar
1553 1727 1799 1772 incredibili

397 1818 460 1853 est
488 1808 638 1853 laetitia
667 1809 875 1866 affectus,
913 1809 1034 1870 quod
1062 1809 1302 1853 maximum
1330 1807 1495 1853 bellum
1531 1817 1654 1853 tanta
1686 1807 1800 1853 cele-

396 1890 527 1933 ritate
552 1889 826 1946 confecerat,
854 1889 1063 1951 quodque
1089 1890 1221 1934 subiti
1249 1889 1433 1951 periculi
1462 1889 1712 1934 recordatio
1737 1899 1803 1933 est

396 1971 562 2028 laetior,
589 1971 710 2033 qnod
736 1972 922 2016 victoria
957 1972 1095 2017 facilis
1131 1989 1182 2017 ex
1223 1971 1494 2017 difficillimis
1526 1972 1657 2016 rebus
1689 1972 1802 2016 acci-

397 2052 534 2097 derat.
567 2056 710 2098 Ponto
737 2063 936 2115 recepto,
963 2053 1109 2115 praeda
1147 2055 1268 2098 omni
1298 2054 1419 2116 regia
1444 2052 1658 2097 militibus
1696 2069 1803 2097 con-

397 2134 579 2191 donata,
611 2145 790 2196 postero
818 2135 887 2179 die
917 2151 1017 2179 cum
1047 2135 1262 2197 expeditis
1290 2135 1513 2196 equitibus
1543 2135 1634 2196 ipse
1664 2133 1801 2196 profi-

398 2217 601 2273 ciscitur3
622 2215 841 2279 legionem
865 2233 909 2261 vi
939 2216 1148 2261 decedere
1171 2216 1224 2261 ad
1252 2218 1431 2279 praemia
1457 2226 1589 2277 atque
1612 2216 1804 2260 honores

398 2297 676 2358 accipiendos
692 2297 735 2341 in
756 2296 929 2341 Italiam
946 2297 1074 2357 jubet
1098 2315 1106 2341 :
1126 2295 1288 2342 auxilia
1316 2297 1517 2358 Dejotari
1538 2295 1721 2341 domum
1737 2311 1806 2338 re-

401 2378 535 2421 mittit
564 2394 572 2421 :
601 2377 708 2421 duas
748 2377 941 2439 legiones
977 2395 1078 2422 cum
1121 2377 1262 2423 Coelio
1302 2378 1538 2422 Viniciano
1581 2377 1625 2420 in
1661 2378 1805 2421 Ponto

399 2457 623 2519 relinquit.

463 2541 719 2584 LXXVIII.
769 2543 835 2584 Ita
873 2556 950 2601 per
987 2539 1327 2602 Gallograeciam
1376 2539 1718 2601 Bithyniamque
1761 2537 1806 2580 in

399 2620 548 2664 Asiam
591 2621 675 2666 iter
711 2620 837 2677 facit,
881 2621 1173 2682 omniumque
1198 2638 1349 2665 earum
1389 2619 1720 2681 provinciarum
1752 2616 1807 2661 de

398 2703 710 2746 controversiis
735 2703 964 2763 cognoscit
986 2711 1027 2746 et
1053 2705 1229 2756 statuit3
1251 2703 1350 2762 jura
1377 2702 1420 2745 in
1448 2699 1713 2753 tetrarchas,
1743 2715 1805 2741 re-
