1972 3356
627 158 693 193 DE
723 158 886 194 BELLO
917 157 1070 194 CIVILI
1099 157 1191 192 LIB.
1218 156 1287 191 ΠΙ.
1583 153 1651 190 153

258 261 396 306 regno
422 241 652 306 expulerat
680 261 689 287 :
717 253 947 305 castraque
969 241 1216 304 Cleopatrae
1240 258 1329 285 non
1357 239 1490 302 longo
1509 242 1652 302 spatio

257 325 312 369 ab
347 326 439 387 ejus
470 325 622 370 castris
655 324 891 369 distabant.
921 323 992 369 Ad
1023 340 1125 368 eum
1155 323 1392 384 Pompeius
1427 322 1574 379 misit,
1603 332 1653 367 ut

258 424 340 468 pro
368 407 560 469 hospitio
589 416 721 468 atque
752 405 945 450 amicitia
975 405 1112 467 patris
1139 403 1404 449 Alexandria
1438 404 1654 466 recipere-

258 500 346 546 tur,
369 499 500 550 atque
521 486 637 532 illius
658 487 814 549 opibus
840 487 885 530 in
911 485 1160 530 calamitate
1182 494 1417 546 tegeretur.
1443 484 1553 541 Sed,
1574 487 1650 547 qui

258 570 313 615 ab
346 587 396 615 eo
423 570 541 614 missi
575 578 729 625 erant,
762 567 965 612 confecto
1002 565 1234 629 legationis
1265 565 1436 622 officio,
1471 565 1652 611 liberius

257 668 356 696 cum
382 649 595 695 militibus
619 650 731 710 regis
760 647 954 708 colloqui
985 657 1240 709 coeperunt,
1270 664 1433 708 eosque
1461 647 1652 702 hortari,

257 742 306 777 ut
331 748 458 777 suum
489 730 684 775 officium
713 729 923 791 Pompeio
947 738 1234 790 praestarent,
1266 744 1375 772 neve
1400 728 1494 789 ejus
1519 727 1654 772 fortu—

255 829 357 856 nam
386 811 674 873 despicerent.
702 812 754 855 In
780 810 864 855 hoc
886 819 1012 855 erant
1038 824 1225 853 numero
1251 807 1502 870 complures
1528 811 1652 853 Pom-

251 893 337 954 peii
366 891 551 950 milites,
577 908 711 954 quos,
741 908 791 937 ex
820 892 914 953 ejus
943 892 1136 937 exercitu
1171 899 1376 953 acceptos
1413 890 1458 934 in
1495 890 1622 952 Syria
1640 925 1651 943 ‚

254 975 476 1020 Gabinius
493 973 807 1019 Alexandriam
830 972 1166 1025 transduxerat,
1195 970 1402 1034 belloque
1427 970 1651 1028 confecto,

252 1055 370 1118 apud
396 1055 683 1101 Ptolemaeum
702 1092 712 1111 ‚
738 1065 909 1118 patrem
937 1054 1086 1117 pueri,
1115 1053 1368 1115 reliquerat.

316 1139 432 1183 CIV.
460 1137 538 1182 His
565 1147 673 1182 tunc
707 1137 896 1199 cognitis
922 1136 1077 1191 rebus,
1103 1135 1231 1180 amici
1261 1136 1404 1197 regis,
1436 1136 1513 1197 qui
1547 1151 1650 1197 pro-

250 1229 348 1281 pter
365 1229 535 1264 aetatem
557 1220 649 1281 ejus
667 1220 711 1264 in
734 1219 1047 1281 procuratione
1067 1228 1193 1263 erant
1217 1218 1362 1279 regni,
1384 1218 1473 1262 sive
1494 1217 1651 1261 timore

251 1301 457 1357 adducti,
487 1312 534 1346 ut
554 1311 703 1363 postea
728 1300 1052 1364 praedicabant,
1084 1317 1163 1356 ne,
1189 1298 1428 1345 sollicitato
1451 1300 1644 1344 exercitu

250 1384 396 1445 regio,
423 1383 662 1444 Pompeius
683 1381 995 1427 Alexandriam
1027 1383 1353 1444 AEgyptumque
1379 1391 1620 1443 occuparet
1638 1416 1649 1438 ,

250 1464 341 1509 sive
370 1463 575 1526 despecta
606 1465 700 1525 ejus
729 1463 931 1521 fortuna,
958 1474 1007 1508 ut
1033 1462 1296 1525 plerumque
1325 1464 1369 1507 in
1398 1461 1648 1508 calamitate

250 1562 302 1590 ex
327 1546 478 1590 amicis
509 1546 673 1589 inimici
703 1546 942 1603 exsistunt,
969 1546 1046 1601 iis,
1073 1545 1150 1606 qui
1184 1554 1310 1589 erant
1335 1545 1389 1588 ab
1416 1560 1469 1589 eo
1498 1545 1647 1598 missi,

248 1626 392 1688 palam
414 1625 656 1672 liberaliter
672 1626 1018 1689 responderunt,
1043 1643 1236 1687 eumque
1253 1625 1308 1671 ad
1330 1643 1478 1688 regem
1498 1626 1651 1670 venire

244 1709 506 1769 jusserunt:
535 1709 648 1770 ipsi,
681 1707 795 1753 clam
834 1708 1021 1753 consilio
1056 1709 1190 1763 inito,
1212 1707 1457 1765 Achillam,
1496 1708 1650 1771 praefe-

248 1801 369 1835 ctum
398 1791 595 1852 regium,
625 1789 838 1851 singulari
865 1789 1090 1833 hominem
1120 1787 1332 1844 audacia,
1361 1799 1403 1834 et
1431 1790 1480 1833 L.
1507 1789 1652 1850 Septi-

250 1872 416 1929 mium,
442 1871 671 1915 tribunum
693 1869 880 1914 militum
896 1905 907 1927 ,
931 1868 986 1914 ad
1013 1869 1369 1914 interficiendum
1387 1871 1650 1932 Pompeium

250 1953 480 1997 miserunt.
503 1953 571 1998 Ab
598 1953 666 1996 his
695 1950 937 1996 liberaliter
969 1952 1061 2014 ipse
1088 1949 1357 2014 appellatus,
1383 1962 1426 1996 et
1456 1951 1649 2013 quadam

250 2035 408 2078 notitia
434 2034 635 2096 Septimii
659 2033 904 2095 productus
921 2069 932 2090 ,
957 2033 1079 2094 quod
1104 2032 1220 2078 bello
1242 2033 1505 2096 praedonum
1531 2033 1651 2096 apud

251 2133 351 2161 eum
377 2115 580 2161 ordinem
615 2115 827 2172 duxerat,
851 2113 1100 2161 naviculam
1124 2114 1358 2178 parvulam
1391 2115 1650 2160 conscendit

249 2214 349 2241 cum
374 2198 527 2260 paucis
553 2197 668 2254 suis;
693 2207 736 2242 et
762 2198 822 2241 ibi
850 2197 905 2242 ab
936 2195 1107 2243 Achilla
1135 2207 1178 2243 et
1202 2198 1417 2260 Septimio
1443 2197 1651 2242 interfici-

251 2289 336 2323 tur.
367 2282 481 2324 Item
510 2281 560 2324 L.
586 2278 806 2324 Lentulus
840 2279 1231 2342 comprehenditur
1267 2280 1322 2324 ab
1357 2296 1489 2342 rege,
1527 2289 1571 2324 et
1604 2280 1649 2323 in

250 2359 449 2405 custodia
475 2370 672 2406 necatur.

316 2442 412 2488 CV.
459 2442 620 2500 Caesar,
655 2459 792 2504 quum
831 2444 875 2487 in
914 2443 1062 2489 Asiam
1106 2444 1326 2501 venisset,
1374 2443 1646 2505 reperiebat,

250 2525 301 2568 T.
318 2524 531 2586 Ampium
548 2534 759 2569 conatum
773 2541 866 2569 esse
885 2523 1039 2570 tollere
1057 2526 1265 2588 pecunias
1281 2524 1460 2588 Epheso
1475 2541 1528 2570 ex
1546 2524 1649 2570 fano

253 2605 432 2664 Dianae,
457 2607 640 2669 ejusque
663 2607 724 2651 rei
755 2623 886 2653 causa
912 2617 1138 2653 senatores
1165 2624 1318 2651 omnes
1344 2624 1397 2652 cx
1423 2607 1650 2669 provincia
