1972 3356
535 207 601 242 DE
631 207 790 242 BELLO
819 205 1039 242 GALLICO
1074 206 1166 242 LIB.
1192 205 1274 239 vn.
1531 212 1602 245 ‘207

203 285 498 346 appellabant.
532 292 645 334 Ante
676 291 778 347 hos,
816 290 1005 351 obliquis
1045 290 1278 335 ordinibus
1315 289 1359 331 in
1395 287 1612 348 quincun-

202 383 297 410 cem
339 368 587 430 dispositis,
631 372 805 416 scrobes
850 373 981 415 trium
1027 371 1072 414 in
1120 370 1401 415 altitudinem
1448 367 1612 430 pedum

203 447 512 507 fodiebantur,
547 452 759 513 paulatim
797 453 1059 513 angustiore
1098 452 1152 495 ad
1189 451 1392 495 infimum
1425 450 1614 511 fastigio.

206 531 305 573 Huc
350 540 507 576 teretes
551 533 721 593 stipites
768 533 942 576 feminis
988 532 1299 578 crassitudine.
1345 531 1398 575 ab
1443 548 1617 575 summo

204 613 413 670 praeacuti
440 622 482 655 et
507 614 707 673 praeusti,
737 612 1116 664 demittebantur,
1149 612 1207 654 ita
1236 621 1282 654 ut
1309 628 1400 655 non
1427 611 1617 672 amplius

203 691 353 752 digitis
395 709 441 736 1v
471 710 522 736 ex
565 703 683 737 terra
725 694 1007 736 eminerent:
1049 690 1205 746 simul,
1244 691 1539 736 confirmandi
1576 704 1620 736 et

206 772 457 817 stabiliendi
504 790 654 831 causa,
698 772 862 835 singuli
903 772 957 817 ab
994 772 1149 816 infimo
1196 771 1290 817 solo
1330 772 1464 833 pedes
1503 783 1620 817 terra

203 853 578 909 exculcabantur3
607 853 778 916 reliqua
811 871 913 915 pars
941 853 1137 909 scrobis,
1162 853 1217 897 ad
1242 852 1530 898 occultandas
1561 856 1622 898 in-

205 934 355 991 sidias,
384 936 626 980 viminibus
652 953 702 980 ac
728 935 932 998 virgultis
956 935 1253 997 integebatur.
1281 935 1424 996 Hujus
1449 937 1622 997 generis

204 1017 352 1060 octoni
393 1017 570 1061 ordines
605 1017 727 1061 ducti
768 1027 919 1061 ternos
956 1016 1073 1060 inter
1108 1033 1153 1061 se
1190 1016 1325 1078 pedes
1358 1016 1582 1061 distabant
1614 1035 1621 1061 :

206 1097 250 1140 id
292 1114 344 1141 ex
377 1097 669 1142 similitudine
705 1098 826 1143 ssoris
863 1097 1006 1142 lilium
1043 1097 1343 1160 appellabant.
1382 1101 1500 1143 Ante
1531 1099 1624 1143 haec

207 1176 352 1235 taleae,
370 1179 527 1241 pedem
554 1178 720 1241 longae,
736 1179 890 1224 ferreis
910 1180 1054 1224 hamis
1079 1180 1248 1235 infixis,
1269 1190 1373 1224 totae
1394 1182 1438 1224 in
1459 1191 1625 1225 terram

207 1259 563 1317 infodiebantur,
600 1261 989 1323 mediocribusque
1023 1262 1286 1306 intermissis
1324 1263 1496 1323 spatiis,
1533 1280 1628 1307 om-

208 1342 338 1387 nibus
357 1342 463 1386 locis
484 1342 836 1398 disserebantur,
856 1361 967 1404 quos
993 1342 1196 1387 stimulos
1219 1344 1526 1389 nominabant.

273 1426 476 1468 LXXIV.
509 1426 588 1468 His
625 1424 758 1468 rebus
784 1424 1008 1485 perfectis,
1048 1425 1253 1485 regiones
1283 1435 1459 1469 secutus
1493 1443 1628 1486 quam

208 1505 355 1566 potuit
390 1506 660 1566 aequissimas
698 1522 779 1566 pro
809 1503 894 1549 loci
923 1514 1102 1563 natura,
1137 1521 1217 1549 XIV
1247 1504 1387 1550 millia
1416 1523 1629 1567 passuum

207 1585 484 1648 complexus,
512 1604 638 1648 pares
668 1586 869 1648 ejusdem
903 1588 1076 1649 generis
1106 1588 1400 1645 munitiones,
1435 1588 1630 1634 diversas

207 1669 261 1712 ab
288 1669 377 1724 his,
403 1678 559 1713 contra
586 1669 852 1713 exteriorem
876 1669 1049 1714 hostem
1082 1669 1287 1730 perfecit,
1312 1679 1360 1714 ut
1386 1687 1439 1714 ne
1469 1688 1631 1734 magna

208 1750 391 1812 quidem
420 1749 732 1807 multitudine,
764 1751 799 1795 si
829 1751 889 1795 ita
918 1750 1094 1795 accidat
1118 1752 1212 1813 ejus
1242 1751 1458 1810 discessu,
1484 1754 1631 1797 muni-

210 1835 385 1878 tionum
405 1833 606 1896 praesidia
633 1833 933 1877 circumfundi
961 1844 1163 1894 possent3
1190 1851 1276 1878 neu
1301 1852 1404 1879 cum
1431 1835 1632 1897 periculo

211 1934 262 1960 ex
293 1916 449 1960 castris
488 1915 638 1977 egredi
675 1925 913 1976 cogantur,
950 1914 1123 1959 dierum
1165 1932 1256 1959 xxx
1289 1915 1505 1977 pabulum
1540 1918 1632 1962 fru-

212 2007 505 2058 mentumque
530 1996 694 2040 habere
717 2013 871 2040 omnes
893 2006 1161 2040 convectum
1180 1997 1323 2058 jubet.

277 2081 460 2124 LXXV.
497 2080 619 2123 Dum
646 2079 740 2123 liaec
772 2078 827 2122 ad
859 2077 1055 2123 Alesiam
1079 2088 1324 2141 geruntur,
1354 2079 1493 2137 Galli,
1531 2098 1634 2125 con-

215 2160 317 2206 cilio
363 2161 620 2222 principum
661 2160 858 2217 indicto,
905 2177 996 2204 non
1042 2177 1196 2204 omnes
1239 2162 1316 2222 qui
1360 2178 1483 2206 arma
1519 2161 1633 2207 ferre

214 2252 416 2305 possent,
469 2251 517 2286 ut
560 2242 732 2286 censuit
776 2242 1142 2304 Vercingetorix,
1193 2242 1504 2287 convocandos
1549 2254 1634 2288 sta-

217 2334 369 2381 tuunt,
401 2324 476 2368 sed
511 2334 683 2368 certum
727 2340 967 2368 numerum
1006 2325 1166 2386 cuique
1204 2325 1373 2369 civitati
1410 2325 1633 2387 imperan-

212 2405 345 2463 du1n3
374 2424 449 2463 ne,
476 2416 599 2451 tanta
622 2405 910 2450 multitudine
937 2406 1141 2464 confusa,
1168 2423 1248 2451 nec
1271 2406 1521 2464 moderari,
1552 2425 1633 2452 nec

218 2487 469 2532 discernere
497 2503 619 2543 suos,
649 2504 731 2531 nec
758 2486 1064 2532 frumentandi
1095 2488 1315 2532 rationein
1348 2488 1512 2533 habere
1535 2506 1635 2551 pos-

220 2584 329 2618 sent.
361 2572 591 2631 Imperant
628 2568 807 2627 AEduis,
840 2579 973 2631 atque
1009 2587 1166 2615 eorum
1204 2569 1463 2627 clientibus,
1496 2572 1633 2633 Segu-

223 2650 372 2708 sianis,
414 2651 734 2707 Ambivaretis,
773 2650 971 2696 Aulercis
1016 2652 1394 2704 Brannovicibus‚
1434 2655 1633 2697 Branno-
