1972 3356
430 277 499 313 192
658 264 696 298 C.
721 262 849 297 JULII
878 261 1092 296 CAESARIS
1123 261 1384 296 COMMENT.
1416 264 1560 298 LIBER

426 348 527 391 tavii
549 347 760 406 impetum
791 344 904 388 fecit.
931 343 1171 388 Celerrime
1195 343 1517 404 fortissimeque
1545 354 1696 389 contra
1719 343 1793 389 illo

424 426 664 484 remigante
680 458 691 479 ,
714 440 841 467 naves
857 422 1047 467 adversae
1068 424 1220 468 rostris
1243 433 1513 467 concurrunt
1538 423 1646 468 adeo
1665 425 1794 469 vehe-

424 515 616 560 menter,
642 514 690 547 ut
712 504 833 547 navis
857 503 1102 548 Octaviana
1117 537 1129 561 ,
1154 512 1296 547 rostro
1318 502 1531 560 discusso,
1555 501 1675 565 ligno
1697 520 1796 549 con-

425 585 650 628 tineretur.
665 584 968 628 Committitur
983 584 1141 627 acriter
1153 581 1332 644 reliquis
1349 581 1453 627 locis
1467 581 1665 644 proelium
1676 617 1687 639 ,
1701 600 1798 627 con-

423 665 702 725 curriturque
730 663 785 708 ad
815 663 945 707 duces
967 664 1184 708 maxime:
1212 680 1313 708 nam
1337 680 1473 724 quum
1509 679 1588 707 suo
1615 664 1798 724 quisque

423 743 634 788 auxilium
657 745 1035 806 ferret,1nagnum
1058 745 1257 788 cominus
1277 744 1321 788 in
1349 754 1532 805 angusto
1558 744 1667 788 mari
1692 761 1799 806 prce-

424 823 528 868 lium
561 824 724 868 factum
749 833 811 868 est
847 841 857 867 z
887 833 1140 884 quantoque
1173 824 1418 884 conjunctis
1452 825 1589 885 magis
1616 824 1797 868 navibus

424 904 683 965 confligendi
706 914 898 965 potestas
921 903 1126 957 dabatur,
1151 913 1274 947 tanto
1302 903 1547 964 superiores
1571 913 1697 948 erant
1715 906 1798 948 Va-

425 985 600 1039 tiniani3
640 984 715 1044 qui
758 982 1014 1026 admiranda
1055 984 1217 1026 virtute
1236 999 1287 1026 ex
1316 984 1404 1026 suis
1431 984 1613 1027 navibus
1639 984 1683 1027 in
1704 984 1797 1028 hos-

423 1065 534 1108 tium
568 1080 699 1106 naves
736 1061 952 1106 transilire
978 1078 1066 1105 non
1100 1048 1385 1117 dubitabant,
1417 1071 1485 1118 et,
1521 1062 1798 1108 dimicatione

424 1152 612 1203 aequata,
630 1141 759 1203 longe
776 1142 1020 1202 superiores
1042 1141 1233 1197 virtute,
1254 1157 1346 1184 rem
1374 1140 1552 1185 feliciter
1573 1143 1796 1203 gerebant.

422 1223 696 1283 Deprimitur
717 1222 852 1282 ipsius
873 1222 1046 1266 Octavii
1073 1221 1358 1282 quadriremis
1382 1238 1391 1265 ε
1421 1221 1568 1265 multae
1592 1232 1799 1283 praeterea

423 1304 682 1363 capiuntur,
710 1312 787 1346 aut
809 1302 959 1345 rostris
984 1301 1211 1362 perforatae
1242 1311 1527 1363 merguntur:
1554 1319 1799 1365 propugna-

424 1393 540 1427 tores
566 1382 795 1427 Octaviani
823 1383 982 1443 partim
1010 1382 1055 1425 in
1081 1380 1556 1443 navibusjugulantur,
1577 1383 1736 1442 partim
1754 1382 1798 1426 in

422 1479 541 1507 mare
582 1463 920 1524 praecipitantur.
950 1464 1049 1522 Ipse
1087 1463 1295 1507 Octavius
1324 1478 1367 1505 se
1397 1462 1441 1505 in
1473 1462 1677 1524 scapham
1701 1479 1799 1506 con-

423 1542 508 1586 fert
534 1559 543 1586 :
573 1542 618 1585 in
644 1558 775 1602 quam
799 1541 946 1602 plures
979 1557 1114 1601 quum
1152 1540 1458 1602 confugerent,
1490 1540 1690 1602 depressa
1713 1558 1799 1585 sca-

424 1622 532 1682 pha,
559 1621 812 1665 vulneratus
841 1631 984 1664 tamen
1016 1620 1194 1665 adnatat
1221 1621 1276 1664 ad
1314 1637 1440 1665 suum
1470 1637 1795 1681 myoparonem.

424 1703 489 1745 Eo
516 1711 735 1761 receptus,
764 1717 900 1760 quum
925 1699 1128 1760 proelium
1159 1717 1245 1744 nox
1271 1700 1514 1755 dirimeret,
1543 1709 1798 1761 tempestate

425 1797 579 1840 magna
606 1779 711 1824 velis
737 1780 942 1841 profugit.
971 1781 1227 1839 Sequuntur
1254 1780 1372 1823 hunc
1407 1797 1495 1824 suae
1528 1797 1657 1825 naves
1690 1797 1799 1824 non-

426 1858 576 1915 nullae,
597 1876 703 1920 quas
725 1875 848 1903 casus
876 1859 930 1902 ab
957 1857 1031 1902 illo
1049 1858 1243 1920 periculo
1268 1859 1523 1904 vindicarat.

488 1942 668 1985 XLVII.
691 1943 747 1984 At
770 1941 995 1994 Vatinius,
1019 1956 1066 1984 re
1093 1940 1202 1984 bene
1228 1950 1371 2000 gesta,
1399 1942 1592 2002 receptui
1618 1942 1799 1998 cecinit;

426 2023 600 2082 suisque
621 2021 825 2065 omnibus
859 2020 1178 2078 incolumibus,
1201 2022 1247 2065 in
1275 2038 1373 2065 eum
1398 2038 1441 2066 se
1463 2032 1638 2083 portum
1663 2024 1801 2067 victor

426 2102 610 2162 recepit,
633 2117 720 2161 quo
745 2117 793 2144 ex
825 2111 955 2161 portu
983 2099 1128 2145 classis
1157 2102 1400 2145 Octaviana
1423 2101 1476 2145 ad
1506 2100 1800 2146 dimicandum

426 2191 707 2242 processerat.
748 2181 878 2242 Capit
901 2197 953 2224 ex
980 2197 1030 2224 eo
1061 2179 1215 2242 proelio
1245 2190 1469 2242 penterem
1497 2198 1654 2238 unam,
1680 2183 1800 2226 trire-

426 2279 516 2306 mes
534 2278 589 2318 ιι,
612 2262 800 2306 dicrotas
821 2277 904 2305 vm
918 2295 928 2315 ,
953 2260 1286 2322 compluresque
1306 2262 1487 2323 remiges
1510 2263 1798 2306 Octavianos:

427 2352 689 2403 posteroque
719 2342 779 2384 ibi
805 2340 899 2394 die,
925 2340 1028 2384 dum
1055 2356 1153 2385 suas
1183 2342 1463 2402 captivasque
1492 2358 1623 2385 naves
1659 2341 1800 2385 refice-

427 2431 514 2477 ret,
530 2431 812 2482 consumpto,
830 2429 927 2481 post
941 2419 1053 2463 diem
1075 2436 1126 2465 111
1143 2421 1364 2464 contendit
1378 2421 1421 2464 in
1437 2419 1620 2464 insulam
1639 2422 1771 2463 Issam
1788 2455 1799 2474 ‚

427 2501 545 2561 quod
570 2517 621 2544 eo
644 2518 687 2544 se
715 2500 926 2561 recepisse
947 2515 998 2542 ex
1020 2499 1121 2561 fuga
1138 2499 1343 2544 credebat
1361 2500 1604 2545 Octavium.
1626 2501 1732 2544 Erat
1755 2499 1799 2542 in

427 2597 476 2624 ca
494 2580 812 2625 nobilissimum
831 2595 980 2624 earum
1007 2581 1238 2641 regionum
1264 2579 1472 2641 oppidum
1489 2613 1500 2635 ,
1529 2579 1797 2639 conjunctis-

432 2662 676 2721 simumque
705 2661 901 2706 Octavio.
924 2660 1025 2716 Quo
1048 2669 1095 2703 ut
1115 2661 1337 2721 pervenit,
1355 2657 1562 2719 oppidani
1584 2656 1796 2719 supplices
