1972 3356
293 235 341 273 50
498 237 535 271 C.
566 236 695 270 JULII
727 233 944 269 CAESARIS
976 232 1471 268 COMMENTARIORUM

293 324 505 383 quinque3
533 320 710 363 tertium
751 319 796 361 in
823 315 1025 360 subsidiis
1050 314 1195 359 locum
1222 314 1365 359 alariae
1385 316 1586 359 cohortes
1607 317 1683 360 ob-

292 403 490 447 tinebant
514 417 522 443 :
555 399 736 444 Caesaris
766 396 940 458 triplex3
970 395 1041 440 sed
1082 396 1270 457 primam
1301 396 1437 440 aciem
1461 406 1684 456 quaternae

227 508 230 509 ⁷
292 483 493 526 cohortes
508 497 560 525 ex
574 497 602 525 v
619 479 865 541 legionibus
882 477 1093 522 tenebant
1115 494 1124 520 z
1146 477 1223 520 has
1244 476 1516 520 subsidiariae
1531 487 1686 533 ternae,

291 573 334 606 et
359 578 512 607 rursus
546 560 641 605 aliae
671 559 854 604 totidem
880 575 967 602 suae
995 558 1208 619 cujusque
1234 556 1420 619 legionis
1449 558 1685 618 subseque-

291 644 478 699 banturz,
526 642 739 704 sagittarii
785 640 1118 700 funditoresque
1160 638 1299 682 media
1348 639 1687 682 continebantur

292 726 408 782 acie3
434 725 657 785 equitatus
687 721 826 767 latera
857 722 1076 783 cingebat.
1107 720 1202 764 Tali
1236 721 1451 764 instructa
1481 721 1598 777 acie,
1624 730 1687 763 te-

293 823 396 850 nere
426 816 611 866 uterque
637 803 915 866 propositum
945 802 1204 856 videbatur-3
1233 802 1379 845 Caesar
1403 801 1483 844 nisi
1510 811 1688 844 coactus

294 886 496 948 proelium
524 903 613 930 non
643 885 942 939 committere3
973 882 1077 939 ille,
1109 892 1157 926 ut
1183 898 1315 943 opera
1346 883 1528 927 Caesaris
1559 882 1689 942 impe-

294 969 421 1012 diret.
454 966 722 1012 Producitur
746 975 892 1009 tamen
923 981 1012 1020 res,
1035 964 1235 1024 aciesque
1265 963 1318 1007 ad
1356 963 1456 1007 solis
1482 980 1688 1007 occasum

294 1050 580 1093 continentur
607 1064 615 1091 :
647 1046 748 1090 inde
776 1046 954 1105 utrique
981 1046 1025 1088 in
1059 1054 1200 1087 castra
1231 1043 1477 1088 discedunt.
1505 1046 1689 1087 Postero

295 1131 386 1186 die,
416 1130 682 1173 munitiones
712 1126 934 1170 institutas
960 1127 1106 1168 Caesar
1127 1133 1253 1185 parat
1281 1123 1514 1184 perficere;
1540 1123 1600 1167 illi
1621 1141 1692 1168 va-

296 1211 402 1256 dum
444 1210 639 1255 fluminis
671 1208 833 1253 Sicoris
865 1215 1054 1262 tentare,
1081 1207 1115 1249 si
1145 1206 1331 1249 transire
1370 1216 1560 1266 possent.
1589 1206 1692 1263 Qua

295 1310 342 1337 re
367 1292 695 1347 animadversa,
726 1293 871 1336 Caesar
896 1291 1147 1333 Germanos
1177 1286 1280 1330 levis
1307 1298 1539 1331 armaturae
1567 1289 1692 1348 equi-

296 1384 477 1434 tumque
522 1382 689 1434 partem
727 1371 889 1415 flumen
925 1368 1162 1429 transjicit,
1208 1368 1471 1428 crebrasque
1502 1369 1546 1411 in
1586 1369 1692 1429 ripis

296 1454 516 1499 custodias
542 1453 749 1514 disponit.

363 1536 613 1579 LXXXIV.
640 1532 835 1577 Tandem
852 1568 863 1588 ,
889 1533 1093 1576 omnibus
1123 1533 1252 1576 rebus
1276 1532 1459 1588 obsessi,
1484 1542 1692 1593 quartum

295 1617 385 1677 jam
423 1615 537 1660 diem
565 1616 657 1659 sine
686 1613 847 1676 pabulo
872 1615 1054 1658 retentis
1087 1615 1321 1675 jumentis,
1361 1631 1506 1675 aquae,
1551 1614 1692 1676 ligno-

298 1715 422 1753 rum,
441 1696 653 1741 frumenti
678 1696 848 1756 inopia,
871 1694 1143 1755 colloquium
1163 1705 1345 1756 petunt,
1371 1705 1411 1738 et
1440 1695 1512 1752 id,
1537 1696 1571 1739 si
1596 1696 1693 1740 fieri

299 1778 459 1838 possit,
488 1786 657 1821 semoto
689 1792 713 1819 a
734 1775 946 1819 militibus
969 1774 1079 1819 loco.
1114 1776 1203 1818 Ubi
1232 1775 1275 1818 id
1307 1792 1330 1818 a
1355 1778 1525 1821 Caesare
1565 1793 1695 1838 nega-

300 1868 415 1913 tum,
440 1868 504 1915 et,
523 1855 666 1918 palam
693 1857 728 1900 si
751 1854 942 1917 colloqui
973 1854 1154 1913 vellent,
1179 1872 1433 1900 concessum
1459 1867 1545 1914 cst,
1566 1856 1696 1901 datur

301 1938 465 1982 obsidis
490 1937 588 1982 loco
603 1938 766 1982 Caesari
784 1937 899 1981 filius
920 1936 1102 1981 Afranii.
1127 1938 1317 1981 Venitur
1339 1938 1383 1980 in
1404 1954 1502 1981 eum
1530 1936 1695 1994 locum,

302 2036 432 2080 quem
460 2022 606 2064 Caesar
632 2018 804 2080 delegit.
844 2017 1064 2063 Audiente
1090 2028 1279 2079 utroque
1309 2020 1528 2076 exercitu,
1554 2019 1696 2080 loqui-

303 2110 374 2144 tur
396 2100 604 2145 Afranius
627 2117 635 2143 :
661 2121 681 2141 «
704 2102 809 2145 Non
829 2115 920 2143 esse
939 2110 1016 2143 aut
1041 2100 1144 2161 ipsis
1171 2109 1248 2143 aut
1275 2098 1489 2144 militibus
1517 2117 1697 2144 succen-

302 2181 511 2234 sendum,
538 2180 657 2242 quod
684 2179 813 2224 fidem
836 2197 939 2241 erga
964 2181 1277 2241 imperatorem
1306 2198 1434 2225 suum
1461 2183 1542 2226 Cn.
1569 2183 1697 2226 Pom-

304 2262 451 2322 peium
465 2278 726 2306 conservare
741 2261 964 2305 voluerint
990 2279 998 2304 :
1028 2261 1102 2305 sed
1120 2262 1221 2305 satis
1239 2262 1329 2322 jam
1344 2262 1495 2306 fecisse
1521 2262 1666 2307 officio
1684 2297 1695 2317 ‚

304 2343 494 2403 satisque
520 2342 724 2404 supplicii
749 2341 927 2399 tulisse,
952 2359 1181 2403 perpessos
1208 2344 1404 2387 omnium
1432 2360 1578 2387 rerum
1606 2344 1698 2387 ino-

306 2423 423 2483 piam
444 2440 452 2466 :
480 2440 598 2468 nunc
631 2440 751 2480 vero,
776 2439 896 2484 paene
921 2433 968 2466 ut
993 2423 1197 2475 feminas,
1217 2424 1580 2468 circummunitos
1602 2440 1699 2484 pro-

305 2504 447 2548 hiberi
461 2521 574 2565 aqua
588 2540 599 2561 ‚
617 2505 840 2566 prohiberi
862 2504 1087 2565 ingressu3
1106 2521 1248 2566 neque
1267 2520 1453 2565 corpore
1473 2502 1669 2548 dolorem
1686 2539 1696 2561 ,

308 2600 448 2644 neque
473 2587 621 2630 animo
649 2586 937 2648 ignominiam
975 2585 1088 2630 ferre
1113 2603 1240 2647 posse
1278 2604 1286 2629 :
1317 2587 1465 2645 itaque
1494 2601 1537 2629 se
1561 2585 1699 2629 victos

307 2665 507 2710 confiteri
529 2686 537 2710 :
559 2684 686 2711 orare
718 2677 848 2727 atque
868 2666 1098 2711 obsecrare
1118 2702 1129 2724 ,
1157 2668 1191 2710 si
1215 2666 1287 2726 qui
1315 2665 1436 2710 locus
1459 2666 1701 2710 misericor-
