1972 3356
424 182 493 226 154
633 184 672 217 C.
699 182 718 215 J
727 181 829 216 ULII
859 180 1075 216 CAESARIS
1105 180 1591 218 COMMENTARIORUM

419 281 646 319 evocasse,
665 273 718 307 ut,
734 263 783 306 iis
805 263 989 307 testibus
1013 263 1058 306 in
1078 278 1247 307 summa
1274 264 1470 324 pecuniae
1493 274 1709 320 uteretur;
1730 268 1805 312 sed

420 343 745 406 interpellatum
782 343 973 388 adventu
1009 344 1189 389 Caesaris
1229 343 1486 406 profugisse.
1526 346 1594 388 Ita
1631 345 1804 392 duobus

419 425 694 486 temporibus
723 424 908 487 ephesiae
932 424 1129 486 pecuniae
1151 426 1296 469 Caesar
1321 423 1533 468 auxilium
1559 423 1673 469 tulit.
1693 427 1802 471 Item

418 506 672 562 constabat,
708 504 833 551 Elide
871 507 916 550 in
959 504 1122 566 templo
1162 505 1400 561 Minervae,
1438 506 1633 566 repetitis
1673 516 1805 567 atque

419 588 686 632 enumeratis
711 586 888 642 diebus,
913 603 1000 648 quo
1030 586 1100 630 die
1126 585 1328 647 proelium
1360 585 1599 630 secundum
1636 586 1808 632 fecisset

420 669 582 725 Caesar,
610 666 895 713 simulacrum
922 668 1155 722 Victoriae‚
1183 666 1304 728 quod
1331 677 1432 711 ante
1465 667 1602 728 ipsam
1633 668 1803 712 Miner-

418 765 517 792 vam
553 747 815 793 collocatum
846 758 965 806 erat,
991 757 1034 792 et
1066 757 1166 792 ante
1194 747 1247 791 ad
1277 745 1560 791 simulacrum
1594 748 1806 793 Minervae

419 830 667 890 spectabat,
703 828 758 872 ad
800 828 948 873 valvas
986 845 1030 872 se
1071 827 1222 889 templi
1264 827 1483 888 limenque
1525 829 1803 874 convertisse.

419 910 672 970 Eodemque
701 910 770 953 (lie
802 909 1044 954 Antiochiae
1077 909 1121 953 in
1154 910 1276 968 Syria
1308 908 1374 952 bis
1412 918 1558 953 tantus
1591 911 1805 955 exercitus

418 990 599 1043 clamor,
626 1001 668 1034 et
703 992 931 1051 signorum
963 1006 1094 1033 sonus
1123 988 1354 1033 exauditus
1385 999 1473 1044 est,
1507 999 1555 1034 ut
1588 992 1632 1034 in
1668 992 1805 1036 muris

417 1081 582 1114 armata
608 1072 758 1114 civitas
778 1070 1055 1114 discurreret.
1078 1072 1173 1113 Hoc
1195 1068 1311 1113 idem
1338 1068 1610 1114 Ptolemaide
1631 1071 1802 1116 accidit.

417 1152 618 1212 Pergami
649 1152 693 1195 in
721 1149 906 1195 occultis
931 1167 982 1195 ac
1010 1151 1190 1195 remotis
1220 1150 1401 1211 templi,
1428 1167 1516 1210 quo
1548 1161 1704 1212 praeter
1735 1169 1805 1196 sa-

417 1231 616 1276 cer-dotes
644 1231 764 1276 adire
793 1231 856 1276 fas
882 1248 970 1276 non
995 1241 1085 1288 est,
1108 1248 1204 1292 qnae
1227 1232 1371 1276 Graeci
1393 1226 1536 1276 ἇέΣυτα
1560 1231 1805 1293 appellant,

417 1322 625 1373 tympana
650 1323 905 1356 sonuerunt.
933 1315 1042 1356 Item
1065 1311 1286 1356 Trallibus
1311 1313 1356 1355 in
1388 1311 1551 1374 templo
1580 1313 1805 1370 Victoriae‚

418 1393 491 1436 ubi
516 1394 701 1437 Caesaris
724 1402 912 1437 statuam
939 1403 1329 1449 consecraverant,
1353 1391 1497 1454 palma
1520 1409 1598 1454 per
1621 1409 1695 1438 eos
1714 1392 1806 1438 dies

418 1474 461 1516 in
484 1483 597 1517 tecto
617 1475 730 1518 inter
748 1483 1009 1535 coagmenta
1034 1472 1228 1534 lapidum
1252 1474 1296 1516 in
1317 1474 1568 1534 pavimento
1594 1474 1806 1518 exstitisse

416 1553 744 1598 ostendebatur.

482 1637 596 1680 CVI.
627 1637 786 1691 Caesar,
813 1650 974 1695 paucos
999 1633 1088 1678 dies
1113 1635 1157 1677 in
1184 1635 1283 1678 Asia
1313 1644 1531 1692 moratus,
1559 1651 1696 1696 quum
1726 1652 1803 1680 au-

416 1716 548 1760 disset
592 1716 851 1776 Pompeium
892 1715 1026 1775 Cypri
1073 1714 1214 1758 visum
1232 1749 1243 1770 ,
1289 1715 1538 1775 conjectans
1556 1751 1567 1771 ‚
1613 1732 1714 1760 eum
1759 1718 1803 1760 in

415 1798 652 1857 AEgyptum
682 1797 764 1839 iter
790 1794 952 1838 habere
969 1829 980 1849 ‚
1011 1804 1194 1855 propter
1221 1794 1562 1839 necessitudines
1587 1799 1712 1858 regni
1738 1814 1804 1841 re·

414 1876 644 1937 liquasque
666 1877 759 1937 ejus
779 1874 861 1919 loci
881 1876 1237 1936 opportunitates
1252 1911 1264 1929 ‚
1285 1891 1385 1919 cum
1406 1874 1674 1937 legionibus,
1696 1894 1804 1933 una,

414 1975 546 2019 quam
575 1975 625 2003 ex
646 1955 869 2001 Thessalia
893 1973 937 2000 se
960 1957 1081 2017 sequi
1097 1957 1311 2017 jusserat,
1339 1966 1381 2000 et
1407 1955 1568 2012 altera,
1596 1974 1726 2019 quam
1751 1975 1804 2003 ex

413 2038 576 2083 Achaia
599 2055 623 2082 a
648 2039 705 2096 Q.
723 2037 849 2082 Fufio
874 2036 1019 2099 legato
1037 2046 1320 2093 evocaverat,
1340 2037 1651 2099 equitibusque
1670 2055 1802 2096 DCCC,

412 2130 456 2163 et
480 2119 665 2163 navibus
690 2118 832 2181 longis
859 2118 1026 2162 rhodiis
1051 2136 1100 2175 x,
1133 2129 1176 2163 et
1205 2119 1391 2163 asiaticis
1418 2120 1589 2180 paucis,
1614 2119 1803 2165 Alexan-

414 2200 554 2245 driam
587 2201 801 2262 pervenit.
836 2202 886 2244 In
915 2199 982 2244 his
1016 2210 1142 2244 erant
1174 2199 1419 2261 legionibus
1455 2199 1686 2244 hominum
1719 2202 1803 2245 tria

412 2280 547 2326 millia
582 2297 634 2327 cc
659 2298 668 2325 ε
698 2280 881 2343 reliqui,
913 2279 1169 2325 vulneribus
1197 2298 1247 2325 ex
1284 2279 1475 2342 proeliis,
1504 2290 1546 2325 et
1573 2280 1720 2326 labore
1751 2298 1801 2326 ac

413 2362 719 2424 magnitudine
754 2363 920 2407 itineris
953 2361 1162 2418 confecti,
1193 2362 1402 2422 consequi
1428 2378 1517 2407 non
1550 2372 1797 2424 potuerant.

411 2443 496 2488 Sed
525 2445 686 2500 Caesar,
708 2443 896 2488 confisus
914 2442 1027 2486 fama
1042 2460 1187 2487 rerum
1211 2452 1432 2505 gestarum
1446 2477 1458 2498 ‚
1477 2442 1658 2487 infirmis
1680 2443 1801 2486 auxi-

412 2523 480 2568 liis
509 2524 728 2586 proficisci
752 2541 841 2568 non
867 2523 1167 2579 dubitaverat,
1192 2533 1322 2585 atque
1344 2540 1519 2568 omnem
1546 2523 1627 2567 sibi
1653 2521 1797 2567 locum

413 2615 557 2649 tutum
590 2605 683 2651 fore
714 2605 1002 2650 existimabat.
1037 2604 1308 2650 Alexandria?
1343 2605 1395 2650 de
1430 2605 1625 2666 Pompeii
1660 2613 1800 2648 morte
