1972 3356
613 239 678 275 DE
709 239 870 275 BELLO
907 241 1172 277 AFRICANO.
1508 240 1577 277 251

202 326 260 368 ris
281 334 447 382 castra,
469 341 564 385 quae
585 333 709 368 erant
725 324 769 368 in
791 322 903 368 colle
917 358 929 381 ,
958 340 1002 368 se
1023 323 1221 369 conferre
1243 325 1376 387 coepit
1403 342 1412 369 z
1440 322 1583 370 frena-

200 416 270 450 tus
293 415 440 450 autem
458 405 638 450 Labieni
663 421 794 465 eques
812 405 855 448 in
877 403 974 449 loco
998 421 1280 466 permanere,
1301 404 1582 468 legionesque

200 485 407 530 distinere
435 503 444 530 :
470 502 606 547 quum
635 485 779 529 subito
803 501 904 546 pars
927 485 1147 545 equitatus
1167 487 1347 531 Caesaris
1370 504 1470 532 cum
1497 487 1581 532 levi

200 577 444 623 armatura,
461 575 613 610 contra
629 564 826 610 Gaetulos
852 566 1019 625 injussu
1038 582 1087 609 ac
1111 575 1273 610 temere
1292 565 1466 629 longius
1486 585 1584 630 pro-

200 649 353 709 gressi,
377 646 671 709 paludemque
704 647 989 707 transgressi,
1027 644 1356 691 multitudinem
1388 648 1581 694 hostium

196 728 325 788 pauci
362 727 575 771 sustinere
605 742 694 770 non
732 735 1000 787 potuerunt;
1039 725 1213 787 levique
1246 737 1469 773 armatura
1506 729 1581 774 de-

196 808 329 863 serti,
349 824 400 853 ac
416 807 529 869 pulsi
543 805 956 867 convulneratique,
984 824 1072 851 uno
1099 808 1246 869 equite
1269 809 1449 866 amisso,
1473 810 1583 854 mul-

196 890 250 933 tis
281 889 405 949 equis
427 888 606 942 sauciis,
635 886 740 932 levis
768 898 999 933 armaturae
1034 905 1147 934 xxvl
1182 890 1361 947 occisis,
1394 890 1447 934 ad
1483 908 1582 935 suos

194 968 464 1030 refugerunt.
496 970 598 1027 Quo
624 968 815 1014 secundo
859 970 1047 1030 equestri
1078 968 1232 1031 proelio
1258 969 1373 1015 facto
1391 1005 1403 1028 ,
1432 972 1582 1032 Scipio

194 1047 315 1094 laetus
339 1050 381 1094 in
399 1060 539 1095 castra
561 1060 688 1094 nocte
710 1050 856 1110 copias
871 1049 1059 1094 reduxit.
1077 1049 1211 1107 Quod
1226 1052 1456 1112 proprium
1478 1068 1582 1113 gau·

194 1131 316 1175 dium
338 1130 603 1176 bellantibus
629 1131 809 1176 fortuna
822 1131 1013 1176 tribuere
1040 1149 1129 1176 non
1151 1132 1343 1177 decrevit
1364 1149 1372 1176 :
1390 1149 1580 1194 namque

192 1222 369 1274 postero
395 1212 464 1257 die
489 1215 660 1269 Caesar,
681 1229 816 1274 quum
845 1222 1013 1274 partem
1043 1214 1264 1274 equitatus
1293 1214 1358 1258 sui
1377 1215 1580 1276 Leptim,

194 1293 403 1338 frumenti
427 1294 587 1356 gratia,
614 1294 826 1349 misisset,
858 1294 904 1338 in
932 1295 1088 1338 itinere
1111 1293 1376 1355 praedatores
1411 1296 1581 1356 equites

194 1374 410 1420 Numidas
438 1374 721 1436 Gaetulosque
747 1392 798 1419 ex
824 1375 1062 1436 improviso
1101 1374 1244 1419 adorti
1279 1376 1452 1420 circiter
1484 1393 1583 1420 cen-

194 1466 286 1500 tum
303 1457 463 1517 partim
487 1456 766 1512 occiderunt,
792 1457 951 1517 partim
973 1456 1175 1500 vivorum
1199 1456 1329 1518 potiti
1352 1466 1467 1501 sunt.
1494 1459 1582 1501 Cae-

193 1553 262 1581 sar
285 1537 458 1580 interim
474 1536 670 1598 quotidie
690 1535 882 1597 legiones
897 1537 941 1580 in
956 1554 1162 1598 campum
1186 1536 1424 1595 deducere,
1449 1547 1581 1599 atque

192 1634 301 1679 opus
325 1617 469 1663 facere
488 1653 500 1676 ,
521 1616 773 1679 vallumque
796 1627 838 1663 et
863 1618 1024 1662 fossam
1053 1634 1132 1679 per
1157 1617 1352 1662 medium
1373 1636 1579 1681 campum

192 1699 371 1757 ducere,
392 1700 832 1762 adversariorumque
852 1701 1184 1745 excursionibus
1204 1701 1285 1745 iter
1299 1700 1472 1746 officere
1489 1719 1577 1745 nou

192 1781 454 1825 intermittit.
475 1782 621 1841 Scipio
647 1782 751 1824 item
777 1782 1044 1824 munitiones
1067 1791 1223 1824 contra
1245 1781 1406 1837 facere,
1432 1791 1498 1835 et,
1522 1799 1578 1826 ne

189 1862 296 1923 jugo
318 1878 342 1906 a
364 1863 535 1907 Caesare
556 1861 880 1916 excluderetur,
904 1878 1211 1923 approperare.
1233 1863 1299 1905 Ita
1325 1862 1456 1906 duces
1478 1864 1581 1907 utri-

191 1959 276 2003 que
299 1953 342 1987 et
364 1945 408 1988 in
429 1944 635 2006 operibus
653 1945 855 2006 occupati
881 1953 1027 2000 erant,
1049 1953 1092 1987 et
1114 1942 1254 1987 nihilo
1275 1944 1422 1988 minus
1449 1960 1580 2005 eque-

193 2024 357 2069 stribus
386 2024 550 2087 proeliis
578 2025 692 2069 inter
717 2042 761 2069 se
787 2024 984 2086 quotidie
1013 2024 1295 2069 dimicabant.

257 2108 395 2150 LXII.
422 2108 605 2151 Interim
630 2108 773 2151 Varus
795 2104 997 2163 classem,
1024 2122 1154 2167 quam
1178 2115 1303 2149 antea
1327 2105 1471 2149 Uticae
1487 2106 1579 2150 hie—

191 2187 275 2230 mis
302 2189 443 2249 gratia
468 2186 756 2245 subduxerat,
778 2188 955 2250 cognito
975 2186 1160 2249 legionis
1186 2202 1251 2232 vn
1272 2195 1314 2230 et
1337 2203 1420 2232 vm
1445 2204 1496 2231 ex
1519 2188 1581 2231 Si-

190 2266 289 2311 cilia
314 2268 526 2326 adventu,
552 2268 750 2314 celeriter
774 2268 972 2327 deducit,
999 2268 1206 2330 illamque
1233 2268 1420 2313 Gaetulis
1447 2270 1580 2313 remi·

191 2348 318 2410 gibus
338 2350 610 2412 epibatisque
630 2349 846 2412 complet3
870 2350 1193 2411 insidiandique
1218 2351 1359 2412 gratia
1378 2350 1431 2394 ab
1450 2350 1579 2395 Utica

191 2446 475 2492 progressus,
506 2430 794 2476 Adrumetum
821 2448 922 2477 cum
961 2448 1018 2477 Lv
1044 2432 1228 2476 navibus
1251 2432 1463 2494 pervenit.
1490 2433 1579 2476 Cu-

190 2511 260 2571 jus
278 2510 492 2556 adventus
507 2512 670 2558 inscius
689 2514 858 2570 Caesar,
882 2515 931 2558 L.
957 2515 1155 2574 Cispium
1175 2530 1275 2558 cum
1296 2512 1430 2558 classe
1447 2529 1576 2557 xxvu

193 2592 369 2636 navium
391 2592 445 2637 ad
473 2593 696 2654 Thapsum
725 2610 871 2639 versus
908 2596 950 2640 in
977 2595 1210 2639 stationem
1228 2630 1238 2649 ‚
1267 2594 1451 2656 praesidii
1484 2611 1577 2656 gra-

194 2671 253 2716 tia
282 2683 550 2719 commeatus
583 2675 670 2730 sui,
700 2676 837 2720 mittit
875 2694 882 2719 :
920 2677 1109 2737 itemque
1143 2678 1199 2734 Q
1244 2674 1444 2736 Aquilam
1477 2693 1576 2720 cum
