1972 3356
523 217 589 252 DE
619 217 779 251 BELLO
808 214 1028 250 GALLICO
1056 214 1144 249 LIB.
1170 214 1196 247 I.
1536 224 1558 257 g)

165 302 275 346 rime
309 301 613 357 confecerant,
645 311 693 344 ut
719 300 883 344 flumen
921 299 1181 354 transirent,
1215 313 1302 340 uno
1335 295 1461 339 illum
1492 295 1559 338 die

166 381 318 427 fecisse
347 381 667 443 intelligerent,
694 380 859 442 legatos
884 380 939 423 ad
963 397 1063 423 eum
1093 380 1277 423 mittunt
1302 396 1311 421 :
1344 378 1469 438 cujus
1498 376 1559 419 lc-

167 464 355 524 gationis
390 463 547 507 Divico
583 462 788 522 princeps
810 460 936 517 suit,
971 462 1046 520 qui
1080 459 1196 503 bello
1225 459 1436 503 Cassiano
1472 458 1559 501 dux

167 544 472 588 Helvetiorum
496 541 652 585 fuerat.
678 544 719 585 Is
742 542 801 584 ita
826 558 927 584 cum
949 543 1120 586 Caesare
1143 541 1232 600 agit
1258 557 1266 583 :
1294 559 1314 580 «
1339 539 1384 583 Si
1408 555 1560 600 pacem

170 623 358 685 populus
380 639 589 666 romanus
620 639 721 666 cum
751 620 1171 677 Helvetiis.faceret,
1198 622 1242 663 in
1267 636 1364 663 eam
1393 628 1561 679 partem

168 706 306 748 ituros
335 714 467 764 atque
499 704 559 747 ihi
593 702 767 747 futuros
800 701 1041 757 Helvetios,
1070 702 1148 746 ubi
1180 717 1253 745 eos
1284 703 1430 745 Caesar
1462 716 1564 743 con-

167 786 378 830 stituisset
408 795 538 846 atque
572 801 663 830 esse
693 783 906 829 voluisset
931 802 939 828 :
972 785 1039 828 sin
1070 782 1186 828 bello
1222 783 1426 844 persequi
1460 798 1562 843 per-

168 876 411 923 severaret,
440 867 801 910 reminisceretur
833 876 878 910 et
911 867 1070 910 veteris
1106 864 1374 909 incommodi
1412 861 1565 924 populi

167 948 359 1004 romani,
385 957 428 991 et
456 948 654 1008 pristinae
677 947 857 992 virtutis
889 945 1208 991 Helvetiorum.
1236 945 1372 1003 Quod
1399 946 1566 1005 impro-

168 1028 263 1072 viso
296 1045 436 1072 unum
465 1045 629 1089 pagum
660 1027 844 1072 adortus
878 1038 1011 1084 esset,
1045 1044 1183 1088 quum
1212 1027 1267 1083 ii,
1297 1027 1372 1087 qui
1401 1025 1567 1069 flumen

170 1109 444 1165 transissent,
468 1110 557 1153 suis
582 1108 796 1154 auxilium
823 1109 937 1153 ferre
964 1125 1054 1152 non
1080 1118 1279 1170 possent,
1306 1125 1360 1151 ne
1390 1106 1446 1150 ob
1471 1123 1567 1150 eam

170 1207 262 1234 rem
290 1200 366 1234 aut
391 1207 478 1234 suae
503 1207 773 1252 magnopere
801 1191 956 1234 virtuti
980 1191 1223 1247 tribueret,
1249 1199 1323 1233 aut
1351 1190 1467 1250 ipsos
1494 1187 1569 1232 de-

171 1271 358 1331 spiceret
387 1289 395 1314 :
422 1287 465 1315 se
493 1272 553 1315 ita
575 1272 776 1331 patribus
800 1271 1133 1332 majoribusque
1157 1271 1246 1314 suis
1268 1270 1494 1326 didicisse,
1520 1279 1571 1313 ut

172 1352 308 1412 magis
332 1352 515 1407 virtute,
540 1368 672 1411 quam
703 1350 805 1394 dolo
835 1351 1176 1406 contenderent,
1205 1361 1282 1393 aut
1309 1350 1479 1394 insidiis
1504 1351 1571 1393 ni-

173 1441 382 1475 terentur.
402 1434 573 1490 Quare,
599 1449 653 1475 ne
678 1433 997 1488 committeret,
1019 1442 1068 1475 ut
1088 1432 1122 1475 is
1145 1430 1287 1483 locus,
1310 1431 1386 1474 ubi
1411 1431 1573 1474 consti-

172 1513 323 1557 tissent
335 1547 346 1569 ,
363 1529 414 1556 ex
431 1512 681 1557 calamitate
696 1511 851 1574 populi
872 1514 1045 1557 romani
1066 1523 1110 1557 et
1127 1513 1431 1557 internecione
1450 1527 1572 1555 exer-

171 1594 283 1637 citus
312 1611 473 1638 nomen
501 1604 700 1655 caperet,
727 1605 804 1639 aut
826 1595 1088 1639 memoriam
1113 1593 1334 1655 proderet.
1357 1613 1377 1634 »

235 1677 356 1720 XIV.
392 1677 472 1720 His
490 1677 635 1720 Caesar
659 1677 719 1720 ita
743 1676 972 1737 respondit
997 1693 1005 1719 :
1034 1696 1053 1717 (τ
1072 1679 1137 1720 Eo
1161 1676 1244 1719 sibi
1272 1676 1418 1718 minus
1443 1674 1572 1718 dubi-

173 1757 349 1800 tationis
374 1757 488 1813 dari,
516 1757 636 1818 quod
661 1774 732 1801 eas
757 1775 848 1813 res,
873 1774 980 1818 quas
1008 1756 1137 1818 legati
1163 1756 1354 1801 Helvetii
1383 1773 1574 1800 comme—

172 1849 438 1894 morassent,
476 1840 689 1883 memoria
725 1849 916 1894 teneret3
955 1849 1088 1899 atque
1129 1855 1180 1881 eo
1223 1839 1398 1899 gravius
1439 1838 1572 1892 ferre,

173 1935 260 1978 quo
295 1921 440 1964 minus
481 1921 638 1964 merito
675 1919 828 1980 populi
870 1921 1046 1963 romani
1087 1919 1348 1963 accidissent
1392 1920 1501 1979 :qui
1539 1920 1574 1962 si

175 1998 364 2060 alicujus
389 2001 559 2061 injuriae
588 2001 669 2044 sibi
693 2001 896 2044 conscius
924 2000 1095 2055 fuisset,
1126 2017 1214 2044 non
1239 2000 1370 2044 fuisse
1395 1999 1574 2043 difficile

174 2096 348 2135 cavere,
373 2081 448 2124 sed
479 2098 532 2125 eo
554 2081 812 2142 deceptum,
847 2081 966 2141 quod
994 2098 1137 2142 neque
1162 2082 1447 2125 commissum
1476 2097 1500 2123 a
1531 2097 1574 2123 se

177 2160 444 2222 intelligeret
474 2179 610 2222 quare
646 2163 842 2217 timeret,
871 2179 1012 2223 neque
1043 2163 1137 2206 sine
1165 2179 1296 2206 causa
1325 2161 1572 2205 timendum

175 2251 364 2301 putaret.
384 2242 519 2299 Quod
542 2243 577 2286 si
595 2243 754 2287 veteris
777 2242 1055 2287 contumeliae
1078 2242 1276 2287 oblivisci
1294 2241 1445 2298 vellet,
1467 2259 1574 2285 num

175 2324 307 2365 etiam
337 2324 582 2367 recentium
613 2325 902 2385 injuriarum,
930 2324 1071 2385 quod,
1108 2341 1160 2367 eo
1193 2324 1353 2379 invito,
1384 2325 1470 2367 iter
1498 2340 1576 2384 per

175 2404 455 2447 Provinciam
477 2421 555 2464 per
576 2405 664 2447 vim
690 2415 951 2463 tentassent,
977 2404 1097 2466 quod
1120 2404 1305 2461 AEduos,
1327 2404 1447 2465 quod
1470 2406 1576 2448 Ain-

177 2484 348 2540 barros,
375 2484 494 2545 quod
517 2484 778 2547 Allobrogas
804 2496 1055 2541 vexassent,
1074 2486 1331 2529 memoriam
1356 2485 1577 2546 deponere

177 2564 333 2622 posse?
367 2565 503 2622 Quod
539 2583 614 2609 sua
644 2566 827 2610 victoria
867 2577 955 2611 tam
993 2566 1231 2611 insolenter
1261 2565 1575 2627 gloriarentur,

178 2645 384 2705 quodque
402 2656 486 2689 tani
505 2647 578 2690 diu
596 2664 639 2690 se
662 2648 841 2707 impune
860 2647 1009 2693 tulisse
1028 2648 1212 2707 injurias
1235 2647 1575 2701 admirarentur,
