1972 3356
596 226 662 260 DE
690 225 851 260 BELLO
882 224 1263 260 ALEXANDRINO.
1557 223 1624 267 173

240 308 549 364 communivit,
597 318 727 369 atque
768 308 826 352 ibi
867 307 1116 369 praesidium
1158 307 1317 369 posuit.
1352 309 1482 351 Hunc
1525 307 1628 368 fuga

241 388 427 431 Pharitae
451 387 739 449 reliqueram3
765 388 988 432 fortiorem
1026 387 1149 432 illum
1177 387 1518 449 propioremque
1545 404 1626 450 op-

240 466 343 528 pido
372 467 653 513 Alexandrini
682 469 932 512 tuebantur.
963 467 1050 512 Sed
1072 484 1172 512 eum
1198 478 1375 529 postero
1404 468 1473 513 die
1496 468 1626 512 simili

240 548 408 592 ratione
435 547 713 610 aggreditur,
739 546 857 608 quod
874 581 886 604 ,
913 546 980 590 his
1007 547 1198 591 obtentis
1225 547 1418 605 duobus,
1448 565 1624 593 omnem

239 629 512 689 navigiorum
545 644 774 672 excursum
804 637 847 671 et
873 627 1104 688 repentina
1140 626 1368 671 latrocinia
1404 627 1626 673 sublatum

239 709 290 752 iri
319 708 560 752 videbatur.
589 711 772 769 Jamque
797 724 894 764 eos,
924 709 999 768 qui
1029 707 1230 768 praesidio
1258 723 1358 751 eum
1389 706 1534 752 locum
1560 719 1625 753 te-

238 789 424 842 nebant,
455 790 681 833 tormentis
701 805 753 833 ex
778 788 964 832 navibus
989 788 1249 850 sagittisque
1278 786 1538 850 depulerat,
1564 800 1628 833 at-

236 886 320 930 que
358 870 403 913 in
437 869 649 931 oppidum
682 869 932 932 redegerat3
972 879 1014 914 et
1041 869 1290 914 cohortium
1328 857 1462 914 trium
1491 870 1629 915 instar

235 950 279 993 in
303 958 463 994 terram
498 960 759 1012 exposuerat
802 967 811 994 :
842 967 930 994 non
957 951 1073 995 enim
1101 949 1247 1012 plures
1279 950 1517 995 consistere
1541 968 1621 996 an-

234 1032 388 1092 gustiae
425 1029 507 1075 loci
547 1031 828 1093 patiebantur
850 1050 858 1076 :
887 1030 1066 1093 reliquae
1093 1032 1229 1092 copiae
1259 1032 1304 1075 in
1331 1032 1517 1076 navibus
1537 1042 1626 1077 sta-

234 1112 396 1156 tionem
420 1112 691 1157 obtinebant.
718 1113 821 1170 Quo
847 1112 961 1157 facto
987 1114 1196 1174 imperat,
1219 1121 1396 1173 pontem
1417 1111 1627 1158 adversus

234 1192 401 1237 hostem
427 1192 696 1255 praevallari,
726 1204 790 1251 et,
822 1211 908 1255 qua
936 1194 1077 1238 exitus
1107 1193 1294 1238 navibus
1318 1203 1432 1250 erat,
1461 1192 1628 1238 fornice

232 1283 474 1329 exstruct0‚
501 1291 589 1336 quo
613 1292 722 1336 pons
741 1275 1052 1331 sustinebatur,
1068 1273 1290 1335 lapidibus
1308 1272 1476 1335 oppleri
1497 1284 1628 1335 atque

232 1354 400 1399 obstrui
428 1371 436 1398 :
459 1372 649 1416 quorum
677 1355 816 1400 altero
844 1373 974 1417 opere
1002 1355 1184 1412 effecte,
1213 1365 1263 1399 ut
1293 1354 1415 1400 nulla
1438 1356 1623 1399 omnino

230 1435 388 1495 scapha
423 1435 570 1497 egredi
613 1446 785 1496 posset,
825 1436 963 1480 altero
995 1436 1218 1490 instituto,
1247 1451 1399 1479 omnes
1434 1434 1625 1479 Alexan-

229 1514 458 1559 drinorum
491 1516 629 1577 copiae
657 1533 708 1560 ex
737 1515 902 1577 oppido
932 1532 975 1559 se
1002 1516 1253 1576 ejecerunt,
1280 1525 1322 1559 et
1349 1525 1503 1559 contra
1530 1532 1627 1559 mu-

229 1595 417 1639 nitiones
439 1598 586 1657 pontis
607 1595 761 1640 latiore
788 1596 884 1641 loco
907 1596 1224 1652 constiterunt3
1250 1595 1492 1657 eodemque
1514 1605 1623 1639 tem-

229 1692 360 1737 pore,
384 1693 480 1738 quae
516 1688 834 1721 consueverant
861 1678 1034 1738 navigia
1061 1693 1138 1738 per
1159 1687 1314 1738 pontes
1341 1676 1395 1720 ad
1422 1677 1625 1721 incendia

228 1758 531 1802 onerariarum
561 1759 786 1813 emittere,
810 1758 863 1801 ad
892 1757 1053 1800 molem
1081 1758 1422 1802 constituerunt.
1450 1760 1626 1819 Pugna-

229 1840 360 1883 batur
395 1857 419 1883 a
453 1842 611 1884 nostris
649 1856 699 1884 ex
740 1849 897 1900 ponte,
928 1855 979 1882 ex
1012 1836 1125 1882 mole
1155 1855 1163 1881 :
1198 1838 1251 1882 ab
1291 1837 1373 1882 illis
1403 1855 1455 1882 ex
1490 1856 1590 1883 area
1611 1874 1622 1895 ,

229 1937 325 1980 quae
350 1930 443 1964 erat
468 1920 675 1965 adversus
703 1931 902 1981 pontem,
926 1932 968 1964 et
990 1936 1041 1963 ex
1061 1920 1246 1963 navibus
1267 1928 1422 1963 contra
1446 1919 1620 1963 molem.

293 2003 390 2046 XX.
419 2004 470 2045 In
496 2001 561 2045 his
588 2003 718 2046 rebus
753 2010 971 2062 occupato
995 2002 1188 2053 Caesare,
1230 1999 1476 2061 militesque
1518 2001 1621 2044 hor—

229 2092 371 2138 tante,
405 2079 633 2143 'remigum
672 2099 858 2144 magnus
898 2097 1104 2126 numerus
1140 2091 1182 2125 et
1222 2079 1545 2125 classiariorum
1570 2098 1622 2125 ex

229 2162 370 2224 longis
401 2163 584 2207 navibus
623 2164 783 2207 nostris
812 2165 855 2206 in
884 2162 1044 2207 molem
1086 2179 1130 2206 se
1167 2162 1308 2222 ejecit.
1336 2164 1441 2206 Pars
1469 2179 1623 2207 eorum

229 2244 374 2289 studio
410 2244 636 2305 spectandi
675 2243 918 2299 ferebatur,
963 2260 1062 2304 pars
1101 2242 1232 2286 etiam
1268 2242 1508 2304 eupiditate
1541 2260 1622 2304 pu-

228 2325 407 2386 gnandi.
434 2326 490 2369 Hi
515 2325 705 2386 primum
731 2325 903 2386 navigia
926 2324 1121 2368 hostium
1152 2322 1371 2384 lapidibus
1396 2340 1447 2367 ac
1472 2323 1619 2368 fundis

227 2422 251 2450 a
292 2405 405 2449 mole
445 2404 730 2467 repellebant,
771 2422 820 2449 ac
857 2403 1046 2449 multum
1087 2403 1302 2465 proficere
1333 2403 1619 2448 multitudine

227 2485 414 2530 telorum
440 2485 714 2530 videbantur.
742 2485 825 2530 Sed
844 2496 1075 2548 postquam
1106 2483 1220 2529 ultra
1246 2500 1346 2528 eum
1374 2483 1543 2540 locum,
1564 2485 1619 2528 ab

228 2566 361 2612 latere
377 2584 527 2612 eorum
548 2578 722 2629 aperto,
749 2568 841 2612 ausi
866 2577 967 2612 sunt
992 2565 1138 2629 egredi
1158 2583 1209 2610 ex
1227 2565 1410 2609 navibus
1430 2564 1618 2610 Alexan·

229 2647 342 2691 drini
372 2649 524 2710 pauci,
552 2658 600 2692 ut
626 2650 717 2693 sine
742 2649 875 2710 signis
905 2649 1123 2709 certisque
1151 2646 1379 2691 ordinibus
1397 2681 1407 2700 ,
1433 2647 1526 2690 sine
1552 2662 1620 2689 ra-
