1972 3356
559 207 817 251 COMMENT.
852 206 917 242 DE
946 207 1104 244 BELLO
1138 208 1362 242 GALLICO.
1578 209 1652 243 263

264 292 394 321 matur.
424 283 721 319 Cassivellaunus
755 291 863 318 sonat
890 284 1019 332 igitur,
1044 285 1106 332 qui
1141 285 1258 332 abigit
1280 286 1339 320 vel
1363 285 1477 333 agitat
1503 286 1651 329 Cassos,

263 348 413 396 gallice,
431 346 743 389 chasse-casses,
764 347 828 393 qui
844 346 978 381 chasse
991 349 1044 380 les
1061 347 1208 391 Casses,
1230 346 1545 394 scribendumque
1562 347 1653 382 Cas-

264 411 486 451 sivelaunus,
502 419 617 455 graece
631 405 961 453 Κάσσουελαυνος,
973 410 1032 444 vel
1043 409 1353 453 Cassivellaunus,
1371 408 1600 457 geminando
1616 412 1630 442 l
1638 435 1650 452 ,

266 472 356 507 utin
375 471 711 515 Vellaunodunum,
729 471 861 519 oppidi
874 471 1002 506 Galliae
1017 471 1189 515 nomine,
1209 471 1405 518 euphoniae
1419 484 1547 515 causa3
1562 469 1654 505 sicut

264 534 302 567 in
325 533 434 568 Cassi
455 544 525 578 pro
546 532 656 576 Casz',
680 539 715 567 et
737 532 774 567 in
802 531 904 567 finali
931 543 1080 566 -casses
1103 531 1300 567 nominum
1328 533 1457 567 Galliae
1483 532 1651 580 populo-

264 607 363 638 rum,
391 593 556 640 ejusdem
576 594 743 641 originis.

314 688 396 722 CAP.
424 687 531 722 XIII.
564 686 757 722 Hibernia.
782 686 935 721 Addunt
954 685 1127 721 nonnulli
1153 686 1287 720 insula.
1315 684 1515 729 Hibernia,
1543 697 1652 731 quam

260 749 381 784 minus
409 755 508 784 recte
539 755 575 783 et
605 748 863 784 contractione
896 754 1005 783 vocat
1027 748 1184 782 Juverna
1209 748 1342 794 Pomp.
1373 747 1490 790 Mela,
1516 759 1535 780 a
1560 759 1653 781 voce

260 811 467 857 hybernus,
493 810 689 858 hyemalis,
710 822 850 845 nomen
873 808 996 852 ducit,
1021 816 1203 856 sonatque
1222 808 1342 844 insula
1363 807 1402 842 in
1433 819 1504 854 qua
1526 807 1654 853 hyems

259 872 508 920 protrahitur,
526 873 586 907 vel
608 885 688 920 quae
708 872 756 907 ab
776 871 972 907 occidente
990 870 1152 918 hyemali
1168 869 1278 916 jacet.
1299 870 1433 904 Melius
1453 881 1542 917 ergo
1562 869 1654 904 scri—

260 936 410 971 beretur
436 935 634 981 Hybemia.

312 1014 441 1048 Mona.
463 1016 493 1047 A
507 1024 626 1059 graeco
641 1008 748 1055 μονὴ,
763 1010 891 1046 dorice
907 1005 1024 1058 μονὰ,
1049 1008 1195 1044 mansio
1208 1036 1217 1053 ,
1236 1008 1420 1043 habitatio
1432 1035 1441 1053 ,
1457 1007 1558 1054 quod
1577 1008 1654 1042 haec

258 1075 377 1110 insula
396 1074 566 1109 ultimum
579 1101 588 1118 ,
612 1081 650 1109 ut
669 1074 720 1109 ait
745 1072 894 1108 Tacitus
908 1100 917 1116 ,
942 1071 1160 1107 druidarum
1184 1070 1428 1118 profugarum
1450 1069 1653 1117 refugium,

257 1137 380 1183 reipsa
403 1143 496 1171 esset
520 1136 618 1170 inter
638 1134 867 1170 Britanniam
889 1141 925 1169 et
949 1131 1181 1181 Hyberniam
1204 1131 1349 1166 mansio
1371 1131 1598 1166 Druidarum
1619 1137 1654 1165 et

259 1198 525 1245 navigantium.

311 1284 396 1319 Cap.
417 1284 519 1319 XIV.
543 1283 577 1316 V
579 1283 656 1317 itro.
688 1299 702 1313 «
718 1282 787 1316 Hic
809 1294 891 1316 cum
914 1281 1055 1316 Caesare
1082 1279 1321 1315 consentiunt
1345 1278 1445 1313 Mela
1459 1304 1469 1321 ‚
1491 1277 1555 1311 lib.
1580 1289 1652 1320 111,

258 1359 288 1381 c.
311 1345 354 1390 6,
377 1352 412 1381 et
434 1344 645 1388 Vitruvius,
664 1344 729 1379 lib.
757 1356 815 1378 vn
830 1370 839 1387 ,
863 1356 892 1377 c.
917 1347 983 1386 14,
1009 1342 1073 1389 qui
1092 1341 1235 1376 habent
1260 1352 1409 1388 quoque
1427 1340 1537 1374 vitro.
1561 1338 1652 1374 Ori-

259 1408 381 1442 basius
400 1413 522 1441 autem
544 1406 674 1441 scribit
702 1406 826 1439 isatim
855 1404 1055 1438 infectores
1079 1404 1218 1437 vitrum
1243 1401 1456 1449 appellare,
1486 1408 1522 1435 et
1546 1401 1652 1434 Mar—

257 1469 369 1504 cellus
380 1467 607 1515 Empiricus,
622 1479 650 1502 c.
668 1466 739 1502 23:
766 1466 940 1508 «Herba,
963 1464 1104 1512 inquit,
1127 1476 1241 1511 quam
1259 1475 1327 1498 nos
1350 1462 1507 1504 vitrum,
1533 1462 1657 1496 Groeci

256 1529 388 1564 isatida
406 1536 554 1564 vocant.
572 1544 586 1559 υ
609 1530 729 1563 Porro
752 1526 894 1562 Plinius
919 1526 1033 1575 (Hist.
1054 1533 1152 1567 nat„
1175 1524 1240 1560 lib.
1265 1537 1355 1559 xxu
1370 1551 1380 1568 ,
1394 1536 1424 1558 c.
1446 1522 1483 1572 1)
1499 1523 1653 1558 eosdem

256 1591 455 1626 Britannos
477 1590 528 1625 ait
542 1591 670 1638 glasto
688 1589 848 1624 oblinere
866 1600 1035 1635 corpora.
1055 1588 1148 1623 Sunt
1173 1598 1263 1634 ergo
1286 1586 1421 1621 vitrum
1442 1592 1477 1620 et
1493 1586 1652 1632 glastum

255 1660 290 1688 et
315 1654 422 1688 isatis
447 1652 593 1688 diversa
622 1650 777 1686 nomina
807 1650 973 1697 ejusdem
1002 1650 1156 1698 plantae,
1180 1648 1281 1695 cujus
1319 1647 1435 1683 succis
1470 1645 1652 1693 expressis

257 1715 424 1750 Britanni
451 1715 500 1750 ad
520 1713 723 1750 inficienda
746 1725 906 1761 corpora
931 1712 987 1748 usi
1014 1719 1138 1747 sunt.»
1158 1712 1216 1746 Ita
1234 1709 1436 1746 Oberlinus
1457 1715 1493 1743 et
1511 1711 1556 1745 D.
1576 1709 1652 1743 Le-

256 1777 383 1812 maire.
403 1777 491 1811 Haec
513 1776 583 1811 tria
607 1775 762 1810 nomina
791 1786 948 1822 graecam
969 1773 1155 1820 originem
1175 1772 1334 1816 habent,
1353 1783 1490 1818 nempe
1518 1771 1653 1804 vitrum

255 1853 275 1873 a
302 1836 475 1885 mmspbs,
505 1838 643 1881 clarus,
672 1835 831 1880 nitidus,
856 1836 999 1879 lucens;
1022 1836 1205 1882 glastum,
1235 1845 1281 1868 ex
1307 1845 1382 1880 quo
1410 1844 1486 1867 vox
1520 1831 1650 1879 gallica

252 1899 374 1948 gubde
386 1908 532 1944 manat,
551 1912 571 1934 a
590 1897 783 1942 κλέα-της,
804 1897 867 1944 qui
886 1896 1043 1944 frangit,
1062 1896 1158 1930 forte
1179 1902 1219 1930 ut
1232 1894 1403 1943 quaedam
1414 1893 1533 1929 herba
1552 1893 1652 1939 cujus

257 1962 399 1998 mentio
420 1961 463 1997 fit
484 1962 585 2010 apud
597 1960 778 2004 Plinium,
799 1960 858 1995 vel
877 1958 1009 1994 melius
1029 1971 1050 1993 a
1069 1969 1104 2006 χ
1109 1955 1250 2002 λοέιζω,
1268 1956 1392 2001 vireo,
1405 1954 1522 2000 κλὸοι,
1535 1955 1651 1990 herba

257 2024 405 2068 viridis,
420 2024 550 2071 gallice
568 2036 690 2072 gazan
708 2034 779 2070 pro
795 2023 953 2070 glazon‚
975 2020 1185 2056 britannice
1203 2019 1461 2066 armoriceque
1479 2019 1580 2065 glas,
1594 2016 1652 2051 vi—

255 2085 365 2129 ridis,
380 2087 571 2129 caeruleus,
584 2085 739 2129 lividus3
753 2083 857 2118 isatis
871 2084 918 2118 ab
932 2076 1073 2127 ἰσάτις,
1088 2083 1264 2130 glastum,
1277 2093 1370 2116 voce
1384 2079 1593 2127 composita
1606 2091 1653 2113 ex

253 2143 342 2191 fros,
356 2160 436 2195 par,
451 2147 617 2195 aequalis,
631 2153 667 2182 et
681 2144 769 2191 ἄτη,
783 2146 974 2190 damnum,
994 2144 1222 2188 clades‚Ate',
1237 2143 1308 2178 dea
1317 2140 1499 2187 malefica,
1519 2139 1651 2186 ἀτίζω,

256 2222 404 2245 nocere.
429 2209 522 2244 Glas
535 2212 635 2244 enim
649 2209 708 2244 vel
718 2209 831 2257 gloas
844 2205 1075 2243 substantive
1087 2206 1226 2241 malum
1240 2211 1350 2241 sonat
1363 2205 1556 2240 armorice.
1569 2205 1651 2239 Vox

255 2272 368 2319 igitur
393 2272 481 2319 glas
511 2282 667 2317 graecam
705 2282 854 2317 quoque
883 2269 1069 2317 originem
1091 2269 1224 2312 habet,
1253 2267 1393 2303 nedum
1425 2279 1469 2302 ex
1505 2279 1546 2302 ea
1577 2278 1652 2301 vox

255 2345 373 2380 graeca
393 2334 560 2380 glastum
583 2332 733 2367 oriatur.
761 2331 879 2378 Hujus
903 2338 1025 2367 autem
1050 2330 1165 2366 moris
1193 2329 1367 2377 vestigia,
1389 2336 1429 2364 ut
1454 2335 1540 2364 ante
1566 2328 1651 2363 am'-

255 2395 455 2430 madvertit
479 2394 699 2438 Oberlinus,
729 2406 919 2442 superesse
946 2393 1122 2429 videntur
1145 2392 1242 2427 inter
1274 2393 1406 2427 Scotos
1429 2390 1650 2432 hodiernos,

256 2457 355 2505 apud
384 2470 476 2504 quos
508 2456 730 2492 vestimenta
756 2463 835 2491 tum
865 2455 1015 2504 capitis,
1038 2463 1117 2490 tum
1151 2453 1321 2502 corporis
1349 2460 1434 2489 sunt
1463 2452 1651 2500 variegata

255 2519 402 2555 duobus
428 2520 636 2561 coloribus,
655 2518 795 2554 scilicet
815 2531 949 2553 croceo
972 2525 1008 2553 et
1027 2518 1205 2561 caeruleo,
1224 2516 1264 2551 in
1286 2515 1441 2551 modum
1464 2514 1651 2550 cancello-

255 2594 353 2626 rum3
385 2589 421 2617 et
447 2582 520 2617 hoc
546 2581 663 2616 modo
688 2580 803 2615 tincta
830 2580 940 2616 fuisse
970 2587 1138 2616 veterum
1169 2579 1437 2614 Britannorum
1468 2588 1650 2624 corpora,

257 2656 323 2678 nec
343 2657 419 2679 non
446 2652 481 2679 et
505 2644 698 2679 Gallorum
720 2644 871 2690 virgata
890 2644 1045 2688 sagula,
1071 2642 1221 2677 credere
1245 2647 1309 2676 est.
