1972 3356
497 230 562 264 DE
594 230 755 265 BELLO
787 231 941 265 CIVlLI
969 231 1059 265 LIB.
1091 231 1120 265 Ι.
1453 242 1495 265 21

123 313 542 368 demonstravimus,
577 313 743 357 amissis
773 313 1056 369 cohortibus,
1085 314 1286 373 protinus
1323 328 1374 356 ex
1399 312 1502 374 fuga

126 395 167 436 in
205 393 399 437 Africam
428 403 707 454 pervenerat,
739 402 870 452 atque
908 409 1003 449 eam
1033 409 1109 437 sua
1137 403 1292 454 sponte
1318 409 1500 437 vacuam

126 483 439 534 occupaverat,
458 471 714 532 delectuque
735 472 906 527 habito,
934 472 1041 516 duas
1060 472 1252 533 legiones
1276 472 1502 529 effecerat,

128 554 353 597 hominum
378 562 419 596 et
446 551 643 596 locorum
669 552 825 595 notitia
849 562 892 594 et
919 568 999 595 usu
1038 553 1131 612 ejus
1158 553 1392 612 provinciae
1427 570 1503 596 na-

126 644 220 677 ctus
247 633 388 677 aditus
422 632 476 676 ad
513 649 562 675 ea
596 631 819 685 conanda,
848 631 967 691 quod
992 632 1142 692 paucis
1170 642 1271 676 ante
1299 634 1423 676 annis
1452 650 1503 677 ex

125 724 316 775 praetura
341 729 435 757 eam
452 713 724 773 provinciam
746 711 1009 754 obtinuerat.
1032 711 1115 754 Hic
1138 711 1383 755 venientem
1402 713 1503 756 Uti-

128 811 221 837 cam
247 810 346 837 cum
366 792 549 836 navibus
568 791 846 835 Tuberonem
864 800 998 851 portu
1017 801 1148 851 atque
1166 790 1329 852 oppido
1352 791 1503 852 prohi-

125 874 221 928 bet,
234 889 375 933 neque
390 872 594 917 affectum
613 870 866 915 valetudine
884 871 1025 914 filium
1038 888 1257 932 exponere
1276 873 1320 915 in
1343 882 1505 916 terram

125 954 290 1014 patitur
305 971 316 1010 3
334 952 427 1008 sed,
448 951 629 996 sublatis
658 953 831 996 ancoris
847 986 858 1008 ,
882 951 1092 995 excedere
1116 968 1168 996 eo
1193 951 1290 995 loco
1311 953 1441 1013 cogit.

191 1035 380 1078 XXXII.
419 1034 499 1076 His
541 1033 671 1076 rebus
711 1031 919 1076 confectis
937 1066 948 1086 ,
987 1034 1133 1076 Caesar
1149 1067 1160 1087 ,
1203 1042 1251 1075 ut
1293 1031 1508 1092 reliquum

128 1124 300 1174 tempus
322 1130 345 1157 a
363 1112 512 1156 labore
532 1113 919 1168 intermitteretur,
943 1111 1101 1156 milites
1123 1113 1164 1155 in
1189 1113 1391 1173 proxima
1417 1129 1512 1156 mu-

132 1195 291 1255 nicipia
314 1193 491 1237 deducit
518 1211 526 1236 :
556 1194 646 1253 ipse
670 1192 723 1235 ad
744 1193 913 1235 Urbem
928 1192 1234 1253 proficiscitur.
1258 1195 1425 1237 Coacto
1443 1210 1507 1237 se-

131 1285 261 1331 natu,
309 1274 488 1334 injurias
535 1273 814 1316 inimicorum
854 1282 1169 1316 commemorat
1199 1290 1208 1315 :
1248 1272 1397 1326 docet,
1434 1292 1455 1313 (ε
1469 1289 1512 1316 se

132 1353 302 1398 nullum
332 1353 727 1397 extraordinarium
753 1353 967 1396 honorem
1002 1353 1239 1413 appetisse,
1261 1351 1335 1395 sed
1357 1368 1510 1413 exspe-

130 1445 246 1479 ctato
266 1434 461 1496 legitimo
484 1443 679 1494 tempore
699 1431 975 1488 consulatus,
1000 1449 1051 1475 eo
1075 1432 1205 1476 fuisse
1229 1441 1511 1488 contentum,

131 1514 249 1575 quod
267 1514 472 1558 omnibus
493 1514 662 1556 civibus
681 1522 852 1573 pateret
874 1528 882 1554 :
909 1511 1045 1554 latum
1071 1512 1124 1554 ab
1149 1511 1299 1555 decem
1326 1511 1513 1555 tribunis

130 1594 292 1656 plebis,
310 1593 712 1638 contradicentibus
743 1593 952 1646 inimicis,
976 1594 1143 1636 Catone
1172 1608 1275 1636 vero
1302 1592 1513 1636 acerrime

133 1684 428 1736 repugnante,
465 1684 532 1730 et,
568 1675 755 1734 pristina
795 1672 1139 1729 consuetudine,
1179 1672 1351 1716 dicendi
1391 1687 1512 1715 mora

133 1755 225 1798 dies
264 1755 543 1809 extrahente,
572 1764 619 1798 ut
653 1755 718 1797 sui
756 1755 870 1797 ratio
912 1753 1103 1796 absentis
1139 1752 1390 1809 haberetur,
1419 1752 1512 1812 ipso

133 1833 311 1877 consule
341 1835 552 1894 Pompeio
582 1851 590 1876 ι
618 1834 691 1893 qui
720 1833 755 1876 si
782 1833 1095 1892 improbasset,
1123 1848 1202 1875 cur
1230 1832 1332 1875 ferri
1363 1847 1513 1891 passus

134 1912 274 1957 esset?
303 1914 367 1957 sin
395 1913 645 1974 probasset,
676 1929 754 1955 cur
781 1928 824 1955 se
848 1911 911 1954 uti
940 1910 1091 1972 populi
1120 1910 1337 1954 beneficio
1361 1910 1513 1971 prohi-

134 1993 323 2038 buisset?
337 1994 596 2037 Patientiam
614 1992 825 2053 proponit
844 2008 966 2035 suam
981 2028 991 2047 ,
1010 2008 1148 2051 quum
1178 1991 1230 2035 de
1253 1990 1513 2034 exercitibus

136 2072 405 2116 dimittendis
435 2072 550 2116 ultro
578 2071 881 2133 postulavisset
915 2089 923 2115 ε
952 2073 996 2115 in
1020 2089 1108 2132 quo
1130 2072 1346 2133 jacturam
1369 2070 1513 2131 digni-

136 2153 236 2196 tatis
266 2162 395 2213 atque
418 2153 597 2196 honoris
627 2153 717 2213 ipse
741 2152 934 2196 facturus
959 2163 1083 2197 esset.
1113 2152 1405 2196 Acerbitatem
1433 2150 1511 2193 ini-

136 2232 350 2276 micorum
374 2231 525 2288 docet,
562 2233 658 2292 qui,
686 2232 804 2293 quod
830 2234 882 2277 ab
909 2231 1048 2277 altero
1072 2231 1369 2294 postularent,
1397 2232 1441 2274 in
1467 2246 1510 2274 se

137 2323 414 2370 recusarent,
436 2323 565 2373 atque
599 2314 744 2356 omnia
768 2314 1016 2374 permisceri
1042 2312 1247 2369 mallent,
1273 2328 1403 2373 quam
1433 2312 1515 2355 im·

136 2394 304 2453 perium
346 2394 647 2454 exercitusque
686 2393 917 2438 dimittere.
950 2395 1160 2455 Injuriam
1189 2395 1233 2437 in
1277 2390 1516 2453 eripiendis

136 2472 380 2534 legionibus
408 2473 612 2534 praedi‘cat
634 2492 641 2517 :
668 2473 966 2519 crudelitatem
992 2485 1034 2518 et
1061 2473 1336 2518 insolentiam
1364 2471 1408 2514 in
1437 2469 1518 2513 cir-

137 2554 478 2597 cumscribendis
499 2555 686 2598 tribunis
717 2553 877 2615 plebis,
901 2554 1172 2599 conditiones
1196 2570 1219 2597 a
1249 2569 1292 2597 se
1319 2551 1451 2605 latas,
1474 2561 1513 2591 et

139 2634 322 2693 expetita
346 2633 560 2695 colloquia
581 2644 621 2678 et
642 2634 873 2695 denegata,
896 2643 1224 2680 commemorat.
1248 2634 1334 2676 Pro
1353 2629 1515 2691 quibus
