<?xml version="1.0" encoding="UTF-8"?>
<!DOCTYPE html PUBLIC "-//W3C//DTD XHTML 1.0 Transitional//EN"
    "http://www.w3.org/TR/xhtml1/DTD/xhtml1-transitional.dtd">
<html xmlns="http://www.w3.org/1999/xhtml" xml:lang="en" lang="en">
 <head>
  <title>
</title>
<meta http-equiv="Content-Type" content="text/html;charset=utf-8" />
  <meta name='ocr-system' content='tesseract 3.04.00' />
  <meta name='ocr-capabilities' content='ocr_page ocr_carea ocr_par ocr_line ocrx_word'/>
</head>
<body>
  <div class='ocr_page' id='page_1' title='image "./operajoh0102caesuoft_0494.png"; bbox 0 0 1972 3356; ppageno 0'>
   <div class='ocr_carea' id='block_1_1' title="bbox 377 255 1518 296">
    <p class='ocr_par' dir='ltr' id='par_1_1' title="bbox 377 255 1518 296">
     <span class='ocr_line' id='line_1_1' title="bbox 377 255 1518 296; baseline 0.005 -6"><span class='ocrx_word' id='word_1_1' title='bbox 377 255 446 290; x_wconf 76' lang='lat'>188</span> <span class='ocrx_word' id='word_1_2' title='bbox 610 258 648 290; x_wconf 83' lang='lat' dir='ltr'>C.</span> <span class='ocrx_word' id='word_1_3' title='bbox 677 256 804 289; x_wconf 82' lang='lat' dir='ltr'>JULII</span> <span class='ocrx_word' id='word_1_4' title='bbox 834 256 1052 291; x_wconf 77' lang='lat' dir='ltr'><strong>CAESARIS</strong></span> <span class='ocrx_word' id='word_1_5' title='bbox 1081 256 1341 293; x_wconf 78' lang='lat' dir='ltr'><strong>COMMENT.</strong></span> <span class='ocrx_word' id='word_1_6' title='bbox 1373 261 1518 296; x_wconf 85' lang='lat' dir='ltr'>LIBER</span> 
     </span>
    </p>
   </div>
   <div class='ocr_carea' id='block_1_2' title="bbox 327 337 1749 2730">
    <p class='ocr_par' dir='ltr' id='par_1_2' title="bbox 371 337 1749 802">
     <span class='ocr_line' id='line_1_2' title="bbox 375 337 1747 402; baseline 0.008 -22"><span class='ocrx_word' id='word_1_7' title='bbox 375 337 502 392; x_wconf 79' lang='lat' dir='ltr'>fecta,</span> <span class='ocrx_word' id='word_1_8' title='bbox 533 354 670 382; x_wconf 82' lang='lat' dir='ltr'>xxxvi</span> <span class='ocrx_word' id='word_1_9' title='bbox 698 337 810 400; x_wconf 84' lang='lat' dir='ltr'>legio</span> <span class='ocrx_word' id='word_1_10' title='bbox 850 339 892 382; x_wconf 93' lang='lat' dir='ltr'>in</span> <span class='ocrx_word' id='word_1_11' title='bbox 942 337 1034 383; x_wconf 84' lang='lat' dir='ltr'>loca</span> <span class='ocrx_word' id='word_1_12' title='bbox 1075 357 1118 384; x_wconf 88' lang='lat' dir='ltr'>se</span> <span class='ocrx_word' id='word_1_13' title='bbox 1156 343 1382 402; x_wconf 87' lang='lat' dir='ltr'>superiora</span> <span class='ocrx_word' id='word_1_14' title='bbox 1421 344 1622 398; x_wconf 82' lang='lat' dir='ltr'>contulit,</span> <span class='ocrx_word' id='word_1_15' title='bbox 1661 364 1747 391; x_wconf 93' lang='lat' dir='ltr'>non</span> 
     </span>
     <span class='ocr_line' id='line_1_3' title="bbox 372 415 1747 484; baseline 0.007 -24"><span class='ocrx_word' id='word_1_16' title='bbox 372 415 556 477; x_wconf 86' lang='lat' dir='ltr'>amplius</span> <span class='ocrx_word' id='word_1_17' title='bbox 584 433 667 462; x_wconf 82' lang='lat' dir='ltr'>CCL</span> <span class='ocrx_word' id='word_1_18' title='bbox 690 417 957 463; x_wconf 85' lang='lat' dir='ltr'>desideratis.</span> <span class='ocrx_word' id='word_1_19' title='bbox 985 420 1252 465; x_wconf 79' lang='lat' dir='ltr'>Ceciderunt</span> <span class='ocrx_word' id='word_1_20' title='bbox 1278 438 1330 465; x_wconf 93' lang='lat' dir='ltr'>eo</span> <span class='ocrx_word' id='word_1_21' title='bbox 1354 420 1508 483; x_wconf 90' lang='lat' dir='ltr'>proelio</span> <span class='ocrx_word' id='word_1_22' title='bbox 1534 422 1747 484; x_wconf 81' lang='lat' dir='ltr'><strong>splendidi</strong></span> 
     </span>
     <span class='ocr_line' id='line_1_4' title="bbox 371 495 1748 561; baseline 0.007 -22"><span class='ocrx_word' id='word_1_23' title='bbox 371 506 500 556; x_wconf 83' lang='lat' dir='ltr'>atque</span> <span class='ocrx_word' id='word_1_24' title='bbox 521 495 711 542; x_wconf 80' lang='lat' dir='ltr'>illustres</span> <span class='ocrx_word' id='word_1_25' title='bbox 735 499 815 542; x_wconf 90' lang='lat' dir='ltr'>viri</span> <span class='ocrx_word' id='word_1_26' title='bbox 836 498 1035 543; x_wconf 87' lang='lat' dir='ltr'>nonnulli</span> <span class='ocrx_word' id='word_1_27' title='bbox 1050 535 1061 555; x_wconf 94' lang='lat'>,</span> <span class='ocrx_word' id='word_1_28' title='bbox 1082 501 1248 561; x_wconf 85' lang='lat' dir='ltr'>equites</span> <span class='ocrx_word' id='word_1_29' title='bbox 1268 503 1454 546; x_wconf 88' lang='lat' dir='ltr'>romani.</span> <span class='ocrx_word' id='word_1_30' title='bbox 1479 503 1580 560; x_wconf 89' lang='lat' dir='ltr'>Quo</span> <span class='ocrx_word' id='word_1_31' title='bbox 1604 514 1748 548; x_wconf 87' lang='lat' dir='ltr'>tamen</span> 
     </span>
     <span class='ocr_line' id='line_1_5' title="bbox 372 577 1749 642; baseline 0.007 -23"><span class='ocrx_word' id='word_1_32' title='bbox 372 577 651 622; x_wconf 87' lang='lat' dir='ltr'>incommodo</span> <span class='ocrx_word' id='word_1_33' title='bbox 675 579 897 624; x_wconf 81' lang='lat' dir='ltr'>Domitius</span> <span class='ocrx_word' id='word_1_34' title='bbox 923 590 1128 641; x_wconf 85' lang='lat' dir='ltr'>accepto,</span> <span class='ocrx_word' id='word_1_35' title='bbox 1158 580 1365 642; x_wconf 80' lang='lat' dir='ltr'>reliquias</span> <span class='ocrx_word' id='word_1_36' title='bbox 1392 584 1607 628; x_wconf 85' lang='lat' dir='ltr'>exercitus</span> <span class='ocrx_word' id='word_1_37' title='bbox 1631 583 1749 628; x_wconf 88' lang='lat' dir='ltr'>dissi-</span> 
     </span>
     <span class='ocr_line' id='line_1_6' title="bbox 371 657 1744 723; baseline 0.006 -23"><span class='ocrx_word' id='word_1_38' title='bbox 371 658 461 717; x_wconf 85' lang='lat' dir='ltr'>pati</span> <span class='ocrx_word' id='word_1_39' title='bbox 486 657 686 721; x_wconf 82' lang='lat' dir='ltr'>collegit,</span> <span class='ocrx_word' id='word_1_40' title='bbox 717 660 1031 722; x_wconf 85' lang='lat' dir='ltr'>itineribusque</span> <span class='ocrx_word' id='word_1_41' title='bbox 1055 662 1159 705; x_wconf 81' lang='lat' dir='ltr'>tutis</span> <span class='ocrx_word' id='word_1_42' title='bbox 1184 678 1261 723; x_wconf 87' lang='lat' dir='ltr'>per</span> <span class='ocrx_word' id='word_1_43' title='bbox 1283 662 1608 723; x_wconf 83' lang='lat' dir='ltr'>Cappadociam</span> <span class='ocrx_word' id='word_1_44' title='bbox 1631 679 1675 709; x_wconf 86' lang='lat' dir='ltr'>se</span> <span class='ocrx_word' id='word_1_45' title='bbox 1699 666 1744 708; x_wconf 86' lang='lat' dir='ltr'>in</span> 
     </span>
     <span class='ocr_line' id='line_1_7' title="bbox 371 740 717 802; baseline 0.009 -20"><span class='ocrx_word' id='word_1_46' title='bbox 371 740 518 783; x_wconf 82' lang='lat' dir='ltr'>Asiam</span> <span class='ocrx_word' id='word_1_47' title='bbox 543 742 717 802; x_wconf 89' lang='lat' dir='ltr'>recepit.</span> 
     </span>
    </p>

    <p class='ocr_par' dir='ltr' id='par_1_3' title="bbox 368 821 1749 1527">
     <span class='ocr_line' id='line_1_8' title="bbox 433 821 1749 885; baseline 0.005 -22"><span class='ocrx_word' id='word_1_48' title='bbox 433 821 548 864; x_wconf 91' lang='lat' dir='ltr'>XLI.</span> <span class='ocrx_word' id='word_1_49' title='bbox 572 821 816 866; x_wconf 82' lang='lat' dir='ltr'>Pharnaces</span> <span class='ocrx_word' id='word_1_50' title='bbox 834 858 844 878; x_wconf 92' lang='lat'><strong>‚</strong></span> <span class='ocrx_word' id='word_1_51' title='bbox 869 823 996 867; x_wconf 88' lang='lat' dir='ltr'>rebus</span> <span class='ocrx_word' id='word_1_52' title='bbox 1020 823 1219 868; x_wconf 89' lang='lat' dir='ltr'>secundis</span> <span class='ocrx_word' id='word_1_53' title='bbox 1239 823 1376 868; x_wconf 78' lang='lat' dir='ltr'>elatus</span> <span class='ocrx_word' id='word_1_54' title='bbox 1391 860 1402 881; x_wconf 97' lang='lat'>,</span> <span class='ocrx_word' id='word_1_55' title='bbox 1425 841 1559 885; x_wconf 90' lang='lat' dir='ltr'>quum</span> <span class='ocrx_word' id='word_1_56' title='bbox 1581 824 1633 869; x_wconf 90' lang='lat' dir='ltr'>de</span> <span class='ocrx_word' id='word_1_57' title='bbox 1655 827 1749 870; x_wconf 82' lang='lat' dir='ltr'>Cae-</span> 
     </span>
     <span class='ocr_line' id='line_1_9' title="bbox 371 904 1748 966; baseline 0.004 -23"><span class='ocrx_word' id='word_1_58' title='bbox 371 916 464 943; x_wconf 84' lang='lat' dir='ltr'>sare</span> <span class='ocrx_word' id='word_1_59' title='bbox 490 917 566 958; x_wconf 91' lang='lat' dir='ltr'>ea,</span> <span class='ocrx_word' id='word_1_60' title='bbox 590 918 686 962; x_wconf 81' lang='lat' dir='ltr'>quae</span> <span class='ocrx_word' id='word_1_61' title='bbox 707 904 909 963; x_wconf 87' lang='lat' dir='ltr'>optabat,</span> <span class='ocrx_word' id='word_1_62' title='bbox 931 914 1150 964; x_wconf 81' lang='lat' dir='ltr'>speraret,</span> <span class='ocrx_word' id='word_1_63' title='bbox 1172 906 1360 948; x_wconf 87' lang='lat' dir='ltr'>Pontum</span> <span class='ocrx_word' id='word_1_64' title='bbox 1383 905 1585 949; x_wconf 90' lang='lat' dir='ltr'>omnibus</span> <span class='ocrx_word' id='word_1_65' title='bbox 1610 905 1748 966; x_wconf 86' lang='lat' dir='ltr'>copiis</span> 
     </span>
     <span class='ocr_line' id='line_1_10' title="bbox 370 982 1742 1045; baseline 0.005 -23"><span class='ocrx_word' id='word_1_66' title='bbox 370 982 595 1041; x_wconf 88' lang='lat' dir='ltr'>occupavit</span> <span class='ocrx_word' id='word_1_67' title='bbox 624 999 632 1025; x_wconf 91' lang='lat'>:</span> <span class='ocrx_word' id='word_1_68' title='bbox 663 982 808 1042; x_wconf 82' lang='lat' dir='ltr'>ibique</span> <span class='ocrx_word' id='word_1_69' title='bbox 833 993 875 1027; x_wconf 91' lang='lat' dir='ltr'>et</span> <span class='ocrx_word' id='word_1_70' title='bbox 903 984 1041 1027; x_wconf 88' lang='lat' dir='ltr'>victor</span> <span class='ocrx_word' id='word_1_71' title='bbox 1066 994 1109 1028; x_wconf 90' lang='lat' dir='ltr'>et</span> <span class='ocrx_word' id='word_1_72' title='bbox 1135 984 1461 1029; x_wconf 89' lang='lat' dir='ltr'>crudelissimus</span> <span class='ocrx_word' id='word_1_73' title='bbox 1487 1002 1583 1039; x_wconf 74' lang='lat' dir='ltr'>reX,</span> <span class='ocrx_word' id='word_1_74' title='bbox 1607 987 1742 1045; x_wconf 88' lang='lat' dir='ltr'>quum</span> 
     </span>
     <span class='ocr_line' id='line_1_11' title="bbox 370 1060 1747 1122; baseline 0.005 -20"><span class='ocrx_word' id='word_1_75' title='bbox 370 1060 447 1103; x_wconf 88' lang='lat' dir='ltr'>sibi</span> <span class='ocrx_word' id='word_1_76' title='bbox 466 1060 686 1105; x_wconf 87' lang='lat' dir='ltr'>fortunam</span> <span class='ocrx_word' id='word_1_77' title='bbox 707 1071 931 1122; x_wconf 87' lang='lat' dir='ltr'>paternam</span> <span class='ocrx_word' id='word_1_78' title='bbox 950 1062 1139 1107; x_wconf 76' lang='lat' dir='ltr'>feliciore</span> <span class='ocrx_word' id='word_1_79' title='bbox 1159 1075 1317 1108; x_wconf 86' lang='lat' dir='ltr'>eventu</span> <span class='ocrx_word' id='word_1_80' title='bbox 1334 1065 1593 1121; x_wconf 87' lang='lat' dir='ltr'>destinaret,</span> <span class='ocrx_word' id='word_1_81' title='bbox 1609 1064 1747 1109; x_wconf 83' lang='lat' dir='ltr'>multa</span> 
     </span>
     <span class='ocr_line' id='line_1_12' title="bbox 369 1140 1746 1206; baseline 0.004 -23"><span class='ocrx_word' id='word_1_82' title='bbox 369 1140 530 1200; x_wconf 87' lang='lat' dir='ltr'>oppida</span> <span class='ocrx_word' id='word_1_83' title='bbox 556 1143 844 1203; x_wconf 83' lang='lat' dir='ltr'>expugnavit,</span> <span class='ocrx_word' id='word_1_84' title='bbox 880 1143 995 1186; x_wconf 90' lang='lat' dir='ltr'>bona</span> <span class='ocrx_word' id='word_1_85' title='bbox 1035 1144 1197 1187; x_wconf 89' lang='lat' dir='ltr'>civium</span> <span class='ocrx_word' id='word_1_86' title='bbox 1231 1160 1514 1188; x_wconf 89' lang='lat' dir='ltr'>romanorum</span> <span class='ocrx_word' id='word_1_87' title='bbox 1546 1146 1746 1206; x_wconf 89' lang='lat' dir='ltr'>pontico-</span> 
     </span>
     <span class='ocr_line' id='line_1_13' title="bbox 370 1221 1747 1286; baseline 0.005 -24"><span class='ocrx_word' id='word_1_88' title='bbox 370 1236 553 1280; x_wconf 86' lang='lat' dir='ltr'>rumque</span> <span class='ocrx_word' id='word_1_89' title='bbox 570 1221 778 1282; x_wconf 84' lang='lat' dir='ltr'>diripuit,</span> <span class='ocrx_word' id='word_1_90' title='bbox 800 1221 1013 1283; x_wconf 89' lang='lat' dir='ltr'>supplicia</span> <span class='ocrx_word' id='word_1_91' title='bbox 1031 1225 1261 1268; x_wconf 83' lang='lat' dir='ltr'>constituit</span> <span class='ocrx_word' id='word_1_92' title='bbox 1281 1225 1324 1268; x_wconf 93' lang='lat' dir='ltr'>in</span> <span class='ocrx_word' id='word_1_93' title='bbox 1345 1241 1418 1268; x_wconf 90' lang='lat' dir='ltr'>eos</span> <span class='ocrx_word' id='word_1_94' title='bbox 1433 1259 1444 1280; x_wconf 92' lang='lat'>,</span> <span class='ocrx_word' id='word_1_95' title='bbox 1469 1225 1542 1286; x_wconf 90' lang='lat' dir='ltr'>qui</span> <span class='ocrx_word' id='word_1_96' title='bbox 1559 1224 1747 1286; x_wconf 84' lang='lat' dir='ltr'>aliquam</span> 
     </span>
     <span class='ocr_line' id='line_1_14' title="bbox 368 1299 1749 1365; baseline 0.004 -22"><span class='ocrx_word' id='word_1_97' title='bbox 368 1299 515 1345; x_wconf 85' lang='lat' dir='ltr'>formae</span> <span class='ocrx_word' id='word_1_98' title='bbox 536 1311 666 1362; x_wconf 88' lang='lat' dir='ltr'>atque</span> <span class='ocrx_word' id='word_1_99' title='bbox 695 1304 830 1347; x_wconf 83' lang='lat' dir='ltr'>aetatis</span> <span class='ocrx_word' id='word_1_100' title='bbox 854 1303 1280 1348; x_wconf 83' lang='lat' dir='ltr'>commendationem</span> <span class='ocrx_word' id='word_1_101' title='bbox 1306 1304 1633 1361; x_wconf 83' lang='lat' dir='ltr'>habebant,ea,</span> <span class='ocrx_word' id='word_1_102' title='bbox 1654 1320 1749 1365; x_wconf 83' lang='lat' dir='ltr'>quae</span> 
     </span>
     <span class='ocr_line' id='line_1_15' title="bbox 368 1384 1748 1445; baseline 0.004 -21"><span class='ocrx_word' id='word_1_103' title='bbox 368 1391 508 1425; x_wconf 90' lang='lat' dir='ltr'>morte</span> <span class='ocrx_word' id='word_1_104' title='bbox 536 1393 679 1427; x_wconf 88' lang='lat' dir='ltr'>essent</span> <span class='ocrx_word' id='word_1_105' title='bbox 713 1385 958 1439; x_wconf 80' lang='lat' dir='ltr'>miseriora3</span> <span class='ocrx_word' id='word_1_106' title='bbox 990 1387 1269 1445; x_wconf 86' lang='lat' dir='ltr'>Pontumque</span> <span class='ocrx_word' id='word_1_107' title='bbox 1308 1384 1428 1429; x_wconf 91' lang='lat' dir='ltr'>nullo</span> <span class='ocrx_word' id='word_1_108' title='bbox 1468 1384 1748 1442; x_wconf 87' lang='lat' dir='ltr'>defendente,</span> 
     </span>
     <span class='ocr_line' id='line_1_16' title="bbox 368 1465 1620 1527; baseline 0.005 -23"><span class='ocrx_word' id='word_1_109' title='bbox 368 1471 598 1521; x_wconf 88' lang='lat' dir='ltr'>paternum</span> <span class='ocrx_word' id='word_1_110' title='bbox 624 1480 809 1525; x_wconf 86' lang='lat' dir='ltr'>regnum</span> <span class='ocrx_word' id='word_1_111' title='bbox 840 1482 883 1509; x_wconf 88' lang='lat' dir='ltr'>se</span> <span class='ocrx_word' id='word_1_112' title='bbox 910 1467 1120 1526; x_wconf 80' lang='lat' dir='ltr'>recepisse</span> <span class='ocrx_word' id='word_1_113' title='bbox 1145 1465 1357 1527; x_wconf 87' lang='lat' dir='ltr'>glorians,</span> <span class='ocrx_word' id='word_1_114' title='bbox 1383 1466 1620 1510; x_wconf 88' lang='lat' dir='ltr'>obtinebat.</span> 
     </span>
    </p>

    <p class='ocr_par' dir='ltr' id='par_1_4' title="bbox 430 1544 1744 1606">
     <span class='ocr_line' id='line_1_17' title="bbox 430 1544 1744 1606; baseline 0.003 -21"><span class='ocrx_word' id='word_1_115' title='bbox 430 1544 568 1586; x_wconf 91' lang='lat' dir='ltr'>XLII.</span> <span class='ocrx_word' id='word_1_116' title='bbox 600 1544 689 1588; x_wconf 88' lang='lat' dir='ltr'>Sub</span> <span class='ocrx_word' id='word_1_117' title='bbox 718 1544 829 1588; x_wconf 88' lang='lat' dir='ltr'>idem</span> <span class='ocrx_word' id='word_1_118' title='bbox 862 1554 1030 1605; x_wconf 85' lang='lat' dir='ltr'>tempus</span> <span class='ocrx_word' id='word_1_119' title='bbox 1058 1547 1101 1588; x_wconf 89' lang='lat' dir='ltr'>in</span> <span class='ocrx_word' id='word_1_120' title='bbox 1127 1544 1301 1606; x_wconf 84' lang='lat' dir='ltr'>Illyrico</span> <span class='ocrx_word' id='word_1_121' title='bbox 1327 1556 1393 1589; x_wconf 89' lang='lat' dir='ltr'>est</span> <span class='ocrx_word' id='word_1_122' title='bbox 1422 1545 1744 1590; x_wconf 88' lang='lat' dir='ltr'>incommodum</span> 
     </span>
    </p>

    <p class='ocr_par' dir='ltr' id='par_1_5' title="bbox 327 1625 1747 2730">
     <span class='ocr_line' id='line_1_18' title="bbox 367 1625 1747 1686; baseline 0.003 -21"><span class='ocrx_word' id='word_1_123' title='bbox 367 1632 597 1683; x_wconf 86' lang='lat' dir='ltr'>acceptum</span> <span class='ocrx_word' id='word_1_124' title='bbox 619 1641 627 1666; x_wconf 92' lang='lat'><strong>:</strong></span> <span class='ocrx_word' id='word_1_125' title='bbox 659 1640 754 1684; x_wconf 82' lang='lat' dir='ltr'>quae</span> <span class='ocrx_word' id='word_1_126' title='bbox 779 1626 1003 1686; x_wconf 88' lang='lat' dir='ltr'>provincia</span> <span class='ocrx_word' id='word_1_127' title='bbox 1018 1626 1313 1686; x_wconf 87' lang='lat' dir='ltr'>superioribus</span> <span class='ocrx_word' id='word_1_128' title='bbox 1331 1625 1553 1670; x_wconf 86' lang='lat' dir='ltr'>mensibus</span> <span class='ocrx_word' id='word_1_129' title='bbox 1578 1635 1747 1670; x_wconf 85' lang='lat' dir='ltr'>retenta</span> 
     </span>
     <span class='ocr_line' id='line_1_19' title="bbox 327 1689 1740 1766; baseline 0.003 -21"><span class='ocrx_word' id='word_1_130' title='bbox 327 1689 331 1692; x_wconf 24' lang='lat'><strong>³</strong></span> <span class='ocrx_word' id='word_1_131' title='bbox 368 1718 454 1745; x_wconf 93' lang='lat' dir='ltr'>non</span> <span class='ocrx_word' id='word_1_132' title='bbox 482 1712 651 1747; x_wconf 80' lang='lat' dir='ltr'>tantum</span> <span class='ocrx_word' id='word_1_133' title='bbox 685 1705 777 1748; x_wconf 89' lang='lat' dir='ltr'>sine</span> <span class='ocrx_word' id='word_1_134' title='bbox 802 1705 1063 1766; x_wconf 86' lang='lat' dir='ltr'>ignominia,</span> <span class='ocrx_word' id='word_1_135' title='bbox 1099 1705 1171 1749; x_wconf 87' lang='lat' dir='ltr'>sed</span> <span class='ocrx_word' id='word_1_136' title='bbox 1198 1706 1325 1748; x_wconf 86' lang='lat' dir='ltr'>etiam</span> <span class='ocrx_word' id='word_1_137' title='bbox 1357 1722 1459 1749; x_wconf 90' lang='lat' dir='ltr'>cum</span> <span class='ocrx_word' id='word_1_138' title='bbox 1489 1704 1618 1750; x_wconf 88' lang='lat' dir='ltr'>laude</span> <span class='ocrx_word' id='word_1_139' title='bbox 1637 1717 1740 1750; x_wconf 77' lang='lat' dir='ltr'>erat.</span> 
     </span>
     <span class='ocr_line' id='line_1_20' title="bbox 372 1784 1747 1846; baseline 0.004 -21"><span class='ocrx_word' id='word_1_140' title='bbox 372 1784 568 1843; x_wconf 83' lang='lat' dir='ltr'>Namque</span> <span class='ocrx_word' id='word_1_141' title='bbox 583 1801 633 1828; x_wconf 82' lang='lat' dir='ltr'>eo</span> <span class='ocrx_word' id='word_1_142' title='bbox 661 1785 816 1828; x_wconf 89' lang='lat' dir='ltr'>missus</span> <span class='ocrx_word' id='word_1_143' title='bbox 833 1795 980 1829; x_wconf 82' lang='lat' dir='ltr'>aestate</span> <span class='ocrx_word' id='word_1_144' title='bbox 996 1802 1097 1830; x_wconf 90' lang='lat' dir='ltr'>cum</span> <span class='ocrx_word' id='word_1_145' title='bbox 1123 1785 1291 1828; x_wconf 90' lang='lat' dir='ltr'>duabus</span> <span class='ocrx_word' id='word_1_146' title='bbox 1307 1784 1550 1846; x_wconf 82' lang='lat' dir='ltr'>legionibus</span> <span class='ocrx_word' id='word_1_147' title='bbox 1570 1787 1626 1842; x_wconf 88' lang='lat' dir='ltr'>Q.</span> <span class='ocrx_word' id='word_1_148' title='bbox 1641 1788 1747 1831; x_wconf 89' lang='lat' dir='ltr'>Cor-</span> 
     </span>
     <span class='ocr_line' id='line_1_21' title="bbox 369 1861 1747 1926; baseline 0.003 -21"><span class='ocrx_word' id='word_1_149' title='bbox 369 1861 556 1918; x_wconf 86' lang='lat' dir='ltr'>nificius,</span> <span class='ocrx_word' id='word_1_150' title='bbox 579 1865 761 1908; x_wconf 83' lang='lat' dir='ltr'>Caesaris</span> <span class='ocrx_word' id='word_1_151' title='bbox 789 1875 1000 1925; x_wconf 82' lang='lat' dir='ltr'>quaestor,</span> <span class='ocrx_word' id='word_1_152' title='bbox 1029 1881 1108 1926; x_wconf 87' lang='lat' dir='ltr'>pro</span> <span class='ocrx_word' id='word_1_153' title='bbox 1134 1875 1344 1926; x_wconf 81' lang='lat' dir='ltr'>praetore,</span> <span class='ocrx_word' id='word_1_154' title='bbox 1371 1881 1624 1926; x_wconf 88' lang='lat' dir='ltr'>quanquam</span> <span class='ocrx_word' id='word_1_155' title='bbox 1653 1876 1747 1910; x_wconf 87' lang='lat' dir='ltr'>erat</span> 
     </span>
     <span class='ocr_line' id='line_1_22' title="bbox 367 1944 1741 2006; baseline 0.004 -21"><span class='ocrx_word' id='word_1_156' title='bbox 367 1944 592 2002; x_wconf 88' lang='lat' dir='ltr'>provincia</span> <span class='ocrx_word' id='word_1_157' title='bbox 617 1945 796 1988; x_wconf 90' lang='lat' dir='ltr'>minime</span> <span class='ocrx_word' id='word_1_158' title='bbox 819 1947 995 2006; x_wconf 89' lang='lat' dir='ltr'>copiosa</span> <span class='ocrx_word' id='word_1_159' title='bbox 1024 1945 1078 1989; x_wconf 89' lang='lat' dir='ltr'>ad</span> <span class='ocrx_word' id='word_1_160' title='bbox 1103 1946 1319 1989; x_wconf 80' lang='lat' dir='ltr'>exercitus</span> <span class='ocrx_word' id='word_1_161' title='bbox 1348 1944 1549 2000; x_wconf 90' lang='lat' dir='ltr'>alendos,</span> <span class='ocrx_word' id='word_1_162' title='bbox 1577 1955 1619 1989; x_wconf 87' lang='lat' dir='ltr'>et</span> <span class='ocrx_word' id='word_1_163' title='bbox 1641 1945 1741 1990; x_wconf 86' lang='lat' dir='ltr'>fini-</span> 
     </span>
     <span class='ocr_line' id='line_1_23' title="bbox 366 2023 1745 2081; baseline 0.003 -15"><span class='ocrx_word' id='word_1_164' title='bbox 366 2024 471 2068; x_wconf 88' lang='lat' dir='ltr'>timo</span> <span class='ocrx_word' id='word_1_165' title='bbox 499 2023 612 2068; x_wconf 91' lang='lat' dir='ltr'>bello</span> <span class='ocrx_word' id='word_1_166' title='bbox 644 2042 694 2069; x_wconf 92' lang='lat' dir='ltr'>ac</span> <span class='ocrx_word' id='word_1_167' title='bbox 720 2024 1062 2070; x_wconf 88' lang='lat' dir='ltr'>dissensionibus</span> <span class='ocrx_word' id='word_1_168' title='bbox 1088 2036 1251 2070; x_wconf 86' lang='lat' dir='ltr'>vastata</span> <span class='ocrx_word' id='word_1_169' title='bbox 1282 2036 1324 2070; x_wconf 87' lang='lat' dir='ltr'>et</span> <span class='ocrx_word' id='word_1_170' title='bbox 1349 2026 1571 2081; x_wconf 79' lang='lat' dir='ltr'>confecta,</span> <span class='ocrx_word' id='word_1_171' title='bbox 1602 2037 1745 2071; x_wconf 83' lang='lat' dir='ltr'>tamen</span> 
     </span>
     <span class='ocr_line' id='line_1_24' title="bbox 365 2104 1744 2168; baseline 0.002 -21"><span class='ocrx_word' id='word_1_172' title='bbox 365 2104 595 2164; x_wconf 87' lang='lat' dir='ltr'>prudentia</span> <span class='ocrx_word' id='word_1_173' title='bbox 623 2122 672 2149; x_wconf 90' lang='lat' dir='ltr'>ac</span> <span class='ocrx_word' id='word_1_174' title='bbox 695 2105 921 2168; x_wconf 86' lang='lat' dir='ltr'>diligentia</span> <span class='ocrx_word' id='word_1_175' title='bbox 956 2123 1057 2163; x_wconf 88' lang='lat' dir='ltr'>sua,</span> <span class='ocrx_word' id='word_1_176' title='bbox 1092 2105 1210 2167; x_wconf 91' lang='lat' dir='ltr'>quod</span> <span class='ocrx_word' id='word_1_177' title='bbox 1234 2123 1436 2168; x_wconf 86' lang='lat' dir='ltr'>magnam</span> <span class='ocrx_word' id='word_1_178' title='bbox 1470 2123 1621 2150; x_wconf 88' lang='lat' dir='ltr'>curam</span> <span class='ocrx_word' id='word_1_179' title='bbox 1655 2123 1744 2151; x_wconf 89' lang='lat' dir='ltr'>sus-</span> 
     </span>
     <span class='ocr_line' id='line_1_25' title="bbox 364 2184 1746 2248; baseline 0.004 -22"><span class='ocrx_word' id='word_1_180' title='bbox 364 2184 576 2245; x_wconf 73' lang='lat' dir='ltr'>cipiebat,</span> <span class='ocrx_word' id='word_1_181' title='bbox 600 2203 655 2229; x_wconf 88' lang='lat' dir='ltr'>ne</span> <span class='ocrx_word' id='word_1_182' title='bbox 679 2203 768 2247; x_wconf 92' lang='lat' dir='ltr'>quo</span> <span class='ocrx_word' id='word_1_183' title='bbox 789 2196 950 2231; x_wconf 89' lang='lat' dir='ltr'>temere</span> <span class='ocrx_word' id='word_1_184' title='bbox 972 2187 1331 2248; x_wconf 81' lang='lat' dir='ltr'>progrederetur,</span> <span class='ocrx_word' id='word_1_185' title='bbox 1359 2197 1401 2231; x_wconf 89' lang='lat' dir='ltr'>et</span> <span class='ocrx_word' id='word_1_186' title='bbox 1424 2187 1589 2248; x_wconf 89' lang='lat' dir='ltr'>recepit</span> <span class='ocrx_word' id='word_1_187' title='bbox 1612 2196 1655 2231; x_wconf 90' lang='lat' dir='ltr'>et</span> <span class='ocrx_word' id='word_1_188' title='bbox 1674 2186 1746 2230; x_wconf 86' lang='lat' dir='ltr'>de-</span> 
     </span>
     <span class='ocr_line' id='line_1_26' title="bbox 363 2263 1745 2328; baseline 0.004 -22"><span class='ocrx_word' id='word_1_189' title='bbox 363 2263 515 2308; x_wconf 88' lang='lat' dir='ltr'>fendit.</span> <span class='ocrx_word' id='word_1_190' title='bbox 544 2267 748 2327; x_wconf 86' lang='lat' dir='ltr'>Namque</span> <span class='ocrx_word' id='word_1_191' title='bbox 771 2277 812 2311; x_wconf 91' lang='lat' dir='ltr'>et</span> <span class='ocrx_word' id='word_1_192' title='bbox 838 2267 1010 2311; x_wconf 84' lang='lat' dir='ltr'>castella</span> <span class='ocrx_word' id='word_1_193' title='bbox 1031 2266 1281 2328; x_wconf 89' lang='lat' dir='ltr'>complura,</span> <span class='ocrx_word' id='word_1_194' title='bbox 1303 2265 1409 2311; x_wconf 91' lang='lat' dir='ltr'>locis</span> <span class='ocrx_word' id='word_1_195' title='bbox 1427 2267 1552 2312; x_wconf 91' lang='lat' dir='ltr'>editis</span> <span class='ocrx_word' id='word_1_196' title='bbox 1575 2268 1715 2328; x_wconf 88' lang='lat' dir='ltr'>posita</span> <span class='ocrx_word' id='word_1_197' title='bbox 1733 2302 1745 2323; x_wconf 85' lang='lat'>,</span> 
     </span>
     <span class='ocr_line' id='line_1_27' title="bbox 364 2346 1742 2409; baseline 0.003 -22"><span class='ocrx_word' id='word_1_198' title='bbox 364 2360 552 2404; x_wconf 89' lang='lat' dir='ltr'>quorum</span> <span class='ocrx_word' id='word_1_199' title='bbox 581 2348 886 2407; x_wconf 82' lang='lat' dir='ltr'>opportunitas</span> <span class='ocrx_word' id='word_1_200' title='bbox 920 2347 1179 2392; x_wconf 85' lang='lat' dir='ltr'>castellanos</span> <span class='ocrx_word' id='word_1_201' title='bbox 1215 2346 1467 2409; x_wconf 88' lang='lat' dir='ltr'>impellebat</span> <span class='ocrx_word' id='word_1_202' title='bbox 1500 2346 1554 2391; x_wconf 91' lang='lat' dir='ltr'>ad</span> <span class='ocrx_word' id='word_1_203' title='bbox 1584 2347 1742 2391; x_wconf 87' lang='lat' dir='ltr'>decur-</span> 
     </span>
     <span class='ocr_line' id='line_1_28' title="bbox 364 2419 1741 2489; baseline 0.002 -22"><span class='ocrx_word' id='word_1_204' title='bbox 364 2425 505 2469; x_wconf 89' lang='lat' dir='ltr'>siones</span> <span class='ocrx_word' id='word_1_205' title='bbox 533 2419 752 2471; x_wconf 85' lang='lat' dir='ltr'>faciendas</span> <span class='ocrx_word' id='word_1_206' title='bbox 773 2437 816 2472; x_wconf 88' lang='lat' dir='ltr'>et</span> <span class='ocrx_word' id='word_1_207' title='bbox 839 2426 999 2472; x_wconf 89' lang='lat' dir='ltr'>bellum</span> <span class='ocrx_word' id='word_1_208' title='bbox 1028 2428 1324 2483; x_wconf 88' lang='lat' dir='ltr'>inferendum,</span> <span class='ocrx_word' id='word_1_209' title='bbox 1353 2429 1644 2489; x_wconf 85' lang='lat' dir='ltr'>expugnavit,</span> <span class='ocrx_word' id='word_1_210' title='bbox 1671 2444 1741 2471; x_wconf 85' lang='lat' dir='ltr'>ea-</span> 
     </span>
     <span class='ocr_line' id='line_1_29' title="bbox 364 2506 1742 2570; baseline 0.001 -22"><span class='ocrx_word' id='word_1_211' title='bbox 364 2522 448 2565; x_wconf 88' lang='lat' dir='ltr'>que</span> <span class='ocrx_word' id='word_1_212' title='bbox 474 2506 618 2567; x_wconf 81' lang='lat' dir='ltr'>praeda</span> <span class='ocrx_word' id='word_1_213' title='bbox 645 2507 803 2553; x_wconf 84' lang='lat' dir='ltr'>milites</span> <span class='ocrx_word' id='word_1_214' title='bbox 832 2507 1009 2553; x_wconf 84' lang='lat' dir='ltr'>donavit</span> <span class='ocrx_word' id='word_1_215' title='bbox 1038 2510 1159 2570; x_wconf 80' lang='lat' dir='ltr'>(quae</span> <span class='ocrx_word' id='word_1_216' title='bbox 1187 2510 1264 2553; x_wconf 91' lang='lat' dir='ltr'>etsi</span> <span class='ocrx_word' id='word_1_217' title='bbox 1288 2519 1379 2553; x_wconf 87' lang='lat' dir='ltr'>erat</span> <span class='ocrx_word' id='word_1_218' title='bbox 1405 2508 1568 2560; x_wconf 89' lang='lat' dir='ltr'>tenuis,</span> <span class='ocrx_word' id='word_1_219' title='bbox 1597 2517 1742 2551; x_wconf 89' lang='lat' dir='ltr'>tamen</span> 
     </span>
     <span class='ocr_line' id='line_1_30' title="bbox 366 2587 1739 2651; baseline 0.001 -23"><span class='ocrx_word' id='word_1_220' title='bbox 366 2587 407 2629; x_wconf 92' lang='lat' dir='ltr'>in</span> <span class='ocrx_word' id='word_1_221' title='bbox 436 2596 557 2631; x_wconf 87' lang='lat' dir='ltr'>tanta</span> <span class='ocrx_word' id='word_1_222' title='bbox 587 2590 824 2649; x_wconf 72' lang='lat' dir='ltr'>provinciae</span> <span class='ocrx_word' id='word_1_223' title='bbox 850 2589 1152 2650; x_wconf 75' lang='lat' dir='ltr'>desperatione</span> <span class='ocrx_word' id='word_1_224' title='bbox 1187 2599 1279 2634; x_wconf 89' lang='lat' dir='ltr'>erat</span> <span class='ocrx_word' id='word_1_225' title='bbox 1319 2598 1464 2651; x_wconf 85' lang='lat' dir='ltr'>grata,</span> <span class='ocrx_word' id='word_1_226' title='bbox 1505 2588 1739 2648; x_wconf 87' lang='lat' dir='ltr'>praesertim</span> 
     </span>
     <span class='ocr_line' id='line_1_31' title="bbox 367 2666 1742 2730; baseline 0.003 -23"><span class='ocrx_word' id='word_1_227' title='bbox 367 2667 524 2712; x_wconf 86' lang='lat' dir='ltr'>virtute</span> <span class='ocrx_word' id='word_1_228' title='bbox 551 2669 718 2730; x_wconf 80' lang='lat' dir='ltr'>parta):</span> <span class='ocrx_word' id='word_1_229' title='bbox 745 2679 786 2714; x_wconf 88' lang='lat' dir='ltr'>et</span> <span class='ocrx_word' id='word_1_230' title='bbox 801 2686 934 2730; x_wconf 87' lang='lat' dir='ltr'>quum</span> <span class='ocrx_word' id='word_1_231' title='bbox 957 2672 1165 2715; x_wconf 90' lang='lat' dir='ltr'>Octavius</span> <span class='ocrx_word' id='word_1_232' title='bbox 1186 2687 1234 2714; x_wconf 82' lang='lat' dir='ltr'>ex</span> <span class='ocrx_word' id='word_1_233' title='bbox 1262 2670 1360 2730; x_wconf 81' lang='lat' dir='ltr'>fuga</span> <span class='ocrx_word' id='word_1_234' title='bbox 1383 2666 1608 2729; x_wconf 88' lang='lat' dir='ltr'>pharsalici</span> <span class='ocrx_word' id='word_1_235' title='bbox 1629 2684 1742 2727; x_wconf 83' lang='lat' dir='ltr'>proe-</span> 
     </span>
    </p>
   </div>
   <div class='ocr_carea' id='block_1_3' title="bbox 1926 0 1972 3356">
    <p class='ocr_par' dir='ltr' id='par_1_6' title="bbox 1926 0 1972 3356">
     <span class='ocr_line' id='line_1_32' title="bbox 1926 0 1972 3356; baseline 0 0"><span class='ocrx_word' id='word_1_236' title='bbox 1926 0 1972 3356; x_wconf 95' lang='lat' dir='ltr'> </span> 
     </span>
    </p>
   </div>
  </div>
 </body>
</html>
