1972 3356
581 235 849 273 COMMENT.
882 238 949 272 DE
980 237 1149 274 BELLO
1179 238 1413 276 GALLICO.
1634 243 1706 288 273

294 315 331 350 in
356 327 455 363 pago
475 327 495 350 a
520 316 747 350 Brannoviis
766 316 869 351 dicto
890 318 926 351 le
948 317 1146 353 Briennois
1166 325 1227 353 aut
1248 319 1467 362 Briommis,
1496 319 1536 355 in
1556 320 1709 357 dioeccsi

294 378 584 424 Matisconensi,
604 379 769 427 proinde
788 379 828 414 in
846 379 980 415 AEduis
994 393 1155 427 quorum
1175 381 1331 416 clientes
1349 389 1467 417 erant.
1485 383 1709 431 Legendum

294 449 349 477 est
371 442 484 490 igitur
506 443 679 478 Aulercis
698 443 990 477 Brannovicibus
1008 445 1074 477 vel
1091 445 1333 488 Brannoviis,
1356 452 1419 480 aut
1438 445 1532 481 sicut
1556 446 1594 482 in
1619 447 1708 495 qui-

295 505 454 541 busdam
488 506 741 551 editionibus,
771 505 1045 540 includendum
1075 507 1298 542 Brannoviis
1329 507 1428 544 inter
1452 522 1588 556 uncos,
1622 518 1710 558 post

296 569 593 604 Brannovicibus.

348 647 532 683 Eleutetis
547 647 737 684 Cadurcis.
756 647 944 682 «Codices
963 646 1085 682 nostri
1099 654 1135 682 et
1145 647 1465 697 Oudendorpiani
1485 650 1562 686 fere
1577 664 1709 687 omnes

295 710 436 745 habent
463 708 651 755 adjunctis
673 710 878 753 Eleutetis,
913 710 1113 753 Cadmeis,
1143 710 1325 755 Gabalis,
1363 712 1572 748 Vellaum's.
1596 715 1710 750 Unde

294 772 463 820 suspicor
474 779 636 819 quatuor
648 773 813 820 populos
824 772 953 816 fuisse,
964 785 1045 807 non
1059 779 1134 807 tres
1154 774 1224 808 sub
1244 773 1302 808 his
1320 774 1554 810 nominibus.
1570 776 1709 823 Reipsa

295 833 493 870 Eleutheri
507 847 650 870 nomen
670 847 830 882 graecum
845 841 917 879 cst,
931 847 1001 870 nec
1015 847 1123 870 causa
1145 842 1199 870 est
1220 848 1285 871 cur
1304 837 1404 871 Galli
1423 837 1627 872 habuerint
1641 852 1711 873 no—

293 909 380 932 men
404 909 584 944 gracum,
604 904 643 932 ut
658 897 735 944 jam
758 897 976 932 observavit
989 898 1133 933 Morus.
1154 900 1400 946 Quapropter
1420 900 1624 936 lectionem
1645 914 1710 937 co—

293 958 419 994 dicum
431 960 589 996 restitui.
607 976 622 992 »
635 961 691 995 Ita
711 960 758 995 D.
771 959 997 1005 Achaintre‚
1017 960 1081 1008 qui
1101 961 1208 996 addit
1226 962 1266 996 in
1284 962 1410 998 indice
1431 964 1689 1011 geographico
1706 980 1713 1003 ς

294 1038 308 1053 «
329 1022 495 1058 Eleuteti
514 1023 684 1059 Cadurci.
706 1023 853 1058 Horum
879 1036 957 1058 uno
983 1030 1130 1059 tantum
1159 1025 1245 1060 loco
1270 1025 1446 1060 meminit
1468 1026 1608 1072 Caesar,
1628 1040 1688 1061 vn
1703 1055 1712 1071 ,

295 1082 365 1129 75,
386 1091 422 1119 et
449 1097 514 1120 eos
543 1097 641 1132 pene
672 1085 852 1132 potentiae
867 1087 1129 1121 Arvernorum
1148 1087 1323 1123 subditos
1348 1088 1470 1123 docet.
1498 1089 1668 1136 Reposui
1693 1102 1713 1124 e

294 1146 491 1182 codicibus
517 1148 703 1191 Eleuteti,
727 1147 815 1195 quia
834 1161 909 1183 vox
933 1149 1134 1184 Eleutheri
1158 1148 1300 1201 (liberi)
1329 1164 1409 1186 non
1430 1151 1612 1187 convenit
1643 1165 1713 1200 po-

295 1209 386 1255 pulo
401 1209 538 1256 gallico
550 1237 560 1253 ‚
579 1210 700 1245 multo
714 1209 839 1245 minus
858 1210 902 1245 iis
922 1210 986 1257 qui
997 1212 1059 1246 vel
1080 1213 1336 1247 Arvernorum
1351 1213 1506 1249 clientes
1519 1241 1529 1258 ‚
1548 1213 1608 1249 vel
1623 1214 1714 1262 ipsis

295 1270 438 1306 subditi
464 1279 583 1307 erant.
609 1272 762 1307 Rectius
790 1279 917 1307 tamen
943 1273 1172 1309 scriberetur
1201 1287 1247 1310 ex
1274 1275 1491 1322 conjectura
1521 1276 1575 1312 Cl.
1598 1277 1715 1311 d’An-

294 1332 383 1368 ville
404 1332 558 1383 (Notice
575 1335 624 1370 de
643 1336 683 1369 la
705 1335 847 1378 Gaule,
878 1347 914 1382 p.
938 1335 1034 1385 440)
1058 1338 1223 1382 Lucteri,
1250 1338 1337 1385 quia
1366 1338 1414 1374 de
1439 1340 1608 1374 Lucterio
1638 1339 1712 1374 Ca—

295 1394 414 1431 dureo
434 1396 701 1444 potentissimo
720 1396 866 1432 mentio
887 1395 947 1441 fit,
968 1397 1034 1432 lib.
1051 1411 1129 1443 v11,
1157 1412 1238 1447 cap.
1265 1398 1285 1434 5
1300 1427 1309 1444 ‚
1333 1413 1372 1445 7,
1394 1399 1436 1445 83
1456 1400 1546 1435 item
1566 1401 1614 1436 de
1639 1403 1715 1437 Lu-

294 1457 385 1492 terio
412 1458 579 1505 quodam
608 1458 782 1494 Cadurco
808 1459 1122 1506 opulentissimo,
1151 1461 1233 1509 qui,
1260 1469 1298 1496 ut
1326 1470 1500 1511 apparet,
1532 1463 1634 1499 idern
1661 1471 1716 1499 est

293 1531 336 1554 ac
362 1521 550 1556 Lucterius
578 1534 691 1568 supra
725 1521 877 1566 citatus,
906 1522 1087 1571 cujusque
1119 1523 1158 1558 in
1193 1524 1369 1560 clientela
1400 1533 1496 1561 esset
1530 1526 1716 1574 oppidum

292 1581 601 1618 Uxellodunum:
623 1583 724 1619 unde
747 1583 937 1631 conjicere
961 1585 1048 1621 licet
1068 1587 1275 1621 Lucterium
1301 1588 1610 1636 patronymicum
1637 1601 1717 1624 esse

293 1657 435 1680 nomen
455 1658 476 1680 a
496 1645 684 1691 Lucteris,
706 1646 770 1694 qui
792 1648 956 1695 populus
979 1655 1059 1683 erat
1078 1661 1165 1696 pars
1192 1649 1453 1685 Cadurcoru1n
1479 1650 1645 1686 detracta
1668 1651 1717 1686 ab

293 1706 356 1752 iis,
383 1714 420 1742 et
447 1708 599 1744 subdita
626 1708 822 1744 Arvernis.
840 1726 854 1739 ν
884 1709 990 1745 Licet
1017 1711 1212 1747 Eleutheri
1234 1713 1295 1747 vel
1326 1712 1463 1748 rectius
1500 1713 1722 1749 Heleuthcri

293 1769 340 1804 sit
359 1782 503 1806 nomen
526 1784 708 1819 graecum,
735 1771 829 1807 mihi
858 1773 939 1808 luce
960 1773 1096 1808 clarius
1117 1781 1172 1809 est
1197 1775 1409 1811 Eleutheris
1433 1775 1612 1811 Cadurcis
1638 1790 1718 1812 esse

294 1832 500 1880 genuinam
526 1834 730 1870 lectionem
756 1849 763 1870 :
789 1835 868 1881 jam
896 1836 985 1870 satis
1014 1848 1202 1884 superque
1227 1838 1393 1884 probavi
1419 1839 1652 1886 populorum
1682 1847 1719 1874 et

295 1894 444 1930 urbium
463 1897 595 1932 Galliae
612 1898 771 1932 nomina
791 1910 909 1945 graeca
929 1899 990 1933 vel
1010 1899 1127 1933 latina
1148 1912 1239 1934 esse.
1260 1900 1321 1935 Sic
1348 1901 1446 1936 infra
1466 1914 1537 1948 pro
1555 1903 1718 1944 Helviis,-

297 1957 571 2003 suessionibus,
608 1960 813 2007 legendum
849 1961 1025 1996 existimo
1062 1962 1276 1998 Eleutheris
1307 1963 1573 1999 Suessionibus.
1612 1965 1718 1999 Nihil

296 2019 421 2055 obstat
441 2021 547 2069 quod
564 2021 618 2059 ait
636 2023 775 2069 Caesar,
795 2023 1022 2059 Eleutheros
1045 2024 1232 2060 Cadurcos
1250 2026 1322 2061 sub
1342 2026 1505 2074 imperio
1523 2030 1718 2063 Arverno-

295 2095 378 2117 rum
399 2096 477 2119 esse
500 2086 757 2131 consuevisse,
779 2093 815 2122 et
836 2086 980 2122 Hirtius
999 2087 1220 2124 Suessiones
1245 2089 1374 2124 Remis
1396 2102 1475 2125 esse
1499 2090 1714 2125 attributos.

296 2145 342 2179 In
355 2145 479 2181 Plinio
494 2147 596 2182 enim
610 2148 832 2184 Suessiones
846 2149 970 2185 Liberi
981 2163 1133 2198 quoque
1147 2151 1355 2199 nuncupati
1369 2159 1454 2187 sunt
1467 2166 1476 2197 ;
1490 2165 1568 2187 non
1588 2152 1717 2200 probo

295 2207 411 2255 igitur
444 2210 649 2246 lectionem
678 2212 845 2248 Lucteris
862 2228 882 2250 a
900 2214 1092 2259 Lucterio,
1120 2214 1215 2250 duce
1235 2215 1408 2250 Cadurco
1429 2215 1717 2264 potentissimo,

295 2282 409 2317 quam
435 2273 482 2307 D.
503 2273 725 2318 Achaintre,
744 2282 831 2322 post
848 2275 1071 2320 D’Anville,
1090 2277 1288 2324 proponit.

348 2350 505 2394 Helvii55
539 2352 806 2387 Suessionibus.
843 2354 946 2401 Lege
974 2355 1185 2390 Eleutheris
1222 2356 1500 2401 Suesnbnibus,
1536 2364 1576 2392 ut
1603 2369 1716 2405 supra

294 2412 509 2449 Eleutheris·
531 2414 719 2451 Cadurcis.
747 2416 840 2452 Vide
856 2416 954 2452 hanc
980 2425 1123 2454 notam.

349 2493 593 2529 Bellocassis.
624 2495 842 2530 Bellocassi
857 2495 884 2530 ii
905 2503 992 2531 sunt
1012 2496 1093 2545 qui,
1111 2510 1166 2542 11,
1188 2502 1229 2542 4,
1254 2497 1292 2531 V
1285 2499 1491 2534 ellocasses
1511 2505 1717 2542 vocantur,

293 2567 456 2602 quorum
469 2569 612 2592 nomen
632 2565 869 2593 contractum
889 2565 925 2594 et
944 2559 1157 2595 derivatum
1173 2560 1296 2596 adhuc
1309 2568 1480 2609 superest
1500 2561 1540 2596 in
1560 2561 1716 2596 nomine

292 2617 379 2666 pagi
399 2619 534 2667 gallice
560 2621 679 2656 Vexin
699 2621 802 2657 dicti.
832 2622 1056 2670 Legendum
1074 2623 1136 2658 hic
1155 2623 1271 2671 igitur
1296 2625 1334 2657 V
1328 2624 1536 2660 ellocassis.

348 2700 517 2735 Aulercis
539 2701 783 2735 Eburonibus.
817 2701 873 2735 Ita
901 2701 993 2749 legit
1024 2703 1071 2738 D.
1094 2703 1317 2748 Achaintre,
1338 2702 1405 2738 sed
1430 2703 1540 2738 male.
1562 2703 1714 2738 Nullum

460 2786 486 2812 1.
1465 2773 1518 2816 18
