1972 3356
419 278 490 317 274
727 271 765 302 C.
793 268 920 302 JULII
952 265 1166 301 CAESARIS
1196 265 1456 302 COMMENT.

417 363 591 416 puel-at,
617 360 659 395 et
681 350 734 394 ad
758 359 953 394 senatum
983 349 1122 409 questi
1150 364 1227 409 per
1253 347 1420 409 legatos
1435 382 1446 404 ,
1465 357 1596 409 atque
1616 350 1792 395 arbitris

416 451 438 477 a
468 442 619 476 senatu
642 430 780 484 datis,
808 447 883 474 sua
907 438 1181 489 receperant,
1208 429 1352 472 tricies
1378 429 1571 472 centenis
1600 428 1793 474 millibus

416 512 564 574 pondo
592 511 673 556 olei
704 512 748 555 in
780 510 917 554 anno's
949 507 1144 571 singulos
1169 507 1346 564 multat,
1375 507 1471 552 ideo
1498 508 1616 568 quod
1643 510 1792 565 initio,

414 611 493 655 per
519 592 830 637 dissensionem
871 590 1119 652 principum
1136 624 1147 642 ,
1180 589 1427 632 societatem
1457 605 1557 632 cum
1585 589 1696 633 Juba
1723 590 1793 632 in-

416 676 580 728 ierant,
599 689 787 733 eumque
810 672 966 727 armis,
996 669 1230 723 militibus,
1259 670 1443 730 pecunia
1465 670 1682 730 juverant.
1703 671 1796 714 Tis-

416 756 633 811 dritanos,
671 763 849 815 propter
888 750 1177 796 humilitatem
1213 751 1423 805 civitatis,
1463 761 1582 795 certo
1614 767 1795 795 numero

415 837 621 880 frumenti
647 834 816 879 multat.

479 918 680 962 XCVIII.
707 915 784 959 His
821 914 951 958 rebus
979 913 1127 974 gestis,
1163 911 1304 956 idibus
1326 913 1422 972 jun.
1451 912 1589 956 Utieae
1615 910 1794 956 classem

415 996 690 1048 conscendit,
727 1003 890 1055 etpost
918 993 1032 1036 diem
1063 993 1238 1036 tertium
1271 991 1445 1036 Carales
1469 993 1512 1035 in
1550 991 1795 1036 Sardiniam

416 1078 627 1138 pervenit.
644 1076 708 1119 Ibi
729 1073 1001 1128 Sulcitanos,
1020 1071 1139 1133 quod
1161 1071 1388 1116 Nasidium
1415 1072 1597 1132 ejusque
1617 1071 1795 1116 classem

416 1164 688 1217 receperant,
726 1154 949 1215 copiisque
981 1154 1210 1214 juverant,
1245 1153 1316 1196 HS
1344 1152 1508 1195 centies
1541 1150 1721 1207 multat;
1756 1162 1797 1196 et

415 1254 495 1299 pro
521 1236 711 1280 decumis
739 1245 913 1279 octavas
940 1233 1129 1295 pendere
1150 1233 1299 1294 jubet,
1326 1233 1530 1293 bonaque
1554 1249 1796 1294 paucorum

415 1317 584 1374 vendit,
610 1327 653 1361 et
678 1326 780 1360 aute
806 1315 918 1359 diem
943 1332 1009 1359 111.
1024 1314 1284 1374 cal.quinct.
1304 1330 1433 1358 naves
1457 1313 1732 1371 conscendit3
1754 1324 1797 1358 et

415 1419 437 1443 a
458 1397 689 1443 Caralibus
705 1396 949 1442 secundum
971 1405 1129 1439 terram
1148 1403 1402 1455 provectus,
1430 1392 1795 1438 duodetricesimo

415 1480 505 1536 die,
523 1496 573 1523 eo
601 1477 718 1539 quod
744 1476 1071 1538 tempestatibus
1101 1476 1143 1519 in
1170 1474 1384 1535 portubus
1405 1473 1720 1532 cohibebatur,
1741 1474 1795 1518 ad

416 1560 568 1604 urbem
594 1562 779 1602 Romam
807 1557 935 1600 venit.
