1972 3356
364 282 436 325 234
570 285 608 319 C.
642 287 767 321 JULII
797 288 1012 324 CAESARIS
1043 289 1531 324 COMMENTARIORUM

363 366 570 426 cognitis,
598 367 724 427 plura
750 386 883 429 quam
909 370 1117 414 videbant
1141 370 1492 414 extimescebam.
1508 371 1611 427 Quo
1634 369 1747 414 facto

361 446 559 489 statuisse
590 448 821 493 Commius
858 451 1085 495 dicebatur
1120 468 1349 511 nunquam
1380 451 1426 494 in
1465 460 1747 511 conspectum

359 525 619 586 cujusquam
644 530 833 574 Romani
855 532 1019 576 venire.

421 608 588 653 XXIV.
609 608 958 656 Bellicosissimis
978 614 1181 675 gentibus
1199 613 1407 670 devictis,
1428 615 1595 668 Caesar,
1611 629 1748 673 quum

359 686 527 732 videret
550 689 716 734 nullam
747 694 836 752 jam
873 711 964 738 esse
998 695 1220 739 civitatem
1254 711 1349 755 quae
1383 693 1549 738 bellum
1575 702 1749 754 pararet

358 784 446 827 quo
473 769 555 813 sibi
581 772 819 829 resisteret,
844 774 919 818 sed
945 775 1179 819 nonnullos
1204 793 1255 819 ex
1282 775 1456 836 oppidis
1484 774 1748 835 demigrare,

357 865 407 892 ex
443 852 557 912 agris
594 852 837 914 diffugere,
875 855 928 899 ad
972 873 1162 917 praesens
1201 858 1434 918 imperium
1471 855 1749 910 evitandum,

356 929 505 990 plures
536 933 580 975 in
608 943 753 993 partes
783 937 1024 980 exercitum
1053 937 1275 981 dimittere
1303 938 1545 981 constituit.
1570 938 1631 980 Μ.
1664 938 1752 980 An-

357 1012 530 1056 tonium
553 1024 816 1074 quaestorem
838 1033 940 1059 cum
965 1016 1134 1078 legione
1157 1034 1202 1061 x1
1225 1018 1305 1061 sibi
1329 1018 1557 1078 conjungit
1574 1034 1584 1073 3
1600 1018 1651 1061 C.
1670 1020 1751 1061 Fa-

355 1094 476 1137 bium
510 1093 702 1155 legatum
735 1113 836 1140 cum
865 1097 1120 1141 cohortibus
1149 1114 1240 1141 xxv
1269 1099 1408 1142 mittit
1434 1100 1480 1142 in
1510 1098 1751 1143 diversissi-

355 1192 472 1219 mam
491 1175 645 1221 Galliae
665 1186 858 1238 partem;
880 1179 998 1239 quod
1023 1180 1082 1223 ibi
1106 1179 1317 1240 quasdam
1338 1179 1535 1223 civitates
1553 1180 1598 1223 in
1619 1181 1751 1224 armis

355 1272 445 1300 esse
485 1256 708 1314 audiebat,
750 1276 892 1320 neque
925 1262 975 1305 C.
1017 1262 1254 1307 Caninium
1289 1259 1495 1305 Rebilum
1529 1258 1750 1321 legatum,

355 1338 430 1397 qui
460 1338 504 1381 in
543 1337 627 1382 illis
662 1340 918 1400 regionibus
946 1352 1150 1402 praeerat,
1185 1342 1288 1386 satis
1311 1340 1457 1385 firmas
1486 1358 1520 1385 11
1558 1340 1751 1402 legiones

356 1417 518 1462 babere
553 1421 844 1465 existimabat.
881 1425 929 1466 T.
964 1423 1211 1467 Labienum
1248 1422 1303 1466 ad
1337 1440 1381 1466 se
1416 1433 1586 1476 evocat,
1622 1421 1752 1485 legio·

356 1515 544 1559 nemque
562 1517 648 1557 ΧΠ,
673 1518 769 1561 quae
792 1519 892 1546 cum
918 1520 970 1547 eo
993 1503 1134 1548 fuerat
1161 1505 1204 1548 in
1230 1504 1447 1559 hibernis,
1473 1505 1516 1547 in
1537 1506 1750 1565 Togatam

356 1579 548 1624 Galliam
571 1582 727 1638 mittit,
750 1583 802 1626 ad
824 1582 1019 1628 colonias
1033 1585 1196 1628 civium
1234 1601 1523 1629 romanorum
1544 1584 1749 1641 tuendas;

357 1676 410 1703 ne
432 1661 552 1722 quod
578 1661 719 1707 simile
745 1664 1076 1708 incommodum
1102 1665 1336 1721 accideret,
1365 1665 1623 1710 decursione
1650 1666 1751 1710 bar-

354 1741 583 1797 barorum,
608 1760 657 1787 ac
684 1746 909 1805 superiore
935 1756 1083 1789 aestate
1107 1747 1374 1807 Tergestinis
1399 1746 1649 1801 accidisset,
1674 1748 1750 1807 qui

355 1824 584 1883 repentino
611 1824 842 1869 latrocinio
867 1836 995 1886 atque
1020 1828 1188 1887 impetu
1208 1843 1361 1870 eorum
1384 1837 1510 1871 erant
1535 1829 1746 1888 oppressi.

354 1906 452 1965 Ipse
473 1905 527 1948 ad
549 1906 784 1951 vastandos
803 1907 1223 1969 depopulandosque
1241 1907 1349 1952 fines
1370 1909 1637 1970 Ambiorigis
1655 1925 1750 1970 pro-

355 1985 566 2030 ficiscitur
597 2004 605 2030 :
635 2004 766 2048 quem
792 1991 1075 2049 perterritum
1104 2007 1153 2033 ac
1181 1989 1423 2051 fugientem
1447 2007 1583 2050 quum
1611 1990 1749 2052 redigi

354 2082 478 2127 posse
513 2069 556 2111 in
594 2085 716 2112 suam
752 2080 1011 2130 potestatem
1049 2071 1338 2132 desperasset,
1377 2073 1629 2132 proximum
1663 2089 1750 2116 suae

354 2149 580 2211 dignitatis
610 2167 701 2194 esse
735 2150 947 2207 ducebat,
976 2152 1084 2196 adeo
1111 2152 1217 2196 fines
1244 2154 1336 2213 ejus
1366 2163 1536 2196 vastare
1561 2153 1748 2208 civibus,

353 2231 569 2288 aedificiis,
594 2249 772 2293 pecore,
799 2242 846 2276 ut
872 2232 973 2277 odio
1000 2250 1180 2276 suorum
1211 2234 1460 2290 Ambiorix,
1486 2235 1520 2278 si
1541 2251 1653 2295 quos
1683 2234 1748 2279 fo-

355 2323 461 2355 tuna
497 2312 669 2357 fecisset
707 2312 917 2373 reliquos,
947 2312 1119 2358 nullum
1154 2314 1344 2358 reditum
1386 2325 1568 2375 propter
1606 2325 1747 2360 tantas

355 2392 623 2437 calamitates
644 2394 823 2438 haberet
848 2395 893 2436 in
917 2395 1154 2439 civitatem.

418 2476 562 2518 XXV.
591 2476 744 2532 Quum
773 2477 815 2518 in
841 2492 992 2519 omnes
1017 2486 1162 2537 partes
1191 2476 1345 2520 finium
1376 2477 1642 2537 Ambiorigis
1670 2487 1747 2520 aut

355 2552 544 2614 legiones
586 2565 662 2598 aut
695 2554 857 2600 auxilia
895 2556 1150 2612 dimisisset,
1187 2568 1319 2618 atque
1353 2558 1500 2600 onmia
1534 2556 1743 2613 caedibus,

356 2634 590 2690 incendiis,
634 2637 797 2696 rapinis
835 2647 1064 2694 vastasset,
1098 2655 1259 2700 magno
1294 2654 1478 2681 numero
1514 2637 1745 2682 hominum

357 2714 586 2759 interfecto
619 2726 691 2759 aut
724 2727 874 2778 capto,
906 2718 1148 2762 Labienum
1179 2735 1278 2762 cum
1307 2717 1474 2761 duabus
1503 2717 1745 2779 legionibus
