1972 3356
341 249 413 283 200·
550 250 588 282 (3.
624 248 747 282 JULII
777 247 992 282 CAESARIS
1025 248 1511 284 COMMENTARIORUM

339 330 444 373 dum
474 347 533 373 xx
562 329 737 373 directis
766 328 974 373 lateribus
1002 329 1147 383 duxit,
1177 338 1224 372 ut
1253 330 1344 390 ejus
1368 329 1509 373 solum
1537 340 1728 375 tantum-

339 411 436 454 dem
462 420 631 470 pateret
660 419 876 471 quantum
906 427 1075 454 summa
1100 409 1223 453 labra
1259 409 1492 453 distabant.
1521 409 1726 471 Reliquas

338 507 488 534 omnes
514 491 781 534 munitiones
805 491 857 534 ab
886 507 936 534 ea
958 490 1071 535 fossa
1097 490 1227 552 pedes
1257 506 1316 535 CD
1344 490 1518 534 reduxit
1544 507 1552 533 :
1575 490 1617 533 id
1644 492 1727 536 hoc

336 570 520 615 consilio
542 571 777 633 (quoniam
803 581 975 615 tantum
1000 581 1110 615 esset
1133 572 1378 615 necessario
1402 571 1592 631 spatium
1611 587 1729 615 com-

334 650 515 712 plexus,
546 669 626 696 nec
655 651 785 696 facile
811 662 955 696 totum
979 669 1089 713 opus
1117 651 1310 696 militum
1339 668 1500 695 corona
1531 652 1726 713 cingere-

334 732 453 791 tur),
478 750 533 776 nc
560 733 612 777 de
638 733 879 795 improviso
902 743 978 777 aut
1002 743 1137 777 noctu
1162 731 1217 777 ad
1241 733 1509 777 munitiones
1532 732 1727 777 hostium

331 812 569 857 multitudo
597 813 839 868 advolaret,
870 823 944 858 aut
972 813 1166 857 interdiu
1196 813 1281 857 tela
1310 814 1353 856 in
1382 825 1574 865 nOStI'OS,
1603 814 1726 874 operi

331 892 590 949 destinatos,
629 895 849 955 conjicere
894 903 1087 955 possent.
1130 896 1226 938 Hoc
1269 894 1517 938 intermisso
1563 894 1725 954 spatio,

330 973 438 1018 duas
461 974 615 1030 fossas,
639 991 698 1019 xv
723 975 854 1035 pedes
878 974 1008 1031 latas,
1031 975 1183 1018 eadem
1210 974 1462 1030 altitudine,
1484 974 1691 1035 perduxit
1715 993 1725 1017 2

329 1071 516 1115 quarum
536 1056 791 1099 interiorem
805 1091 816 1111 ,
843 1056 1161 1116 campestribus
1176 1072 1224 1099 ac
1245 1055 1442 1098 demissis
1464 1055 1589 1110 locis,
1613 1072 1726 1115 aqua

328 1152 380 1179 ex
404 1135 584 1179 flumine
611 1135 808 1180 derivata
831 1135 1081 1197 complevit.
1106 1138 1209 1179 Post
1233 1152 1303 1179 eas
1333 1152 1537 1198 aggerem
1562 1153 1611 1179 ac
1637 1134 1727 1178 val-

327 1215 416 1259 lum
449 1233 514 1261 ΧΠ
539 1216 703 1278 pedum
735 1218 962 1262 exstruxit.
994 1219 1109 1262 Huic
1139 1216 1320 1261 loricam
1348 1219 1592 1278 pinnasque
1615 1216 1728 1276 adje-

327 1297 411 1350 cit,
441 1297 682 1358 grandibus
710 1299 848 1342 cervis
880 1298 1177 1342 eminentibus
1203 1297 1258 1341 ad
1288 1298 1598 1341 commissuras
1627 1295 1720 1358 plu-

326 1386 498 1422 teorum
535 1388 668 1440 atque
693 1380 883 1441 aggeris,
911 1380 987 1441 qui
1011 1396 1239 1423 ascensum
1265 1379 1459 1423 hostium
1484 1379 1723 1423 tardarent.

324 1459 381 1502 Et
407 1468 549 1503 turres
575 1469 667 1503 toto
691 1477 823 1522 opere
845 1459 1160 1516 circumdedit,
1186 1477 1282 1521 quae
1311 1459 1442 1522 pedes
1468 1476 1588 1505 Lxxx
1610 1461 1726 1504 inter

325 1555 369 1581 se
393 1539 620 1585 distarent.

390 1622 594 1666 LXXIII.
623 1625 731 1667 Erat
759 1623 914 1668 eodem
953 1633 1153 1685 tempore
1192 1633 1236 1667 et
1273 1624 1516 1679 materiari,
1556 1633 1600 1667 et
1636 1624 1725 1667 fru-

322 1703 529 1757 mentari,
564 1713 606 1746 et
641 1713 781 1748 tantas
820 1705 1086 1749 munitiones
1124 1705 1218 1749 fieri
1254 1720 1447 1761 necesse,
1485 1704 1723 1749 deminutis

322 1784 482 1827 nostris
508 1785 665 1844 copiis,
703 1801 799 1845 quae
827 1784 1002 1847 longius
1030 1788 1085 1830 ab
1109 1788 1260 1830 castris
1294 1786 1722 1848 progrediebantur;

320 1879 371 1906 ac
394 1880 717 1924 nonnunquam
741 1882 874 1925 opera
902 1876 1053 1910 nostra
1079 1866 1195 1912 Galli
1218 1876 1409 1923 tentare,
1434 1877 1567 1928 atque
1594 1884 1724 1929 erup-

321 1944 485 1988 tionem
515 1962 567 1989 ex
589 1945 754 2006 oppido
778 1944 979 2007 pluribus
1000 1949 1138 2009 portis
1162 1964 1335 1992 summa
1362 1949 1404 1991 vi
1431 1948 1572 1992 facere
1591 1965 1723 1992 cona-

318 2026 493 2070 bantur.
533 2028 684 2085 Quare
715 2027 768 2071 ad
805 2028 896 2072 liaec
933 2046 1084 2073 rursus
1121 2047 1255 2091 opera
1288 2029 1543 2074 addendum
1575 2032 1723 2075 Caesar

318 2107 511 2167 putavit,
531 2124 620 2168 quo
644 2109 816 2152 minore
837 2126 1022 2154 numero
1041 2109 1233 2155 rnilitum
1254 2112 1525 2157 munitiones
1545 2111 1721 2156 defendi

318 2198 510 2248 possent.
545 2191 699 2250 Itaque
741 2192 908 2235 truncis
943 2192 1154 2236 arborum
1191 2202 1265 2236 aut
1302 2192 1543 2237 admodum
1582 2193 1719 2237 firmis

317 2269 450 2313 ramis
480 2270 684 2328 abscisis,
716 2281 846 2332 atque
884 2273 1045 2317 horum
1074 2273 1299 2318 delibratis
1328 2284 1459 2336 atque
1489 2276 1718 2336 praeacutis

317 2351 649 2409 cacuminibus,
681 2362 903 2414 perpetuae
928 2353 1068 2411 fossae,
1097 2355 1255 2416 quinos
1282 2355 1414 2416 pedes
1441 2354 1558 2412 altae,
1586 2355 1717 2400 duce-

315 2430 494 2475 bantur.
519 2435 616 2476 Huc
650 2432 712 2477 illi
736 2435 907 2495 stipites
938 2434 1135 2492 demissi,
1167 2447 1210 2480 et
1240 2437 1294 2481 ab
1323 2436 1476 2481 infimo
1509 2437 1716 2492 revincti,

317 2528 370 2555 ne
407 2511 557 2556 revelli
598 2525 795 2574 possent,
830 2515 882 2559 ab
926 2517 1059 2560 ramis
1099 2518 1366 2562 eminebant.
1404 2518 1543 2575 Quini
1588 2528 1716 2562 erant

315 2593 510 2649 ordines,
540 2596 767 2656 conjuncti
794 2596 909 2640 inter
935 2614 979 2641 se
1007 2608 1139 2659 atque
1165 2598 1399 2660 implicati3
1425 2615 1513 2660 quo
1541 2599 1616 2659 qui
1645 2599 1713 2642 in—

319 2683 558 2730 traverant,
584 2694 627 2721 se
644 2678 723 2738 ipsi
745 2679 1006 2723 acutissimis
1028 2679 1152 2725 vallis
1174 2680 1415 2724 induebant
1438 2698 1445 2724 :
1465 2681 1544 2724 hos
1561 2682 1713 2743 cippos
