1972 3356
516 247 583 282 DE
604 246 765 281 BELLO
794 242 1011 279 GALLlCO
1042 243 1130 278 LIB.
1155 243 1184 277 Ι.
1492 252 1533 275 21

163 323 452 371 nobilissimos
482 330 694 384 civitatis,
724 338 768 372 et
789 325 1078 388 jurejurando
1102 325 1325 369 civitatem
1354 318 1549 366 obstrin-

159 421 284 466 gere,
310 423 401 451 sese
425 425 565 468 neque
593 408 764 453 obsides
794 408 1077 468 repetituros,
1107 420 1250 464 neque
1276 400 1490 447 auxilium
1523 416 1546 444 a

161 486 326 545 populo
360 504 543 532 romano
581 487 915 548 imploraturos,
949 502 1092 545 neque
1125 494 1432 538 recusaturos,
1461 497 1548 542 quo

159 565 305 611 minus
325 577 539 628 perpetuo
557 569 635 611 sub
660 566 835 611 illorum
860 565 1027 609 ditione
1045 574 1176 624 atque
1194 564 1378 624 imperio
1393 570 1549 606 essent.

160 647 310 690 Unum
341 663 386 690 se
404 663 501 698 esse,
529 664 581 690 ex
617 648 737 691 omni
775 647 951 690 civitate
983 643 1250 698 AEduorum,
1283 643 1358 702 qui
1395 641 1551 685 adduci

165 740 251 767 non
281 727 502 786 potuerit,
531 737 581 771 ut
605 727 774 788 juraret
796 736 872 770 aut
896 742 997 771 suos
1027 725 1186 770 liberos
1214 722 1386 769 obsides
1415 722 1552 766 daret.

162 804 231 847 Ob
257 821 353 849 eam
376 823 467 850 rem
494 824 537 851 se
566 824 616 851 ex
641 807 818 851 civitate
842 806 1111 868 profugisse,
1136 815 1179 849 et
1203 806 1393 849 Romam
1413 804 1468 848 ad
1490 820 1555 848 se-

163 893 314 929 natum
352 886 536 944 venisse,
566 887 776 931 auxilium
810 886 1101 949 postulatum,
1128 885 1247 947 quod
1273 883 1389 929 solus
1414 900 1556 944 neque

157 965 468 1026 jurejurando,
504 984 646 1029 neque
678 968 904 1013 obsidibus
932 976 1170 1013 teneretur.
1204 965 1289 1010 Sed
1317 966 1440 1026 pejus
1472 965 1557 1009 vic-

162 1047 331 1091 toribus
360 1050 573 1109 Sequanis
588 1083 600 1107 ,
622 1067 756 1111 quam
781 1049 932 1094 AEduis
959 1049 1083 1092 victis
1100 1082 1111 1104 ,
1133 1047 1340 1092 accidisse
1349 1063 1360 1103 ;
1379 1056 1558 1107 propte-

162 1143 236 1171 rea
264 1128 381 1188 quod
418 1130 682 1185 Ariovistus,
717 1148 793 1174 rex
820 1131 1175 1185 Germanorum,
1204 1128 1249 1171 in
1278 1143 1431 1171 eorum
1462 1126 1558 1170 fini-

162 1208 242 1251 bus
282 1209 573 1267 consedisset,
611 1211 871 1271 tertiamque
900 1220 1072 1271 partem
1102 1210 1196 1270 agri
1226 1209 1446 1269 Sequani,
1482 1208 1557 1268 qui

162 1298 274 1332 esset
309 1290 505 1350 optimus
539 1292 675 1334 totius
705 1290 888 1345 Galliae,
924 1290 1247 1349 occupavisset,
1286 1298 1329 1331 et
1358 1304 1478 1332 nunc
1505 1288 1559 1332 de

163 1368 300 1413 altera
320 1380 446 1430 parte
471 1370 599 1413 tertia
622 1372 847 1430 Sequanos
872 1367 1082 1412 decedere
1104 1368 1299 1428 juberet,
1327 1377 1559 1428 propterea

163 1447 282 1508 quod
315 1450 467 1510 paucis
502 1449 724 1493 mensibus
756 1458 858 1493 ante
889 1448 1122 1492 Harudum
1160 1445 1297 1490 millia
1326 1447 1559 1491 hominum

164 1543 271 1571 xxiv
297 1528 354 1571 ad
382 1545 482 1572 eum
516 1530 756 1586 venissent,
785 1530 945 1590 quibus
976 1528 1098 1573 locus
1136 1545 1185 1572 ac
1205 1527 1326 1572 sedes
1357 1544 1560 1589 pararen-

164 1617 249 1651 tur.
280 1611 499 1653 Futurum
530 1627 621 1654 esse
641 1611 791 1672 paucis
813 1611 961 1667 annis,
988 1611 1052 1654 uti
1085 1626 1237 1656 omnes
1257 1626 1309 1653 ex
1333 1608 1489 1653 Galliae
1510 1609 1560 1653 fi-

163 1688 290 1733 nibus
312 1689 582 1750 pellerentur
602 1726 612 1748 ,
634 1701 766 1752 atque
784 1708 938 1735 omnes
956 1692 1169 1735 Germani
1191 1689 1397 1735 Rhenum
1423 1699 1561 1733 trans-

164 1769 279 1813 irent
314 1787 323 1813 :
363 1787 506 1832 neque
549 1772 666 1815 enim
706 1772 1022 1817 conferendum
1065 1788 1157 1816 esse
1198 1769 1420 1815 Gallicum
1459 1787 1560 1814 cum

163 1850 488 1895 Germanorum
526 1869 658 1913 agro,
696 1869 839 1912 neque
872 1853 986 1896 hanc
1021 1852 1386 1896 consuetudinem
1418 1851 1561 1894 victus

163 1947 264 1974 cum
302 1930 375 1975 illa
416 1932 775 1993 comparandam.
811 1932 1086 1975 Ariovistum
1128 1942 1299 1987 autem,
1342 1941 1393 1975 ut
1426 1930 1560 1975 semel

162 2011 395 2056 Gallorum
429 2014 577 2073 copias
608 2012 762 2074 proelio
792 2013 972 2065 vicerit,
1009 2011 1127 2072 quod
1162 2010 1365 2072 proelium
1396 2010 1560 2055 factum

165 2094 216 2134 sit
247 2092 301 2136 ad
320 2093 664 2153 Magetobriam‚
681 2094 868 2155 superbe
892 2104 935 2137 et
954 2091 1193 2137 crudeliter
1216 2094 1434 2152 imperare
1448 2125 1459 2147 ,
1479 2090 1561 2134 ob-

164 2172 277 2216 sides
302 2172 563 2218 nobilissimi
594 2174 806 2235 cujusque
831 2173 990 2218 liberos
1015 2190 1218 2234 poscere,
1247 2182 1290 2216 et
1313 2174 1358 2216 in
1379 2189 1451 2216 eos
1471 2188 1562 2215 om-

164 2256 236 2297 nia
265 2253 465 2316 exempla
493 2256 802 2316 cruciatusque
833 2255 981 2311 edere,
1007 2255 1040 2298 si
1074 2269 1159 2315 qua
1182 2270 1250 2297 res
1278 2270 1367 2298 non
1393 2252 1448 2296 ad
1479 2269 1560 2296 nu-

164 2345 281 2391 tum,
311 2344 385 2379 aut
420 2335 475 2379 ad
509 2334 785 2380 voluntatem
820 2336 912 2397 ejus
943 2335 1058 2379 facta
1091 2335 1180 2378 sit:
1209 2333 1436 2377 hominem
1470 2349 1561 2377 esse

163 2416 424 2471 barbarum,
466 2415 751 2473 iracundum,
795 2417 1078 2461 temerarium
1117 2432 1125 2458 t
1170 2431 1259 2458 non
1301 2430 1426 2474 posse
1467 2413 1561 2474 ejus

164 2496 349 2557 imperia
376 2496 541 2540 diutius
565 2499 769 2542 sustineri
796 2515 804 2541 :
830 2498 913 2542 nisi
945 2500 979 2540 si
1008 2496 1113 2557 quid
1140 2496 1183 2539 in
1217 2497 1392 2539 Caerare
1425 2510 1563 2555 popu-

166 2576 295 2636 loque
319 2593 504 2621 romano
539 2578 593 2621 sit
623 2577 795 2632 auxilii,
830 2578 1035 2622 omnibus
1067 2575 1207 2621 Gallis
1235 2575 1350 2619 idem
1379 2591 1469 2618 esse
1497 2574 1559 2618 fa-

166 2656 390 2712 ciendum,
434 2658 553 2717 quod
595 2657 782 2702 Helvetii
820 2659 1022 2713 fecerint,
1063 2667 1108 2701 ut
1147 2656 1277 2699 domo
1317 2655 1559 2715 emigrent3
