1972 3356
377 255 420 292 xl,
582 251 621 284 C.
653 251 780 285 JULII
813 251 1028 285 CAESARIS
1058 250 1545 304 COMMENTARIORUM

372 332 491 393 plus,
526 350 657 393 quam
689 350 753 389 sc,
789 333 951 376 doloris
980 349 1158 393 capere3
1188 342 1420 393 propterea
1453 333 1592 393 quod,
1621 349 1755 392 quum

373 414 463 472 ipse
485 414 626 473 gratia
651 411 892 472 plurimum
919 412 1037 456 domi
1063 423 1195 473 atque
1222 413 1267 455 in
1297 411 1467 472 reliqua
1491 411 1655 469 Gallia,
1687 412 1757 458 ille

371 493 603 535 minimum
623 503 807 553 propter
826 492 1163 537 adolescentiam
1187 496 1351 553 posset,
1367 510 1446 553 per
1469 509 1514 537 se
1528 494 1755 538 crevisset:

370 571 527 631 quibus
549 573 706 633 opibus
731 590 781 617 ac
807 573 951 616 nervis
978 589 1066 616 non
1093 572 1236 617 solum
1262 573 1317 617 ad
1346 573 1632 617 minuendam
1657 590 1755 634 gra—

370 652 473 695 tiam
488 686 498 706 ,
526 652 600 695 sed
618 669 739 713 paene
762 652 817 696 ad
841 653 1080 713 perniciem
1102 669 1225 697 suam
1250 663 1448 697 uteretur
1467 671 1477 696 τ
1497 670 1587 697 5656
1611 663 1755 697 tamen

368 742 412 775 et
449 749 599 776 amore
638 733 849 787 fraterno,
892 742 935 775 et
957 733 1279 776 existimatione
1315 732 1435 794 vulgi
1474 734 1754 776 commoveri.

368 812 500 869 Quod
524 813 558 855 si
583 812 689 872 quid
719 814 756 855 ei
782 829 807 855 a
832 814 1001 856 Caesare
1027 813 1203 873 gravius
1230 812 1481 869 accidisset,
1502 830 1639 873 quum
1664 815 1757 874 ipse

369 909 468 935 cum
496 891 641 935 locum
672 892 875 935 amicitiae
902 892 1019 952 apud
1048 909 1148 936 eum
1176 902 1365 947 teneret,
1396 894 1616 937 neminem
1649 894 1757 936 exis·-

371 972 653 1028 timaturum,
682 989 771 1016 non
799 989 877 1016 sua
899 971 1126 1016 voluntate
1151 972 1316 1016 factum
1341 990 1350 1016 ε
1380 990 1465 1033 qua
1491 990 1543 1016 ex
1568 990 1614 1016 re
1640 972 1757 1016 futu-

366 1067 486 1107 rum,
514 1053 578 1095 uti
610 1053 742 1095 totius
781 1051 936 1096 Galliae
962 1053 1096 1096 animi
1129 1070 1152 1096 a
1187 1069 1231 1096 se
1260 1062 1578 1096 averterentur.
1608 1072 1628 1093 >³
1656 1055 1756 1096 Haec

365 1148 499 1191 quum
521 1131 721 1192 pluribus
745 1133 888 1176 verbis
909 1133 1018 1176 flens
1041 1150 1065 1176 a
1088 1135 1257 1177 Caesare
1281 1143 1468 1192 peteret,
1497 1136 1640 1178 Caesar
1664 1134 1755 1193 ejus

365 1211 566 1256 dextram
586 1213 763 1273 prendit
786 1230 795 1256 :
825 1211 1074 1256 consolatus
1103 1222 1230 1273 rogat
1254 1212 1386 1256 finem
1414 1213 1569 1256 orandi
1591 1213 1720 1257 faciat
1745 1231 1753 1256 z

365 1293 476 1335 tanti
513 1293 605 1352 ejus
633 1292 751 1353 apud
785 1309 828 1336 sc
856 1293 1042 1353 gratiam
1070 1309 1161 1336 esse
1195 1292 1406 1349 ostendit,
1445 1293 1510 1336 uti
1535 1303 1578 1336 et
1609 1294 1755 1353 reipu-

363 1371 486 1416 blicae
516 1373 749 1432 injuriam,
777 1382 819 1415 et
848 1388 977 1415 suum
999 1371 1197 1415 dolorem
1224 1373 1317 1432 ejus
1340 1372 1561 1416 voluntati
1589 1389 1637 1416 ac
1662 1389 1756 1433 pre-

363 1453 485 1496 cibus
513 1452 746 1497 condonet.
778 1454 1100 1514 Dumnorigem
1128 1452 1183 1496 ad
1217 1470 1261 1496 56
1289 1463 1441 1508 vocat3
1476 1453 1655 1497 fratrem
1682 1453 1757 1497 ad-

363 1532 508 1587 hibet,
540 1549 636 1593 quae
662 1535 706 1576 in
733 1550 784 1577 eo
811 1533 1126 1593 reprehendat,
1153 1533 1363 1589 ostendit;
1394 1550 1491 1594 quae
1517 1535 1607 1594 ipse
1633 1533 1756 1577 intel-

363 1611 487 1673 ligat,
526 1630 622 1673 quae
664 1614 815 1657 civitas
861 1623 1091 1674 queratur,
1139 1615 1369 1675 proponit3
1417 1624 1585 1670 monet,
1625 1624 1674 1658 ut
1710 1616 1755 1657 in

362 1691 581 1753 reliquum
611 1703 783 1753 tempus
817 1710 968 1737 omnes
1005 1694 1275 1754 suspiciones
1306 1695 1434 1749 vitet3
1462 1696 1682 1755 praeterita
1710 1712 1754 1741 se

361 1773 581 1816 Divitiaco
617 1773 741 1816 fratri
790 1773 1041 1817 condonare
1080 1774 1199 1818 dicit.
1246 1775 1512 1836 Dumnorigi
1554 1775 1754 1820 custodes

362 1853 509 1911 ponit,
534 1863 601 1907 ut,
639 1870 734 1913 quae
763 1863 889 1914 agat,
921 1854 1184 1913 quibuscum
1208 1853 1441 1914 loquatur,
1469 1855 1579 1899 scire
1604 1857 1749 1915 possit.

427 1933 552 1977 XXI.
587 1934 753 1978 Eodem
790 1934 859 1978 die
901 1935 956 1979 ab
998 1934 1349 1996 exploratoribus
1388 1936 1549 1979 certior
1591 1935 1750 1991 factus,

360 2013 506 2057 hostes
536 2014 615 2058 sub
653 2025 804 2058 monte
839 2015 1084 2059 consedisse
1115 2014 1253 2058 millia
1287 2031 1495 2076 passuum
1526 2016 1579 2060 ab
1617 2016 1751 2075 ipsius

360 2095 510 2137 eastris
534 2105 659 2147 octo;
682 2094 822 2155 qualis
845 2105 957 2139 esset
980 2105 1135 2142 natura
1163 2097 1348 2151 montis,
1373 2106 1416 2139 et
1439 2095 1579 2156 qualis
1600 2097 1643 2140 in
1669 2097 1751 2140 cir-

360 2174 479 2217 cuitu
511 2191 734 2232 ascensus,
772 2176 848 2236 qui
882 2185 1223 2237 cognoscerent,
1256 2176 1387 2220 misit.
1424 2178 1746 2221 Renunciatum

359 2263 445 2309 est,
470 2253 641 2297 facilem
662 2271 766 2298 esse.
790 2257 859 2299 De
880 2256 1008 2300 tertia
1028 2253 1249 2317 vigilia'T.
1270 2256 1538 2312 Labienum,
1558 2255 1749 2317 legatum

359 2350 439 2392 pro
464 2344 672 2394 prae'tore,
703 2352 804 2379 cum
834 2336 1003 2379 duabus
1029 2335 1296 2397 legionibus,
1322 2346 1365 2379 et
1388 2337 1440 2381 iis
1465 2336 1648 2381 ducibus
1672 2338 1747 2396 qui

358 2412 440 2455 iter
476 2425 802 2475 cognoverant,
850 2433 1073 2460 summum
1111 2417 1267 2477 jugum
1311 2418 1472 2460 montis
1515 2415 1748 2460 ascendere

355 2492 496 2551 jubet3
529 2494 634 2554 quid
666 2497 731 2539 sui
762 2495 933 2540 consilii
961 2497 1035 2552 sit,
1066 2497 1270 2540 ostendit.
1301 2499 1398 2556 Ipse
1426 2496 1478 2539 de
1506 2505 1662 2555 quarta
1688 2496 1748 2538 vi-

359 2571 459 2630 gilia
491 2574 643 2618 eodem
675 2577 849 2631 itinere,
885 2593 972 2636 quo
1007 2577 1151 2620 hostes
1180 2578 1344 2631 ierant,
1374 2575 1428 2618 ad
1455 2591 1528 2618 eos
1565 2585 1746 2619 eonten-

358 2650 438 2705 dit,
470 2655 802 2716 equitatumque
832 2673 1007 2700 omnem
1037 2667 1137 2700 ante
1166 2673 1209 2700 se
1236 2656 1384 2699 mittit.
1417 2658 1462 2698 P.
1491 2655 1743 2711 Considius,
