1972 3356
410 257 483 281 222
645 243 684 278 C.
713 243 844 278 JULII
875 244 1094 278 CAESARIS
1125 243 1388 278 COMMENT.
1418 246 1563 280 LIBER

407 328 628 372 conversis
661 327 950 381 cohortibus,
989 336 1038 370 ut
1071 343 1158 371 una
1195 337 1294 387 post
1330 326 1512 371 alteram
1544 337 1646 371 ante
1680 329 1804 390 signa

408 408 619 452 tenderet.
647 409 715 451 Ita
739 423 949 450 coronam
976 407 1169 451 hostium
1196 407 1351 452 dextro
1375 408 1643 468 sinistroque
1665 425 1803 454 cornu

406 488 595 533 mediam
619 487 795 544 dividit3
836 498 878 532 et
923 504 1057 532 unam
1102 497 1270 549 partem
1313 488 1366 532 ab
1409 487 1545 532 altera
1584 488 1801 533 exclusam

407 570 630 630 equitibus
667 570 930 613 intrinsecus
969 569 1150 613 adortus
1187 586 1287 614 cum
1323 569 1541 630 peditatu,
1572 568 1668 614 telis
1697 587 1804 614 con-

403 651 528 712 jectis
558 652 602 694 in
632 650 781 713 fugam
807 651 939 695 vertit
969 668 977 694 :
1008 667 1149 711 neque
1177 650 1350 712 longius
1378 668 1661 713 progressus,
1690 653 1805 696 veri-

407 743 476 777 tus
493 733 669 777 insidias
685 768 696 787 ,
717 750 760 777 se
777 733 831 777 ad
858 749 958 777 suos
974 733 1142 794 recipit.
1170 732 1290 777 Idem
1314 732 1451 777 altera
1478 750 1580 794 pars
1606 733 1805 794 equitum

408 814 692 875 peditumque
732 814 915 859 Caesaris
951 814 1066 858 facit.
1100 815 1178 858 His
1212 814 1345 858 rebus
1379 815 1534 876 gestis,
1564 830 1613 858 ac
1648 812 1804 874 procul

408 896 608 939 hostibus
627 895 812 956 repulsis
828 893 1268 956 convulneratisque,
1293 895 1348 939 ad
1367 912 1442 940 sua
1467 894 1668 956 praesidia
1692 912 1804 950 sese,

407 977 521 1020 sicut
548 986 642 1020 erat
669 977 934 1027 instructus,
962 977 1156 1036 recipere
1181 977 1325 1037 coepit.

471 1059 639 1102 XVIII.
673 1058 857 1100 Interim
891 1058 953 1100 M.
980 1057 1178 1100 Petreius
1209 1067 1252 1100 et
1279 1058 1363 1100 Cn.
1398 1058 1498 1100 Piso
1521 1072 1620 1099 cum
1647 1057 1808 1116 equiti-

408 1137 488 1181 bus
516 1137 723 1181 Numidis
766 1153 831 1182 MC
864 1136 1036 1194 electis,
1078 1137 1365 1198 peditatuque
1406 1137 1603 1199 ejusdem
1638 1138 1809 1200 generis

408 1219 512 1261 satis
551 1218 733 1279 grandi,
769 1235 821 1262 ex
855 1219 1010 1262 itinere
1047 1228 1165 1262 recta
1200 1217 1397 1263 subsidio
1421 1220 1510 1263 suis
1547 1229 1804 1264 occurrunt.

408 1302 552 1360 Atque
581 1299 750 1356 hostes,
777 1300 866 1344 suis
894 1317 945 1343 ex
980 1309 1148 1343 terrore
1184 1300 1369 1344 firmatis
1395 1317 1638 1362 rursusque
1676 1317 1809 1345 reno-

408 1381 518 1424 vatis
553 1381 737 1433 animis,
777 1380 1068 1443 legionarios,
1108 1382 1329 1425 conversis
1357 1382 1578 1442 equitibus
1617 1398 1661 1427 se
1699 1382 1810 1426 reci-

409 1463 600 1523 pientes,
632 1463 893 1508 novissimos
920 1462 1088 1507 adoriri
1119 1472 1162 1507 et
1198 1462 1411 1525 impedire
1438 1473 1692 1525 coeperunt,
1721 1479 1810 1524 quo

408 1544 553 1588 minus
578 1544 622 1588 in
648 1554 790 1589 castra
811 1561 855 1589 se
874 1545 1136 1605 reciperent.
1163 1546 1258 1588 Hac
1287 1561 1333 1589 re
1362 1544 1685 1599 animadversa,
1715 1545 1809 1588 Cae-

407 1642 478 1669 sar
499 1625 627 1686 jubet
654 1627 779 1687 signa
807 1627 1008 1670 converti
1026 1661 1037 1681 ,
1069 1635 1112 1669 et
1139 1625 1283 1670 medio
1315 1641 1474 1686 campo
1511 1624 1807 1687 redintegrari

407 1704 628 1767 proelium.
656 1710 808 1765 Quum
847 1708 902 1751 ab
935 1707 1133 1751 hostibus
1165 1705 1318 1751 eodem
1347 1705 1480 1750 inodo
1508 1715 1807 1767 pugnaretur,

409 1804 486 1831 nec
514 1789 715 1831 eominus
738 1787 793 1831 ad
814 1804 970 1830 manus
996 1787 1236 1840 rediretur,
1261 1787 1530 1846 Caesarisque
1555 1786 1805 1846 equitesju-

408 1877 642 1925 menta,ex
664 1885 826 1912 nausea
850 1868 1040 1922 recenti,
1068 1868 1163 1923 siti,
1189 1866 1420 1928 languore,
1446 1867 1688 1927 paucitate,
1718 1864 1813 1910 vul-

409 1949 587 1993 neribus
611 1949 849 2011 defatigata
865 1983 877 2003 ,
905 1948 960 1993 ad
986 1947 1304 2010 insequendum
1330 1948 1499 1993 hostem
1529 1963 1812 2009 perseveran-

408 2030 604 2092 dumque
627 2048 807 2075 cursum
833 2029 1026 2074 tardiora
1055 2029 1297 2087 haberent,
1324 2029 1498 2090 dieique
1524 2045 1623 2090 pars
1651 2029 1808 2090 exigua

404 2113 495 2173 jam
517 2111 687 2174 reliqua
722 2123 847 2168 esset,
870 2112 1128 2156 cohortibus
1155 2111 1466 2173 equitibusque
1495 2109 1779 2154 circumdatis
1797 2145 1807 2163 ,

407 2194 664 2238 cohortatus
690 2195 961 2256 imperat,ut
980 2210 1068 2237 uno
1091 2193 1179 2237 ictu
1207 2192 1548 2247 contenderent,
1577 2206 1719 2252 neque
1737 2207 1807 2234 re-

411 2277 655 2331 mitterent,
680 2276 821 2320 donec
847 2275 963 2320 ultra
989 2274 1168 2319 ultimos
1190 2273 1321 2319 colles
1344 2275 1490 2318 hostes
1527 2272 1809 2335 repulissent,

408 2368 541 2418 atque
576 2375 730 2402 eornm
762 2368 903 2402 essent
922 2358 1065 2419 potiti.
1099 2360 1253 2418 Itaque
1274 2358 1401 2418 signo
1421 2355 1804 2416 dato,quumjam

411 2440 556 2484 hostes
595 2439 801 2502 languide
844 2438 1203 2501 negligenterque
1246 2437 1331 2482 tela
1370 2439 1619 2492 mitterent,
1660 2435 1806 2480 subito

412 2522 609 2565 immittit
632 2522 834 2566 cohortes
857 2531 1116 2581 turmasque
1132 2537 1314 2565 suorum
1332 2529 1489 2580 :atque
1509 2527 1675 2580 puncto
1699 2526 1809 2560 tem-

412 2604 529 2664 poris
556 2603 754 2648 hostibus
781 2601 904 2647 nullo
930 2603 1108 2663 negotio
1137 2618 1294 2663 campo
1321 2599 1456 2662 pulsis
1474 2635 1484 2653 ,
1513 2607 1610 2660 post
1636 2596 1813 2641 collem·

414 2701 497 2744 que
522 2685 704 2745 dejectis
723 2720 733 2740 ,
763 2685 878 2728 nacti
908 2683 1051 2727 locum
1074 2718 1084 2738 ,
1110 2693 1243 2744 atque
1274 2683 1329 2726 ihi
1361 2680 1585 2742 paulisper
1609 2695 1808 2723 commo-
