1972 3356
604 264 670 298 DE
700 264 860 300 BELLO
892 262 1107 300 GALLICO
1135 262 1229 297 LlB.
1256 261 1337 296 VII.
1603 258 1674 292 163

271 346 566 406 documento,
609 358 653 392 et
698 348 1004 411 magnitudine
1049 365 1187 409 poenae
1229 354 1506 408 perterreant
1550 341 1672 387 alios.

336 431 389 473 V.
415 430 493 473 His
521 428 748 491 suppliciis
771 429 974 474 celeriter
997 439 1150 474 coacto
1174 428 1390 482 exercitu,
1416 425 1671 469 Lucterium

270 510 545 568 Cadurcum,
586 528 769 554 summae
807 510 1035 554 hominem
1068 509 1280 565 audaciae,
1311 525 1414 551 cum
1446 516 1571 568 parte
1605 522 1676 549 co-

270 592 445 652 piarum
474 592 519 635 in
549 593 747 635 Rutenos
774 590 911 634 mittit
939 608 947 634 :
981 592 1074 651 ipse
1108 591 1154 633 in
1186 590 1407 650 Bituriges
1438 587 1678 648 proficisci-

269 683 356 717 tur.
380 673 485 733 Ejus
504 672 698 716 adventu
724 673 944 734 Bituriges
970 671 1026 717 ad
1048 671 1234 724 AEduos,
1265 685 1457 730 quorum
1479 677 1606 711 erant
1633 668 1675 709 in

268 753 374 810 fide,
412 752 577 815 legatos
611 754 797 798 mittunt
833 753 1082 798 subsidium
1114 761 1343 813 rogatum,
1380 765 1470 810 quo
1505 746 1676 791 facilius

267 835 463 878 hostium
486 835 635 896 copias
660 836 877 880 sustinere
900 836 1084 897 possint.
1114 833 1260 888 AEdui,
1282 831 1336 875 de
1357 829 1545 875 consilio
1567 829 1679 890 lega-

269 929 417 961 torum
445 934 556 978 quos
576 920 722 963 Caesar
743 918 799 962 ad
819 918 1061 962 exercitum
1085 915 1327 976 reliquerat
1342 949 1353 970 ,
1378 913 1528 974 copias
1551 911 1676 972 equi-

271 1008 385 1042 tatus
433 998 748 1060 peditatusque
785 998 982 1043 subsidio
1020 996 1295 1058 Biturigibus
1335 998 1535 1039 mittunt.
1584 993 1677 1050 Qui

266 1096 404 1139 quum
437 1079 493 1123 ad
527 1079 696 1124 flumen
721 1080 917 1142 Ligerim
942 1080 1185 1135 venissent,
1217 1077 1339 1138 quod
1366 1076 1588 1137 Bituriges
1622 1074 1677 1118 ab

266 1160 418 1204 AEduis
455 1160 636 1217 dividit,
674 1178 838 1222 paucos
878 1160 969 1204 dies
1011 1160 1071 1203 ibi
1109 1159 1289 1215 morati,
1327 1175 1470 1220 neque
1508 1157 1675 1201 flumen

267 1243 453 1286 transire
479 1243 597 1299 ausi,
623 1242 806 1286 domum
830 1250 1142 1297 revertuntur,
1165 1240 1409 1302 legatisque
1428 1240 1591 1283 nostris
1616 1256 1677 1282 rc-

265 1325 492 1380 nuntiant,
513 1341 558 1368 se
577 1325 831 1386 Biturigum
860 1323 1091 1385 perfidiam
1115 1323 1278 1366 veritos
1303 1321 1558 1375 revertisse,
1577 1322 1675 1381 qui-

265 1406 346 1449 bus
384 1405 427 1449 id
461 1404 633 1449 consilii
663 1405 795 1449 fuisse
825 1405 1138 1466 cognoverint,
1171 1412 1241 1457 ut,
1270 1404 1305 1447 si
1336 1402 1504 1446 flumen
1530 1412 1674 1446 trans-

265 1486 418 1541 issent,
444 1503 533 1530 una
561 1503 613 1530 ex
636 1496 761 1547 parte
786 1486 892 1547 ipsi,
924 1484 1062 1529 altera
1086 1484 1276 1528 Arverni
1305 1500 1350 1528 se
1377 1484 1674 1528 circumsiste-

263 1578 376 1611 rent.
406 1567 455 1612 Id
485 1585 592 1612 eane
616 1568 669 1612 de
696 1585 825 1612 causa
859 1584 994 1628 quam
1025 1566 1180 1628 legatis
1207 1567 1588 1628 pronuntiarunt,
1619 1583 1674 1610 an

264 1649 448 1709 perfidia
477 1649 659 1694 adducti
691 1649 899 1706 fecerint,
925 1648 1046 1710 quod
1069 1648 1181 1693 nihil
1206 1648 1333 1692 nobis
1359 1658 1557 1705 constat,
1585 1666 1671 1692 non

261 1730 437 1775 videtur
464 1749 545 1793 pro
571 1743 692 1777 certo
722 1749 814 1777 esse
844 1732 1118 1794 ponendum.
1145 1731 1367 1793 Bituriges
1395 1747 1550 1775 eorum
1586 1730 1671 1775 dis-

259 1829 383 1856 cessu
408 1815 556 1858 statim
582 1832 626 1858 se
651 1831 752 1858 cuin
778 1815 988 1858 Arvernis
1011 1814 1307 1875 conjungunt.

326 1896 401 1938 VI.
428 1896 507 1939 His
531 1895 663 1940 rebus
690 1897 734 1938 in
760 1894 935 1939 Italiam
962 1895 1124 1938 Caesari
1151 1895 1388 1951 nuntiatis,
1416 1912 1553 1956 quum
1578 1897 1670 1957 jam

261 1974 334 2019 ille
369 1976 561 2020 urbanas
592 1993 660 2021 res
692 1978 856 2020 virtute
884 1978 967 2020 Cn.
999 1977 1200 2038 Pompeii
1232 1976 1583 2021 commodiorem
1625 1978 1669 2021 in

259 2067 424 2101 statum
449 2059 701 2119 pervenisse
729 2057 1020 2120 intelligeret,
1051 2059 1095 2102 in
1126 2056 1448 2119 transalpinam
1473 2057 1667 2103 Galliam

262 2139 484 2199 profectus
507 2150 584 2184 est.
610 2142 674 2184 Eo
698 2157 836 2201 quum
865 2140 1074 2195 venisset,
1101 2156 1261 2202 magna
1288 2139 1553 2184 difficultate
1579 2140 1669 2185 affi-

260 2221 479 2276 ciebatur,
512 2238 599 2282 qua
628 2223 799 2266 ratione
837 2222 893 2265 ad
926 2222 1172 2266 exercitum
1215 2222 1450 2282 pervenire
1479 2233 1626 2283 posset
1659 2241 1667 2267 :

258 2319 359 2346 nam
390 2303 425 2346 si
455 2301 651 2364 legiones
677 2304 722 2347 in
743 2305 1025 2348 Provinciam
1053 2314 1313 2359 arcesseret,
1344 2322 1389 2349 se
1414 2305 1595 2350 absente
1622 2307 1666 2350 in

257 2384 414 2429 itinere
439 2385 596 2446 proelio
620 2385 908 2430 dimicaturas
929 2385 1231 2448 intelligebat,
1255 2387 1290 2431 si
1312 2388 1403 2449 ipse
1422 2387 1475 2432 ad
1498 2389 1666 2433 exerci-

257 2476 348 2510 tum
379 2467 694 2523 contenderet,
722 2485 776 2512 ne
806 2469 858 2512 iis
887 2468 1067 2529 quidem
1099 2470 1175 2529 qui
1205 2486 1256 2513 eo
1288 2479 1490 2530 tempore
1518 2471 1664 2530 pacati

256 2548 515 2593 viderentur
543 2566 669 2594 suam
694 2549 881 2594 salutem
910 2562 1026 2596 recte
1058 2551 1281 2596 committi
1306 2551 1497 2596 videbat.

320 2632 418 2676 VII.
442 2632 629 2675 Interim
653 2633 889 2677 Lucterius
912 2633 1163 2684 Cadurcus,
1189 2634 1234 2677 in
1258 2636 1458 2678 Rutenos
1485 2634 1664 2689 missus,

254 2729 348 2755 cam
378 2714 602 2757 civ2tatem
632 2714 842 2758 Arvernis
878 2714 1099 2758 conciliat.
1136 2715 1402 2776 Progressus
1437 2715 1482 2758 in
1517 2716 1664 2760 Nitio-
