1972 3356
1 0 13 598 *mu-m

4 1640 9 1661 2
6 1591 7 1595 „
0 1433 10 1561 ⁴--..-sv
0 1382 1 1412 ΗΑ

549 224 616 259 DE
644 223 806 258 BELLO
836 222 1053 257 GALLICO
1084 222 1174 256 LIB.
1199 222 1262 257 IV.
1560 219 1607 269 93

209 307 333 352 arido
362 307 682 362 constiterunt,
716 307 804 349 suis
837 305 1042 349 omnibus
1078 305 1343 361 consecutis,
1380 305 1425 348 in
1460 304 1609 349 hostes

211 389 426 449 impetum
451 387 670 442 fecerunt,
697 396 829 446 atque
853 402 927 429 eos
956 387 1001 429 in
1023 385 1173 447 fugam
1199 384 1439 441 dederunt;
1466 402 1610 447 neque

210 469 387 530 longius
405 469 611 529 prosequi
636 475 899 527 potuerunt,
919 465 1039 526 quod
1053 466 1223 526 equites
1240 482 1420 509 cursum
1439 475 1609 524 tenere,

210 560 340 610 atque
366 547 554 592 insulam
581 563 736 607 capere
753 563 840 590 non
863 556 1115 606 potuerant.
1141 548 1236 590 Hoc
1260 562 1400 590 unum
1423 547 1479 592 ad
1501 548 1611 609 pris-

210 631 346 674 tinam
373 628 596 672 fortunam
621 626 783 671 Caesari
811 626 964 670 defuit.

271 711 459 754 XXVII.
497 711 654 752 Hostes
685 706 841 768 proelio
882 709 1097 768 superati,
1138 707 1268 752 simul
1308 719 1439 771 atque
1473 727 1518 755 se
1558 728 1610 756 ex

208 791 309 852 fuga
327 799 607 850 receperunt,
630 789 779 832 statim
804 788 860 833 ad
885 791 1104 834 Caesarem
1126 788 1294 851 legatos
1317 790 1370 835 de
1394 808 1502 852 pace
1526 793 1609 836 mi-

209 879 360 915 serunt
383 887 390 914 :
412 869 585 914 obsides
605 869 805 925 daturos,
831 886 1016 931 quaeque
1064 870 1340 932 imperasset,
1361 889 1453 917 sese
1470 872 1611 917 factu-

207 968 298 1008 ros,
328 950 514 1012 polliciti
543 961 659 995 sunt.
685 952 788 995 Una
810 967 912 995 cum
939 951 1007 995 his
1033 952 1188 1013 legatis
1215 953 1447 997 Commius
1478 956 1609 999 Atre-

207 1033 282 1077 bas
313 1033 462 1089 venit,
496 1049 626 1093 quem
662 1049 795 1093 supra
832 1032 1242 1077 demonstraveram
1280 1051 1306 1078 a
1344 1035 1516 1079 Caesare
1563 1037 1609 1080 in

206 1114 484 1158 Britanniam
506 1113 794 1174 praemissum.
814 1115 947 1157 Hunc
964 1112 1026 1157 illi
1042 1115 1178 1159 enavi
1199 1131 1449 1177 egressum,
1469 1133 1609 1178 quum

206 1195 262 1239 ad
298 1212 372 1239 eos
405 1196 593 1239 oratoris
626 1193 758 1238 modo
799 1195 1078 1256 imperatoris
1114 1195 1326 1241 mandata
1366 1198 1607 1258 perferret,

208 1276 666 1337 comprehenderant,
698 1286 831 1337 atque
862 1277 906 1320 in
932 1276 1112 1321 vincula
1141 1278 1422 1339 conjecerant
1451 1297 1461 1324 :
1490 1290 1608 1340 tum,

207 1356 363 1418 proelio
395 1357 532 1413 facto,
566 1358 859 1413 remiserunt,
892 1367 937 1400 et
967 1358 1013 1400 in
1047 1358 1238 1418 petenda
1267 1376 1396 1420 pace,
1419 1362 1512 1422 ejus
1547 1364 1611 1408 rei

206 1438 383 1500 culpam
418 1440 464 1482 in
496 1437 830 1482 multitudinem
860 1437 1173 1495 contulerunt,
1205 1450 1273 1496 et,
1304 1451 1488 1502 propter
1524 1442 1610 1486 im-

208 1519 493 1581 prudentiam
518 1529 568 1563 ut
594 1520 918 1581 ignosceretur,
946 1520 1216 1579 petiverunt.
1240 1522 1386 1565 Caesar
1407 1533 1609 1583 questus,

206 1600 349 1663 quod,
378 1617 517 1662 quum
547 1599 664 1644 ultro
693 1601 738 1643 in
766 1601 1073 1644 continentem
1098 1599 1254 1662 legatis
1280 1603 1420 1647 missis
1452 1621 1606 1665 pacem

207 1699 231 1727 a
254 1697 298 1726 se
325 1682 560 1743 petissent,
590 1680 758 1726 bellum
792 1682 885 1725 sine
913 1698 1044 1726 causa
1074 1681 1348 1740 intulissent,
1377 1685 1609 1747 ignoscere

206 1762 519 1824 imprudentiae
550 1763 680 1820 dixit,
711 1762 975 1824 obsidesque
1008 1764 1248 1825 imperavit
1279 1783 1288 1809 ε
1321 1782 1514 1827 quorum
1542 1767 1604 1813 illi

206 1853 378 1905 partem
415 1846 563 1889 statim
609 1844 853 1900 dederunt,
894 1853 1094 1904 partem,
1129 1862 1183 1889 ex
1222 1845 1607 1909 longinquioribus

207 1922 314 1969 locis
350 1927 630 1982 arcessitam,
672 1926 824 1986 paucis
854 1924 1008 1969 diebus
1043 1942 1134 1969 sese
1169 1927 1349 1972 daturos
1382 1929 1605 1976 dixerunt.

206 2007 382 2051 Interea
405 2024 505 2051 suos
528 2007 770 2067 remigrare
791 2007 836 2049 in
860 2022 989 2068 agros
1008 2006 1238 2067 jusserunt
1264 2025 1273 2052 :
1297 2010 1606 2072 principesque

208 2087 405 2148 undique
436 2088 696 2143 convenire,
726 2097 767 2130 et
794 2102 839 2131 se
863 2088 1150 2150 civitatesque
1174 2105 1273 2133 suas
1298 2091 1460 2135 Caesari
1485 2109 1607 2137 com-

207 2167 418 2212 mendare
439 2177 682 2229 coeperunt.

269 2251 480 2295 XXVIII.
517 2250 597 2294 His
617 2250 749 2294 rebus
772 2267 881 2311 pace
905 2250 1187 2309 confirmata,
1213 2263 1313 2313 post
1335 2253 1451 2298 diem
1472 2271 1606 2316 quar-

207 2342 320 2389 tam,
347 2348 480 2392 quam
517 2341 582 2375 est
608 2332 652 2374 in
682 2333 958 2376 Britanniam
986 2343 1190 2391 ventum,
1223 2351 1355 2380 naves
1389 2352 1522 2394 xvnl,
1552 2337 1606 2382 de

205 2413 367 2475 quibus
387 2429 519 2474 supra
534 2412 886 2458 demonstratum
904 2425 989 2470 est,
1010 2431 1107 2475 quae
1125 2416 1294 2476 equites
1317 2417 1605 2475 sustulerant,

206 2512 260 2540 ex
286 2495 513 2556 superiore
534 2504 668 2555 portu
699 2493 785 2538 leni
804 2505 936 2539 vento
961 2494 1200 2541 solverunt.
1225 2498 1337 2556 Quae
1364 2515 1502 2559 quum
1526 2516 1605 2561 ap-

207 2577 560 2638 propinquarent
583 2575 841 2633 Britanniae,
865 2586 906 2621 et
931 2593 983 2621 ex
1007 2578 1160 2621 castris
1184 2578 1458 2637 viderentur,
1484 2590 1606 2633 tanta

212 2668 444 2720 tempestas
470 2657 618 2702 subito
647 2666 797 2701 coorta
820 2667 905 2712 est,
937 2668 986 2702 ut
1012 2656 1133 2703 nulla
1160 2675 1311 2704 earum
1339 2676 1518 2706 cursum
1544 2671 1605 2707 te·
1646 2676 1650 2683 ’
