1972 3356
565 231 633 267 DE
662 233 823 269 BELLO
854 235 1072 270 GALLICO
1102 236 1193 272 LIB.
1218 237 1286 274 IV.
1585 239 1634 287 89

216 327 297 361 aut
333 316 493 377 quibus
534 318 750 362 institutis
786 328 1041 376 uterentur,
1083 338 1226 383 neque
1269 324 1344 384 qui
1386 334 1528 369 essent
1577 325 1633 369 ad

220 398 435 459 majorum
464 399 646 443 navium
680 398 1014 445 multitudinem
1050 402 1198 448 idonei
1229 413 1408 466 portus,
1433 406 1630 467 reperire

214 489 400 539 poterat.

278 563 401 605 XXI.
427 560 497 605 Ad
521 561 614 605 haec
646 562 975 623 cognoscenda,
1006 565 1267 626 priusquam
1291 568 1541 628 periculum
1567 570 1629 615 fa-

213 651 352 700 ceret,
383 641 594 686 idoneum
615 658 708 686 esse
737 642 998 700 arbitratus,
1020 646 1070 691 C.
1091 645 1371 692 Volusenum
1393 666 1496 693 cum
1524 653 1627 695 navi

213 724 345 786 longa
374 724 620 785 praemittit.
648 725 765 769 Huic
797 726 1000 784 mandat,
1029 728 1116 786 uti,
1145 728 1386 790 exploratis
1419 733 1626 777 omnibus

211 807 360 865 rebus,
387 807 443 852 ad
472 826 517 853 se
546 826 681 870 quam
710 810 907 871 primum
936 820 1202 855 revertatur.
1228 813 1330 873 Ipse
1355 829 1455 859 cum
1481 816 1627 859 omni-

209 890 292 935 bus
318 891 459 952 copiis
486 888 531 934 in
557 892 763 936 Morinos
787 891 1108 953 proficiscitur,
1131 892 1253 954 quod
1283 894 1386 939 inde
1408 905 1502 939 erat
1525 896 1627 941 bre-

210 973 416 1018 vissimus
456 974 501 1017 in
536 973 817 1018 Britanniam
855 974 1080 1035 trajectus.
1118 977 1218 1019 Huc
1258 992 1392 1021 naves
1430 977 1628 1040 undique

209 1071 263 1098 ex
283 1054 485 1099 finitimis
503 1055 786 1117 regionibus,
806 1065 869 1112 et,
895 1071 1030 1116 quam
1052 1054 1281 1117 superiore
1300 1067 1449 1103 aestate
1464 1059 1521 1103 ad
1540 1062 1627 1104 Ve-

210 1138 406 1181 neticum
434 1135 603 1181 bellum
634 1136 825 1193 fecerat,
856 1136 1041 1181 classem
1064 1138 1194 1199 jubet
1223 1140 1477 1185 convenire.
1503 1143 1628 1186 Inte-

210 1219 315 1276 rim,
345 1217 531 1263 consilio
555 1219 649 1280 ejus
679 1219 878 1280 cognito,
901 1229 945 1263 et
964 1236 1043 1280 per
1071 1231 1342 1266 mercatores
1372 1221 1545 1283 perlato
1571 1224 1627 1267 ad

209 1300 470 1357 Britannos,
496 1316 520 1343 a
540 1298 846 1361 compluribus
866 1301 960 1361 ejus
989 1301 1144 1346 insulae
1167 1303 1420 1348 civitatibus
1445 1304 1501 1348 ad
1524 1321 1626 1349 eum

209 1380 342 1443 legati
379 1382 588 1436 veniunt,
616 1381 693 1441 qui
720 1380 1018 1442 polliceantur
1045 1382 1219 1427 obsides
1244 1383 1367 1440 dare,
1388 1395 1521 1446 atque
1544 1386 1627 1430 im-

208 1464 332 1524 perio
357 1461 513 1524 populi
543 1464 717 1508 romani
744 1463 1068 1524 obtemperare.
1097 1465 1275 1522 Quibus
1299 1465 1486 1522 auditis,
1516 1465 1627 1511 lihe-

206 1545 360 1591 raliter
380 1544 631 1607 pollicitus,
655 1547 970 1606 hortatusque,
993 1555 1039 1589 ut
1064 1546 1106 1589 in
1135 1563 1183 1590 ea
1215 1549 1435 1592 sententia
1456 1566 1627 1610 perma-

207 1638 362 1673 nerent
378 1663 390 1684 ,
409 1645 484 1673 eos
501 1628 687 1673 domuin
711 1628 921 1684 remittit;
946 1637 991 1671 et
1012 1645 1115 1671 cum
1141 1628 1210 1672 his
1234 1646 1324 1673 una
1343 1631 1624 1691 Commium,

205 1727 339 1770 quem
369 1711 485 1772 ipse,
522 1710 811 1755 Atrebatibus
842 1711 1080 1771 superatis,
1110 1727 1259 1772 regem
1290 1711 1350 1755 ibi
1383 1715 1626 1759 constitue-

204 1803 294 1848 rat,
324 1793 453 1854 cujus
488 1803 532 1838 et
557 1793 771 1837 virtutem
801 1802 846 1835 et
877 1790 1115 1835 consilium
1147 1793 1391 1852 probabat,
1419 1805 1465 1840 et
1491 1813 1624 1857 quem

204 1875 288 1919 sibi
318 1874 496 1919 fidelem
524 1874 851 1928 arbitrabatur,
878 1874 1094 1934 cujusque
1121 1875 1363 1919 auctoritas
1397 1877 1442 1920 in
1471 1877 1523 1922 iis
1555 1896 1625 1923 re-

205 1957 411 2019 gionibus
445 1958 597 2018 magni
626 1955 896 2009 habebatur,
936 1956 1086 1998 mittit.
1124 1956 1240 1999 Huic
1270 1957 1485 2018 imperat,
1514 1977 1623 2021 quas

205 2040 369 2099 possit,
404 2038 535 2082 adeat
564 2038 786 2093 civitates,
821 2037 1138 2097 horteturque,
1175 2047 1225 2081 ut
1262 2038 1418 2100 populi
1448 2043 1622 2085 romani

205 2120 338 2165 fidem
368 2129 636 2182 sequantur,
672 2135 806 2180 seque
839 2117 1044 2162 celeriter
1073 2135 1124 2161 eo
1159 2128 1401 2164 venturum
1429 2124 1618 2167 nuntiet.

206 2201 477 2258 Volusenus,
507 2201 748 2262 perspectis
781 2200 1065 2262 regionibus,
1105 2210 1324 2261 quantum
1359 2203 1399 2246 ei
1433 2202 1619 2248 faculta-

205 2286 258 2329 tis
287 2284 383 2328 dari
407 2284 576 2345 potuit,
607 2284 683 2344 qui
714 2284 816 2326 navi
849 2282 1000 2344 egredi
1027 2300 1077 2327 ac
1106 2300 1151 2327 se
1183 2284 1384 2329 barbaris
1412 2288 1619 2331 commit—

204 2376 298 2410 tere
339 2382 428 2410 non
476 2364 680 2421 auderet,
715 2365 873 2426 quinto
907 2364 979 2408 die
1011 2364 1066 2408 ad
1103 2366 1322 2409 Caesarem
1358 2368 1618 2425 revertitur3

204 2463 390 2509 quaeque
415 2447 475 2491 ibi
499 2448 812 2508 perspexisset,
836 2447 1078 2491 renuntiat.

267 2530 413 2573 XXII.
442 2529 563 2573 Dum
605 2528 650 2571 in
674 2527 743 2572 his
778 2527 885 2572 locis
920 2530 1069 2573 Caesar
1099 2529 1283 2573 navium
1316 2530 1614 2590 parandarum

203 2627 335 2656 causa
358 2621 580 2667 moratur,
612 2626 663 2654 ex
690 2626 852 2672 magna
881 2620 1006 2672 parte
1031 2611 1313 2655 Morinorum
1344 2611 1398 2654 ad
1423 2628 1525 2656 eum
1554 2610 1615 2657 le-

205 2694 293 2756 gati
314 2702 552 2749 venerunt,
583 2693 658 2752 qui
688 2708 733 2736 se
757 2691 810 2735 de
835 2693 1075 2752 superioris
1100 2693 1308 2754 temporis
1334 2691 1518 2737 consilio
1541 2708 1615 2737 ex-
