1972 3356
544 194 610 228 DE
642 194 801 229 BELLO
831 194 1047 229 GALLICO
1076 194 1167 229 LIB.
1194 195 1240 229 ΙΙ.
1546 200 1589 234 41

192 276 438 336 antiquitus
475 277 698 322 traductos
732 288 915 339 propter
956 277 1041 321 loci
1083 277 1355 322 fertilitatem
1392 276 1451 320 ibi
1487 293 1594 320 con-

193 355 377 414 sedisse,
402 356 643 419 Gallosque
658 393 669 414 ,
690 360 766 419 qui
787 376 837 403 ea
858 358 954 402 loca
978 357 1242 415 incolerent,
1265 357 1504 420 expulisse3
1530 375 1595 401 so-

192 435 344 498 losque
369 454 489 496 esse,
508 439 583 498 qui
609 448 787 499 patrum
807 448 1063 482 nostrorum
1086 440 1318 497 memoria,
1344 439 1466 483 omni
1491 437 1595 484 Gal-

192 515 247 561 lia
271 528 449 573 vexata,
472 520 694 562 Teutones
716 519 1011 579 Cimbrosque
1033 520 1150 562 intra
1170 519 1278 563 fines
1300 537 1400 564 suos
1422 518 1593 581 ingredi

191 598 513 660 prohibuerint.
542 600 644 656 Qua
669 615 722 642 ex
742 615 788 642 re
809 598 905 642 fieri
919 634 929 653 ,
950 600 1014 642 uti
1035 615 1188 642 earum
1208 615 1358 643 rerum
1383 600 1595 644 memoria

190 695 396 740 magnam
417 679 499 723 sibi
524 680 854 736 auctoritatem,
879 696 1152 742 magnosque
1175 680 1357 741 spiritus
1382 680 1427 723 in
1452 696 1499 723 re
1518 681 1597 723 mi-

190 758 307 803 litari
331 770 570 804 sumerent.
601 762 670 804 De
693 778 880 805 numero
909 778 1063 805 eorum
1087 762 1237 805 onmia
1263 777 1307 804 se
1332 760 1496 804 habere
1520 777 1596 804 ex-

190 839 382 902 plorata,
414 843 544 886 Remi
577 842 803 897 dicebant,
834 853 1070 904 propterea
1101 842 1221 903 quod
1250 842 1595 904 propinquitati-

189 922 266 966 bus
295 922 677 984 affinitatibusque
709 924 953 985 conjuncti,
982 933 1195 984 quantam
1227 924 1413 984 quisque
1444 922 1596 966 multi-

189 1005 387 1051 tudinem
426 1006 471 1049 in
507 1005 734 1049 conimuni
770 1004 1007 1068 Belgarum
1040 1003 1231 1049 concilio
1259 1004 1311 1048 ad
1347 1004 1390 1047 id
1430 1003 1597 1048 bellum

190 1086 413 1148 pollicitus
449 1087 524 1143 sit,
564 1087 869 1148 cognoverint.
904 1086 1155 1131 Plurimum
1190 1087 1306 1130 inter
1341 1102 1414 1129 eos
1451 1084 1596 1129 Bello-

190 1185 339 1225 vacos,
364 1177 408 1212 et
427 1168 612 1223 virtute,
632 1177 675 1211 et
695 1167 978 1223 auctoritate,
1003 1177 1046 1212 et
1064 1168 1299 1212 hominum
1318 1184 1506 1211 numero
1526 1184 1598 1210 va-

191 1247 281 1294 lere
307 1266 316 1294 :
340 1249 420 1293 hos
446 1266 572 1310 posse
596 1248 814 1292 conficere
842 1258 1011 1293 armata
1040 1247 1179 1292 millia
1207 1259 1407 1304 centum3
1434 1247 1599 1309 pollici-

192 1340 257 1375 tos
287 1347 340 1374 ex
377 1347 428 1373 eo
463 1345 651 1372 numero
681 1328 818 1372 electa
855 1328 993 1372 millia
1028 1345 1106 1385 Lx,
1131 1330 1356 1388 totiusque
1378 1328 1482 1373 belli
1514 1330 1597 1372 im-

193 1410 362 1470 perium
391 1411 472 1454 sibi
508 1408 734 1471 postulare
765 1426 774 1452 :
816 1410 1072 1453 Suessiones
1106 1426 1208 1453 suos
1239 1425 1330 1453 esse
1365 1409 1597 1461 finitimos;

191 1490 425 1536 latissimos
440 1491 824 1552 feracissimosque
835 1507 963 1552 agros
978 1489 1224 1552 possidere,
1243 1489 1362 1551 apud
1378 1506 1451 1534 eos
1465 1489 1598 1534 fuisse

189 1589 339 1634 regem
369 1582 520 1617 nostra
549 1573 682 1618 etiam
714 1572 929 1616 memoria
954 1572 1248 1622 Divitiacum,
1283 1571 1419 1615 totius
1441 1569 1598 1615 Galliae

190 1655 573 1715 potentissimum,
618 1655 693 1715 qui
731 1670 831 1697 cum
870 1670 1040 1715 magnae
1080 1653 1217 1714 partis
1256 1653 1415 1696 harum
1457 1653 1598 1714 regio—

187 1753 320 1792 num,
351 1745 446 1780 tum
471 1736 602 1780 etiam
634 1736 875 1779 Britanniae
908 1736 1144 1796 imperium
1177 1735 1422 1779 obtinuerit
1448 1752 1599 1778 :nunc

189 1834 282 1861 esse
317 1834 467 1880 regem
506 1816 717 1873 Galbam3
752 1816 807 1861 ad
844 1817 986 1873 hunc,
1024 1826 1206 1878 propter
1237 1817 1458 1877 justitiam
1492 1833 1598 1877 pru-

189 1898 473 1960 dentiamque
491 1934 502 1956 ,
523 1915 742 1943 summam
764 1899 900 1942 totius
922 1896 1025 1941 belli
1046 1898 1250 1941 omnium
1275 1897 1505 1942 voluntate
1527 1897 1599 1941 de-

190 1978 295 2023 ferri
319 1996 328 2023 :
354 1980 518 2041 oppida
540 1980 703 2024 habere
726 1996 914 2023 numero
937 1994 1025 2033 ΧΠ,
1044 1977 1246 2039 polliceri
1266 1977 1406 2023 millia
1429 1988 1598 2023 armata

192 2060 536 2123 quinquaginta3
571 2060 758 2105 totidem
789 2061 1000 2114 Nervios,
1034 2061 1111 2121 qui
1145 2061 1335 2104 maxime
1363 2061 1443 2104 feri
1481 2061 1598 2104 inter

190 2142 308 2203 ipsos
340 2142 607 2199 habeantur,
635 2140 981 2203 longissimeque
1008 2142 1153 2186 absint
1185 2159 1193 2186 :
1223 2157 1284 2185 xv
1313 2140 1452 2185 millia
1475 2143 1601 2186 Atre·

189 2222 311 2267 bates
335 2240 345 2267 :
379 2223 619 2268 Ambianos
639 2240 671 2267 Χ
695 2220 834 2267 millia
863 2240 872 2266 :
898 2223 1100 2267 Morinos
1129 2239 1220 2267 xxv
1249 2221 1386 2267 millia
1409 2240 1417 2267 :
1442 2225 1599 2267 Mena-

190 2306 286 2366 pios
306 2321 353 2350 1x
377 2303 516 2350 millia
535 2322 545 2349 :
567 2304 744 2350 Caletos
766 2321 797 2348 Χ
817 2303 954 2348 millia
980 2322 989 2348 :
1011 2303 1269 2350 Velocasses
1290 2314 1335 2348 et
1351 2306 1599 2349 Veroman-

190 2386 300 2430 duos
321 2386 507 2431 totidem
536 2403 544 2429 :
570 2385 828 2431 Aduatucos
851 2402 961 2431 XXIX
979 2384 1118 2429 millia
1140 2403 1148 2429 :
1170 2385 1452 2442 Condrusos,
1477 2386 1597 2431 Ebu-

189 2484 345 2525 roneS,
384 2470 611 2523 Caeraesos,
649 2469 896 2525 Paemanos,
936 2468 1013 2528 qui
1048 2483 1138 2511 uno
1174 2467 1354 2513 nomine
1382 2469 1597 2512 Germani

189 2548 496 2611 appellantur,
520 2548 726 2593 arbitrari
751 2548 806 2592 ad
833 2565 894 2593 xv
921 2547 1074 2593 millia.

253 2632 309 2676 V.
337 2632 684 2691 emm-,Remos
720 2629 995 2688 cohortatus,
1031 2629 1362 2692 liberaliterque
1394 2631 1596 2676 oratione
