1972 3356
571 209 637 244 DE
668 209 828 245 BELLO
859 209 1187 246 HISPANIENSI.
1490 223 1562 258 279

175 294 390 354 Ateguam
433 310 710 355 oppugnare,
749 303 791 337 et
833 293 1010 337 brachia
1049 293 1378 338 circumducere
1418 296 1559 356 coepit.

175 374 312 434 Cujus
340 374 402 418 rei
430 375 640 436 Pompeio
666 391 803 435 quum
843 376 1022 418 nuntius
1054 385 1164 419 esset
1194 373 1371 431 allatus,
1403 392 1454 420 eo
1493 375 1562 420 die

174 454 482 515 proficiscitur.
511 455 648 516 Cujus
672 456 718 498 in
743 454 982 498 adventum
998 488 1009 510 ,
1035 454 1226 515 praesidii
1248 471 1398 510 causa,
1417 458 1563 500 Caesar

173 535 401 596 complura
426 535 601 580 castella
618 536 881 596 occupavit,
911 535 1070 596 partim
1088 535 1162 578 ubi
1183 536 1406 595 equitatus
1424 571 1435 591 ,
1462 553 1561 597 par-

173 617 249 660 tim
282 617 355 660 ubi
379 616 591 678 pedestris
615 618 740 678 copia
764 617 806 659 in
829 616 1016 660 statione
1040 625 1082 659 et
1111 616 1154 658 in
1181 615 1387 660 excubitu
1410 619 1561 662 castris

171 697 374 758 praesidio
408 714 499 742 esse
527 706 717 758 possent.
743 697 825 740 Hic
852 697 897 740 in
933 696 1126 741 adventu
1153 697 1351 758 Pomp'eii
1381 698 1560 755 incidit,

171 788 222 822 ut
244 779 463 822 matutino
488 788 687 839 tempore
710 776 871 822 nebula
897 787 1009 822 esset
1033 778 1314 822 crassissima.
1337 780 1492 839 Itaque
1518 780 1561 822 in

170 857 243 902 illa
263 858 572 903 obscuratione
588 876 689 904 cum
708 858 878 920 aliquot
898 859 1153 904 cohortibus
1175 869 1218 903 et
1242 860 1440 920 equitum
1465 870 1559 904 tur-

169 940 250 984 mis
267 939 624 985 circumcludunt
654 941 839 986 Caesaris
863 942 1028 1002 equites
1052 951 1095 985 et
1120 941 1391 996 concidunt,
1413 942 1493 996 sie,
1516 951 1562 985 ut

171 1022 242 1065 vix
267 1022 312 1065 in
340 1039 390 1066 ea
415 1021 531 1066 caede
559 1023 689 1083 pauci
714 1022 972 1084 effugerent.

233 1104 332 1148 VII.
363 1104 622 1164 Insequenti
653 1113 780 1148 nocte
806 1113 945 1148 castra
971 1120 1047 1148 sua
1079 1103 1273 1148 incendit
1299 1106 1532 1166 Pompeius
1551 1141 1560 1157 ‚

169 1193 212 1227 et
249 1193 368 1228 trans
394 1184 556 1228 flumen
594 1183 766 1229 Salsum
792 1201 870 1246 per
896 1184 1116 1229 convalles
1155 1195 1294 1230 castra
1329 1186 1442 1229 inter
1473 1185 1561 1229 duo

169 1264 350 1326 oppida,
376 1268 590 1326 Ateguam
614 1275 657 1310 et
670 1266 890 1323 Ucubim,
911 1267 955 1309 in
976 1277 1125 1312 monte
1152 1268 1392 1312 constituit.
1417 1269 1561 1312 Caesar

169 1347 214 1389 in
243 1347 589 1405 munitionibus,
612 1349 854 1409 ceterisque
876 1365 972 1410 quae
987 1348 1042 1393 ad
1057 1348 1271 1411 oppidum
1294 1366 1559 1411 oppugnan-

169 1427 274 1472 dum
301 1445 412 1490 opus
448 1428 660 1487 fuerunt,
689 1447 892 1492 aggerem
932 1431 1170 1492 vineasque
1197 1448 1326 1493 agere
1357 1432 1555 1476 instituit.

168 1512 270 1554 Haec
298 1508 394 1554 loca
425 1520 528 1554 sunt
563 1521 796 1555 montuosa
813 1546 824 1568 ,
853 1521 895 1556 et
922 1522 1079 1556 natura
1104 1512 1220 1556 edita
1244 1512 1298 1556 ad
1325 1530 1416 1557 rem
1445 1512 1558 1557 inili-

168 1600 328 1646 tarem3
353 1607 450 1651 quae
477 1590 657 1652 planitie
685 1591 944 1637 dividuntur
973 1592 1096 1637 Salso
1126 1594 1336 1648 flumine,
1361 1595 1558 1655 proxime

167 1682 310 1716 tamen
332 1675 566 1734 Ateguam,
589 1683 638 1717 ut
660 1673 715 1717 ad
734 1673 898 1718 ssumen
928 1674 1014 1718 sint
1038 1676 1214 1719 circiter
1237 1691 1446 1736 passuum
1471 1675 1558 1719 duo

167 1753 316 1797 millia.
343 1757 409 1798 Ex
434 1771 483 1798 ea
517 1755 694 1815 regione
719 1755 870 1816 oppidi
897 1756 942 1798 in
971 1756 1195 1799 montibus
1228 1766 1369 1799 castra
1405 1757 1558 1800 habuit

165 1836 402 1896 Pompeius
430 1836 473 1878 in
503 1845 743 1896 conspectu
778 1846 1069 1896 utrorumque
1097 1836 1387 1898 oppidorum,
1416 1854 1557 1898 neque

165 1918 254 1962 suis
279 1934 410 1961 ausus
438 1927 502 1962 est
533 1916 727 1961 subsidio
758 1918 922 1961 venire.
952 1917 1134 1979 Aquilas
1171 1928 1213 1962 et
1248 1919 1371 1980 signa
1402 1919 1555 1962 habuit

164 2015 250 2043 xin
271 1997 493 2060 legionum
512 2016 523 2054 3
546 1999 619 2042 sed
634 2034 645 2056 ,
675 2016 726 2042 ex
745 1999 904 2059 quibus
933 1998 1099 2060 aliquid
1121 1999 1386 2043 firmamenti
1407 2016 1451 2043 se
1469 2001 1556 2043 exi-

161 2080 367 2124 stimabat
386 2080 570 2136 habere,
598 2080 694 2124 duae
717 2080 896 2125 fuerunt
926 2080 1186 2138 vernaculae,
1215 2098 1310 2142 quae
1338 2098 1362 2124 a
1387 2081 1554 2125 Trebo-

160 2162 234 2205 nio
264 2161 614 2223 transfugerant;
644 2178 751 2219 una,
781 2162 892 2207 facta
916 2180 967 2206 ex
1005 2162 1218 2217 coloniis,
1252 2180 1350 2224 quae
1375 2163 1555 2207 fuerunt

160 2244 202 2285 in
225 2242 292 2286 his
310 2243 587 2304 regionibu83
604 2253 759 2304 quarta
785 2243 867 2288 fuit
892 2244 1128 2289 Afraniana
1143 2262 1195 2288 ex
1222 2244 1396 2301 Africa,
1418 2261 1551 2305 quam

159 2340 306 2367 secum
342 2323 614 2377 adduxerat3
641 2323 819 2385 reliquae
848 2342 900 2369 ex
924 2325 1118 2386 fugitivis
1149 2324 1381 2369 auxiliares
1406 2326 1549 2369 consi-

157 2404 330 2447 stebant
358 2421 366 2448 :
400 2421 500 2448 nam
520 2440 532 2459 ‚
557 2405 610 2449 de
642 2404 725 2449 levi
753 2416 978 2450 armatura
1011 2415 1053 2450 et
1082 2407 1304 2467 equitatu,
1341 2405 1470 2467 longe
1508 2416 1550 2450 et

157 2486 317 2529 virtute
342 2496 387 2530 et
410 2503 596 2530 numero
617 2487 755 2531 nostri
784 2498 910 2532 erant
938 2488 1200 2549 superiores.

221 2568 342 2611 VIII.
371 2567 619 2612 Accedebat
636 2568 745 2626 huc,
767 2578 815 2612 ut
836 2567 1010 2631 longius
1034 2566 1199 2613 bellum
1220 2568 1398 2613 duceret
1421 2569 1550 2612 Porn-

156 2649 279 2708 peius
298 2683 308 2703 ,
344 2648 459 2709 quod
491 2648 584 2692 loca
612 2659 713 2693 sunt
741 2648 876 2708 edita,
905 2660 945 2694 et
981 2648 1032 2694 ad
1062 2659 1303 2694 castrorum
1334 2650 1544 2694 munitio·
