1972 3356
594 198 661 233 DE
690 199 854 234 BELLO
883 198 1035 234 CIVILI
1065 198 1157 233 LIB.
1187 198 1252 234 111.
1545 208 1615 245 ¹²9

215 281 449 342 Pompeius
485 282 645 326 sentire
679 292 846 343 posset;
887 292 930 326 et
974 282 1149 326 tametsi
1189 290 1314 325 erant
1354 281 1620 325 munitiones

214 371 459 406 castrorum
491 379 679 424 magnae,
716 372 861 407 tamen
893 363 1072 407 sinistro
1097 379 1235 406 cornu
1252 397 1263 418 ‚
1289 362 1364 407 ubi
1391 371 1485 406 erat
1512 363 1619 423 ipse,

214 441 413 487 celeriter
435 458 664 505 aggressus
686 443 978 504 Pompeianos
1000 459 1049 486 ex
1076 442 1189 487 vallo
1214 442 1483 487 deturbavit.
1508 445 1616 488 Erat

215 523 413 584 objectus
458 524 598 585 portis
647 523 820 568 ericius.
860 525 943 567 Hic
982 522 1205 584 paulisper
1247 533 1311 568 est
1349 533 1617 586 pugnatum,

213 621 350 666 quum
378 606 622 667 irrumpere
650 604 789 649 nostri
815 612 1101 660 conarentur,
1139 602 1201 647 illi
1229 613 1373 648 castra
1400 603 1608 649 defende-

212 696 330 742 rent,
354 685 590 730 fortissime
613 688 663 730 T.
691 684 924 742 Pulcione,
949 686 1077 746 cujus
1100 701 1233 746 opera
1254 685 1481 746 proditum
1503 703 1619 730 exer-

212 767 348 811 citum
370 768 420 812 C.
445 767 630 812 Antonii
652 765 1075 824 demonstravimus,
1099 783 1122 809 e
1143 764 1242 810 loco
1263 777 1579 828 propugnante
1607 785 1614 810 :

210 846 287 892 sed
328 856 478 892 tamen
524 847 665 892 nostri
707 847 873 892 virtute
908 848 1134 904 vicerunt,
1178 848 1410 908 excisoque
1450 848 1613 903 ericio,

210 928 355 990 primo
383 929 428 973 in
456 929 625 991 majora
653 938 817 985 castra,
845 938 945 990 post
972 929 1106 973 etiam
1133 929 1179 972 in
1210 927 1464 984 castellum,
1492 928 1610 988 quod

209 1019 305 1054 erat
326 1008 546 1055 inclusum
569 1010 813 1071 majoribus
837 1011 991 1054 castris
1007 1044 1018 1065 ,
1044 1011 1327 1071 irruperunt,
1352 1020 1396 1054 et
1419 1008 1539 1071 quod
1565 1026 1617 1053 eo

209 1090 334 1152 pulsa
364 1089 478 1154 legio
522 1108 613 1136 sese
651 1101 902 1152 receperat,
950 1090 1191 1136 nonnullos
1226 1091 1285 1135 ibi
1319 1099 1619 1153 repugnantes

209 1171 531 1218 interfecerunt.

273 1254 478 1299 LXVIII.
519 1253 607 1299 Sed
641 1254 843 1313 fortuna,
873 1272 970 1317 quae
1000 1254 1244 1317 plurimum
1280 1263 1446 1316 potest,
1479 1270 1617 1315 quum

210 1335 255 1378 in
283 1333 463 1397 reliquis
501 1335 651 1391 rebus,
688 1346 782 1381 tum
825 1339 1044 1399 praecipue
1081 1337 1127 1381 in
1163 1335 1310 1393 bello,
1350 1336 1497 1397 parvis
1521 1352 1616 1379 mo-

210 1416 368 1460 mentis
405 1432 585 1479 magnas
620 1434 768 1462 rerum
808 1419 1178 1463 commutationes
1212 1416 1347 1461 efficit
1382 1434 1390 1459 :
1433 1427 1483 1460 ut
1524 1427 1618 1460 tum

208 1496 381 1541 accidit.
421 1498 741 1553 Munitionem,
781 1516 913 1560 quam
954 1500 1175 1561 pertinere
1201 1514 1224 1542 a
1254 1498 1408 1542 castris
1444 1496 1499 1540 ad
1536 1497 1619 1540 ssu-

208 1595 308 1622 men
349 1594 482 1640 supra
514 1578 940 1635 demonstravimus,
970 1579 1113 1624 dextri
1146 1579 1332 1624 Caesaris
1367 1594 1506 1623 cornu
1544 1595 1618 1622 co-

208 1659 382 1717 hortes,
407 1661 659 1723 ignorantia
684 1659 792 1716 loci,
813 1671 917 1705 sunt
934 1670 1117 1717 secutae,
1140 1676 1280 1721 quum
1304 1669 1477 1721 portam
1503 1676 1619 1721 quae-

209 1751 378 1798 rerent,
402 1752 739 1803 castrorumque
765 1758 860 1786 eam
890 1742 1186 1786 munitionem
1220 1758 1312 1785 esse
1350 1740 1618 1785 arbitraren-

208 1832 296 1867 tur.
328 1822 463 1880 Quod
490 1839 629 1884 quum
654 1832 769 1867 esset
796 1821 1176 1875 animadversum,
1205 1822 1491 1882 conjunctam
1526 1838 1618 1865 esse

210 1904 410 1963 flumini,
449 1905 643 1967 prorutis
681 1904 748 1948 his
784 1903 1130 1959 munitionibus,
1160 1901 1426 1947 defendente
1466 1901 1615 1960 nullo,

211 1985 604 2043 transcenderunt,
628 1986 861 2048 omnisque
889 1995 1041 2030 noster
1063 1986 1286 2047 equitatus
1311 2000 1382 2029 eas
1407 1984 1615 2029 cohortes

210 2077 274 2112 est
298 2077 482 2112 secutus.

276 2150 437 2194 LXIX.
467 2150 649 2194 Interim
676 2149 936 2211 Pompeius,
969 2149 1051 2193 hac
1081 2149 1184 2193 satis
1216 2147 1347 2210 longa
1383 2148 1618 2209 interjecta

212 2247 361 2288 mora,
384 2239 426 2275 et
449 2247 496 2275 re
520 2231 745 2286 nuntiata,
768 2231 971 2292 quintam
997 2229 1234 2293 legionem,
1274 2229 1330 2274 ab
1371 2245 1504 2290 opere
1544 2228 1618 2273 de-

214 2310 414 2370 ductam,
439 2311 636 2357 subsidio
658 2312 748 2357 suis
772 2311 900 2357 duxit
924 2330 933 2357 :
959 2312 1201 2373 eodemque
1226 2321 1427 2372 tempore
1451 2311 1619 2372 equita-

215 2402 285 2437 tus
310 2393 404 2455 ejus
442 2394 604 2439 nostris
628 2394 853 2455 equitibus
888 2394 1299 2457 appropinquabat,
1327 2403 1369 2437 et
1406 2393 1519 2437 acies
1551 2393 1617 2436 in-

213 2484 379 2519 structa
403 2492 427 2520 a
452 2477 637 2532 nostris,
665 2477 742 2537 qui
769 2486 912 2521 castra
939 2485 1292 2538 occupaverant,
1320 2474 1586 2519 cernebatur
1605 2509 1616 2530 ,

215 2557 452 2618 omniaque
491 2567 594 2601 sunt
625 2557 772 2603 subito
808 2568 990 2603 mutata.
1028 2558 1294 2620 Pompeiana
1328 2556 1447 2600 enim
1477 2554 1616 2618 legio,

218 2636 369 2683 celeris
399 2655 475 2700 spe
504 2639 685 2684 subsidii
716 2639 999 2698 confirmata,
1024 2641 1078 2685 ab
1100 2642 1357 2685 Decumana
1392 2647 1521 2699 porta
1550 2653 1617 2682 re-

417 2737 464 2764 11.
1394 2735 1424 2780 9
