1972 3356
506 175 573 210 DE
602 176 765 211 BELLO
797 176 951 211 CIVILI
980 176 1070 210 LIB.
1102 176 1130 211 Ι.
1466 172 1513 210 35

130 259 351 313 bicorum,
371 258 425 302 de
450 259 611 319 quibus
624 274 755 320 supra
776 259 1124 303 demonstratum
1143 269 1233 314 est,
1253 259 1514 320 imponunt,

130 349 263 400 atque
294 339 375 383 hos
404 339 592 400 praemiis
621 339 1104 400 pollicitationibusque
1131 340 1331 383 incitant.
1357 340 1513 383 Certas

131 420 211 463 sibi
238 419 433 480 deposcit
456 436 589 463 naves
612 420 858 475 Domitius,
894 428 1026 479 atque
1060 420 1137 463 has
1170 419 1337 463 colonis
1366 428 1516 480 pasto-

131 501 358 561 ribusque,
379 517 487 560 quos
501 516 648 544 secum
665 498 931 554 adduxerat,
959 498 1162 560 complet.
1187 501 1280 555 Sic,
1310 500 1516 545 omnibus

131 580 261 624 rebus
287 582 500 624 instructa
527 579 685 636 classe,
710 596 869 640 magna
900 578 1062 622 fiducia
1093 578 1146 622 ad
1175 588 1347 622 nostras
1384 596 1516 624 naves

132 660 400 722 procedunt,
429 660 589 720 quibus
613 669 798 720 praeerat
829 661 883 703 D.
910 662 1084 703 Brutus.
1114 661 1192 702 Hae
1223 659 1277 703 ad
1305 658 1515 715 insulam,

132 757 226 801 quae
253 751 315 785 est
339 750 492 784 contra
519 739 782 795 Massiliam,
812 740 1024 784 stationes
1052 739 1324 784 obtinebant.

195 823 332 866 LVII.
370 823 476 865 Erat
510 819 649 865 multo
678 819 861 864 inferior
898 837 1083 864 numero
1111 821 1292 864 navium
1322 823 1515 866 Brutus:

131 901 203 946 sed
224 900 415 945 delectos
435 918 486 945 ex
499 902 704 946 omnibus
722 901 967 963 legionibus
985 901 1247 946 fortissimos
1275 903 1414 960 viros,
1441 919 1517 946 an-

131 982 400 1043 tesignanos,
428 983 728 1040 centuriones,
751 984 896 1027 Caesar
915 983 953 1026 ei
977 981 1103 1026 classi
1124 983 1412 1041 attribuerat,
1441 984 1517 1044 qui

132 1064 212 1107 sibi
233 1062 276 1106 id
306 1065 500 1108 muneris
538 1064 900 1126 depoposcerant.
927 1065 964 1109 Ii
998 1080 1152 1108 manus
1188 1063 1350 1108 ferreas
1387 1074 1519 1125 atque

131 1143 405 1205 harpagones
456 1154 740 1206 paraverant,
782 1161 1030 1206 magnoque
1069 1161 1251 1189 numero
1297 1144 1518 1206 pilorum,

132 1223 425 1285 tragularum,
462 1224 822 1286 reliquorumque
862 1225 1071 1280 telorum,
1114 1243 1157 1269 se
1204 1226 1516 1270 instruxerant.

131 1308 222 1365 lta,
248 1307 425 1368 cognito
449 1305 641 1351 hostium
667 1307 882 1363 adventu,
909 1323 1008 1350 suas
1035 1323 1166 1350 naves
1188 1323 1239 1350 ex
1257 1317 1390 1367 portu
1415 1306 1520 1350 edu-

131 1399 256 1446 cunt,
280 1404 380 1432 cum
413 1386 762 1432 Massiliensibus
798 1386 1056 1448 confligunt.
1090 1390 1346 1448 Pugnatum
1377 1388 1520 1430 utrin-

132 1486 216 1530 que
232 1479 296 1513 est
323 1469 560 1514 fortissime
584 1479 717 1530 atque
742 1469 978 1525 acerrime3
997 1484 1139 1529 neque
1166 1467 1357 1512 multum
1373 1467 1518 1512 Albici

132 1552 291 1595 nostris
331 1551 494 1594 virtute
523 1550 763 1607 cedebant,
800 1550 1001 1594 homines
1048 1551 1191 1610 asperi
1220 1559 1262 1593 et
1298 1550 1519 1605 montani,

133 1632 358 1676 exercitati
374 1632 419 1675 in
439 1632 608 1676 armis:
629 1641 760 1692 atque
784 1631 836 1686 ii,
861 1630 994 1674 modo
1016 1630 1201 1692 digressi
1225 1648 1249 1675 a
1274 1630 1520 1675 Massilien-

133 1713 274 1771 sibus,
299 1723 520 1757 recentem
542 1729 695 1756 eorum
728 1711 1100 1773 pollicitationem
1130 1712 1286 1756 animis
1323 1714 1523 1756 contine-

133 1794 259 1850 bant;
287 1804 571 1855 pastoresque
596 1793 821 1850 indomiti,
849 1809 925 1853 spe
948 1792 1164 1837 libertatis
1197 1795 1401 1851 excitati,
1439 1795 1520 1838 sub

135 1873 273 1919 oculis
294 1875 459 1919 domini
481 1891 604 1919 suam
628 1874 817 1936 probare
837 1890 1018 1935 operam
1040 1874 1293 1919 studebant.

202 1957 361 2001 LVIII.
396 1957 486 2018 Ipsi
528 1955 846 2011 Massilienses,
884 1966 926 2000 et
960 1955 1184 2000 celeritate
1230 1956 1434 2013 navium,
1479 1965 1523 1999 et

137 2038 318 2082 scientia
358 2038 703 2099 gubernatorum
736 2037 908 2095 confisi,
943 2047 1117 2082 nostros
1147 2037 1409 2093 eludebant,
1443 2038 1522 2080 im-

137 2128 351 2179 petusque
379 2135 533 2162 eorum
561 2120 840 2180 excipiebant
869 2136 878 2162 :
905 2129 974 2176 et,
1008 2118 1155 2180 quoad
1180 2117 1339 2162 licebat
1366 2117 1523 2162 latiore

138 2200 300 2261 spatio,
337 2199 551 2261 producta
597 2199 774 2261 longius
813 2201 934 2257 acie,
971 2200 1290 2244 circumvenire
1326 2209 1523 2256 nostros,

138 2290 213 2324 aut
239 2280 441 2342 pluribus
469 2281 652 2325 navibus
677 2281 841 2326 adoriri
866 2280 1062 2343 singulas
1079 2316 1090 2335 ‚
1118 2290 1194 2324 aut
1217 2297 1361 2324 remos
1378 2290 1522 2324 trans-

140 2371 365 2406 currentes
398 2360 654 2424 detergere,
684 2362 719 2406 si
748 2373 952 2424 possent,
987 2360 1320 2407 contendebant
1347 2378 1357 2404 ε
1385 2377 1523 2421 quum

140 2443 323 2504 propius
349 2453 443 2487 erat
468 2444 713 2488 necessario
736 2455 938 2501 ventum,
966 2444 1020 2488 ab
1047 2444 1227 2488 scientia
1251 2442 1525 2505 gubernato·—

141 2541 239 2568 rum
269 2534 398 2585 atque
424 2525 618 2570 artificiis
647 2524 702 2569 ad
725 2526 931 2570 virtutem
956 2536 1268 2571 montanorum
1294 2521 1523 2585 confugie-

142 2604 259 2649 bant.
287 2607 461 2657 Nostri,
495 2606 614 2667 quod
641 2606 786 2652 minus
811 2608 1055 2651 exercitatis
1080 2605 1320 2667 remigibus
1355 2604 1524 2648 minus-

1274 2683 1317 2731 3.
