1972 3356
508 243 573 278 DE
605 243 767 278 BELLO
796 243 947 277 CIVILI
978 243 1069 281 LIB.
1099 243 1164 277 ΙΙΙ.
1466 246 1530 283 141

151 329 307 381 Caesar,
342 326 457 371 nulla
488 328 655 371 ratione
689 326 743 370 ad
779 343 970 387 pugnam
997 324 1093 370 elici
1125 342 1248 386 posse
1276 327 1534 387 Pompeium

150 407 422 460 existimans,
453 408 564 452 lianc
586 408 666 451 sibi
692 407 1091 451 commodissimam
1113 405 1213 450 belli
1236 407 1448 451 rationem
1468 407 1538 467 ju-

150 486 332 542 dicavit,
361 489 423 531 uti
446 497 587 531 castra
612 503 662 530 ex
690 503 741 531 eo
762 485 857 530 loco
885 496 1108 541 moveret,
1138 503 1397 548 semperque
1424 497 1535 531 esset

150 569 193 610 in
225 568 471 623 itineribus,
495 568 585 611 haec
615 583 817 627 sperans,
842 577 916 621 ut,
941 566 1169 610 movendis
1195 568 1374 622 castris,
1403 567 1535 629 pluri-

150 648 318 709 busque
341 647 550 692 adeundis
577 646 708 703 locis,
737 646 1034 690 commodiore
1060 646 1347 691 frumentaria
1374 666 1420 693 re
1443 660 1535 694 ute-

150 738 283 785 retur,
313 727 555 788 simulque,
590 729 634 771 in
669 728 824 771 itinere
853 737 900 770 ut
934 726 1126 787 aliquam
1160 729 1433 772 occasionem
1465 730 1533 773 di-

148 808 334 852 micandi
364 809 706 864 nancisceretur,
731 817 774 851 et
794 806 1018 851 insolitum
1043 806 1097 851 ad
1120 806 1317 851 laborem
1331 811 1530 871 Pompeii

146 889 381 932 exercitum
412 888 678 949 quotidianis
705 888 934 933 itineribus
960 887 1231 949 defatigaret.
1263 889 1341 933 His
1368 891 1532 934 consti-

147 971 250 1014 tutis
279 970 435 1027 rebus,
466 971 590 1032 signo
620 971 710 1031 jam
743 969 1026 1032 profectionis
1061 969 1188 1026 dato,
1217 970 1533 1015 tabernaculis-

143 1068 228 1112 que
247 1051 437 1096 detensis
453 1086 464 1108 ,
489 1052 843 1096 animadversum
868 1061 956 1108 est,
980 1050 1112 1113 paulo
1140 1062 1261 1109 ante,
1283 1062 1407 1096 extra
1427 1069 1533 1114 quo-

145 1132 354 1176 tidianam
395 1131 783 1189 consuetudinem,
827 1131 998 1193 longius
1037 1149 1062 1176 a
1096 1131 1212 1176 vallo
1255 1149 1347 1177 esse
1391 1135 1529 1178 aciem

144 1214 338 1274 Pompeii
364 1230 661 1275 progressam,
689 1223 736 1256 ut
757 1230 846 1257 non
872 1214 1023 1274 iniquo
1052 1212 1149 1257 loco
1175 1230 1300 1274 posse
1325 1214 1530 1258 dimicari

145 1294 381 1338 videretur.
410 1297 536 1338 Tunc
562 1297 708 1339 Caesar
734 1293 849 1355 apud
880 1312 1004 1351 suos,
1031 1311 1169 1356 quum
1190 1296 1281 1356 jam
1310 1305 1422 1340 esset
1450 1313 1528 1357 ag-

146 1391 247 1418 men
274 1375 318 1419 in
344 1376 483 1436 portis
513 1392 522 1419 :
549 1395 568 1416 ε(
587 1374 898 1420 Differenduin
921 1385 1010 1430 est,
1042 1377 1211 1436 inquit,
1241 1377 1324 1420 iter
1351 1378 1395 1420 in
1422 1394 1531 1438 prae-

143 1456 281 1500 sentia
312 1456 458 1512 nobis,
481 1466 529 1500 et
561 1456 614 1500 de
640 1455 794 1517 proelio
829 1456 1140 1518 cogitandum,
1170 1458 1232 1514 si,
1272 1468 1320 1502 ut
1357 1475 1530 1520 semper

142 1535 504 1598 depoposcimus,
528 1537 675 1580 animo
695 1537 829 1581 simus
849 1536 904 1579 ad
925 1536 1226 1581 dimicandum
1251 1539 1419 1600 parati;
1442 1556 1529 1583 non

141 1615 266 1661 facile
285 1617 561 1661 occasionem
579 1626 730 1678 postea
750 1618 1019 1679 reperiemus
1046 1635 1092 1662 ε»
1120 1618 1439 1680 confestimque
1460 1638 1532 1664 ex-

143 1696 312 1757 peditas
340 1698 488 1759 copias
517 1697 675 1743 educit.

206 1780 454 1823 LXXXVI.
471 1781 708 1840 Pompeius
728 1797 906 1841 quoque
919 1815 930 1837 ,
956 1790 1005 1824 ut
1025 1792 1177 1842 postea
1198 1782 1426 1843 cognitum
1443 1793 1529 1839 est,

141 1875 321 1903 suorum
363 1860 562 1904 omnium
603 1861 782 1904 hortatu
828 1870 1042 1905 statuerat
1089 1860 1246 1922 proelio
1293 1862 1529 1907 decertare.

142 1942 346 2001 Namque
373 1941 504 1984 etiam
535 1942 579 1984 in
614 1940 796 1986 consilio
824 1942 1127 2004 superioribus
1153 1943 1305 1987 diebus
1335 1943 1530 2001 dixerat,

142 2021 434 2082 «priusquam
460 2032 774 2067 concurrerent
800 2024 937 2080 acies,
965 2023 1082 2080 fore,
1115 2025 1178 2068 uti
1206 2025 1421 2069 exercitus
1443 2027 1532 2070 Cae-

143 2102 250 2146 saris
287 2101 577 2164 pelleretur.»
611 2103 662 2147 Id
697 2120 833 2164 quum
865 2114 1009 2149 essent
1040 2103 1240 2166 plerique
1276 2105 1481 2150 admirati
1521 2124 1528 2149 :

142 2184 276 2228 «Scio
299 2199 393 2241 me,
413 2184 584 2245 inquit,
610 2201 731 2245 paene
754 2184 1054 2229 incredibilem
1082 2202 1175 2229 rem
1200 2184 1400 2246 polliceri
1421 2204 1430 2230 2
1457 2186 1530 2230 sed

142 2265 355 2309 rationem
386 2265 555 2310 consilii
586 2267 669 2310 mei
707 2267 915 2328 accipite,
953 2284 1041 2328 quo
1075 2267 1270 2311 firmiore
1305 2268 1454 2312 animo
1486 2269 1530 2313 in

140 2343 341 2406 proelium
385 2345 617 2407 prodeatis.
670 2348 871 2392 Persuasi
916 2348 1137 2409 equitibus
1175 2348 1335 2392 nostris
1373 2348 1534 2411 (idque

141 2426 249 2469 mihi
275 2442 319 2470 se
341 2425 531 2470 facturos
554 2427 948 2490 confirmaverunt)
967 2463 978 2485 ,
1009 2438 1082 2485 ut,
1108 2446 1245 2490 quum
1274 2430 1456 2491 propius
1479 2430 1533 2473 sit

141 2523 380 2564 accessum,
423 2507 623 2552 dextrum
658 2510 840 2553 Caesaris
866 2526 1003 2554 cornu
1031 2510 1084 2553 ab
1110 2509 1245 2554 latere
1281 2520 1433 2572 aperto
1461 2526 1534 2571 ag-

142 2587 450 2649 grederentur,
491 2598 560 2644 ut,
587 2590 885 2635 circumventa
913 2591 967 2635 ab
997 2601 1118 2652 tergo
1145 2591 1262 2647 acie,
1287 2592 1408 2652 prius
1433 2607 1532 2651 per-

142 2668 365 2713 turbatum
401 2670 641 2714 exercitum
668 2669 909 2731 pellerent,
944 2689 1076 2733 quam
1108 2689 1132 2716 a
1160 2672 1283 2716 nobis
1322 2670 1458 2716 telum
1488 2672 1529 2714 in
