1972 3356
435 244 505 268 102
531 213 533 232 ἶ
643 233 682 266 C.
708 231 838 266 JULII
868 230 1086 266 CAESARIS
1115 230 1600 266 COMMENTARIORUM

429 311 680 376 praesidium
710 314 909 374 equiturn
944 312 1126 374 dejecit,
1153 323 1194 358 et
1227 313 1335 358 adeo
1367 311 1450 356 loci
1485 315 1817 374 opportunitate

427 393 639 455 profecit,
665 395 727 438 uti
755 394 810 438 ad
836 395 1094 456 Pompeium
1120 394 1284 438 litteras
1312 394 1532 449 mitteret,
1558 412 1579 434 «
1598 408 1728 437 naves
1747 410 1817 438 re·

426 473 596 535 liquas,
630 476 665 519 si
703 474 859 531 vellet,
893 474 1077 520 subduci
1109 485 1150 520 et
1183 474 1300 519 refici
1327 474 1499 536 juberet
1529 491 1538 517 :
1572 489 1650 518 sua
1683 471 1818 518 classe

426 556 590 601 auxilia
613 574 704 602 sese
732 559 915 602 Caesaris
936 558 1280 619 prohibiturum.
1305 576 1325 597 »

492 639 662 684 XXIV.
698 640 807 682 Erat
839 655 891 683 eo
930 648 1128 700 tempore
1163 638 1384 682 Antonius
1424 635 1674 692 Brundisii,
1712 636 1817 696 qui,

427 719 584 762 virtuti
619 717 810 762 militum
852 718 1071 773 confisus,
1113 719 1297 780 scaphas
1335 718 1514 762 navium
1555 732 1818 779 magnarum

426 799 602 843 circiter
633 815 690 844 Lx
725 799 919 844 cratibus
954 798 1202 860 pluteisque
1240 799 1458 854 contexit,
1489 813 1629 859 eoque
1658 795 1818 841 milites

427 878 617 924 delectos
634 880 869 941 imposuit,
891 890 1023 940 atque
1037 896 1108 923 eas
1125 880 1170 923 in
1192 878 1319 923 litore
1342 878 1543 940 pluribus
1572 876 1678 922 locis
1700 894 1819 938 sepa-

426 961 558 1004 ratim
579 960 815 1022 disposuit,
841 976 1060 1020 navesque
1084 961 1280 1003 triremes
1299 959 1408 1004 duas
1426 994 1437 1015 ,
1459 975 1568 1020 quas
1595 958 1817 1004 Brundisii

426 1041 647 1085 faciendas
668 1051 898 1084 curaverat
914 1076 925 1096 ,
948 1057 1024 1101 per
1041 1057 1216 1084 causam
1238 1040 1581 1084 exercendorum
1603 1041 1816 1102 remigum

426 1120 481 1165 ad
506 1121 649 1166 fauces
676 1131 829 1183 portus
853 1121 1031 1182 prodire
1050 1122 1195 1182 jussit.
1215 1124 1304 1166 Has
1329 1137 1466 1181 quum
1489 1120 1698 1164 audacius
1721 1137 1821 1181 pro-

426 1218 596 1262 gressas
616 1202 731 1247 Libo
763 1201 964 1257 vidisset,
984 1219 1163 1263 sperans
1190 1203 1392 1262 intercipi
1418 1218 1564 1263 posse,
1593 1200 1820 1262 quadrire-

427 1300 516 1339 mes
536 1285 732 1344 quinque
751 1283 805 1327 ad
828 1300 899 1327 cas
921 1284 1050 1328 misit.
1069 1284 1179 1340 Quae
1199 1299 1332 1344 quum
1360 1282 1544 1326 navibus
1568 1283 1730 1326 nostris
1751 1298 1821 1343 ap·

426 1367 815 1425 propinquassent,
845 1366 984 1408 nostri
1016 1366 1208 1408 veterani
1240 1366 1282 1408 in
1312 1373 1489 1425 portum
1512 1363 1817 1426 refugiebant:

426 1443 508 1497 illi,
535 1444 682 1489 studio
711 1447 902 1501 incitati,
929 1447 1146 1489 incautius
1180 1445 1490 1505 sequebantur.
1523 1447 1619 1489 Jam
1647 1461 1698 1489 ex
1725 1461 1819 1489 om-

426 1525 554 1568 nibus
589 1525 786 1585 partibus
823 1526 970 1569 subito
1004 1527 1266 1569 Antonianae
1303 1525 1494 1586 scaphae,
1526 1527 1652 1588 signo
1693 1525 1819 1582 dato,

425 1621 470 1648 se
499 1607 542 1648 in
569 1604 715 1669 hostes
735 1606 1051 1662 incitaverunt,
1075 1607 1306 1666 primoque
1332 1607 1498 1667 impetu
1521 1622 1654 1649 unam
1675 1622 1724 1650 ex
1750 1605 1821 1650 his

425 1685 746 1745 quadriremem
773 1703 873 1730 cum
898 1686 1137 1747 remigibus
1166 1686 1555 1747 defensoribusque
1580 1687 1669 1730 suis
1698 1703 1821 1748 cepe-

425 1776 554 1821 runt,
583 1765 773 1827 reliquas
802 1768 993 1827 turpiter
1021 1767 1220 1828 refugere
1251 1777 1505 1827 coegerunt.
1535 1766 1606 1811 Ad
1631 1767 1716 1811 hoc
1742 1766 1818 1811 de·

425 1847 681 1891 trimentuni
711 1848 915 1901 accessit,
942 1856 1014 1901 ut,
1042 1846 1265 1907 equitibus
1293 1863 1370 1907 per
1397 1863 1519 1890 oram
1554 1848 1821 1891 maritimam

425 1927 480 1971 ab
511 1928 705 1972 Antonio
730 1927 950 1989 dispositis
967 1963 978 1982 ‚
997 1929 1149 1988 aquari
1171 1927 1525 1989 prohiberentur.
1555 1928 1657 1986 Qua
1677 1944 1823 1973 neces-

424 2008 550 2051 sitate
572 2018 615 2052 et
638 2008 879 2069 ignominia
902 2017 1126 2069 permotus
1146 2008 1284 2064 Libo,
1307 2008 1503 2052 discessit
1518 2025 1543 2052 a
1564 2007 1821 2065 Brundisio,

425 2089 810 2150 obsessionemque
837 2098 1089 2133 nostrorum
1117 2090 1277 2133 omisit.

490 2171 633 2214 XXV.
666 2169 798 2214 Multi
828 2170 918 2231 jam
956 2186 1126 2213 menses
1159 2172 1451 2226 transierant,
1479 2181 1522 2215 et
1562 2172 1699 2215 hiems
1730 2171 1819 2231 jam

426 2251 804 2312 praecipitaverat,
835 2267 975 2312 neque
1010 2251 1246 2295 Brundisio
1287 2268 1417 2296 naves
1453 2250 1735 2314 legionesque
1765 2251 1821 2296 ad

425 2332 643 2375 Caesarem
673 2332 905 2376 veniebant
932 2349 940 2374 ε
970 2347 1020 2375 ac
1053 2331 1278 2376 nonnullae
1307 2333 1402 2394 ejus
1429 2333 1489 2377 rei
1521 2333 1821 2394 praetermissae

424 2413 673 2457 occasiones
698 2415 859 2458 Caesari
886 2413 1163 2469 videbantur,
1189 2414 1308 2475 quod
1338 2424 1454 2459 certe
1477 2431 1588 2476 saepe
1608 2413 1821 2458 flaverant

427 2495 567 2550 venti,
605 2495 764 2555 quibus
807 2495 1049 2539 necessario
1084 2495 1452 2539 committendum
1493 2493 1769 2539 existimabat
1807 2511 1817 2536 :

424 2583 680 2636 quantoque
693 2576 786 2636 ejus
801 2573 988 2635 amplius
1005 2585 1278 2635 processerat
1298 2576 1531 2637 temporis,
1552 2583 1677 2618 tanto
1694 2583 1821 2617 erant

425 2652 658 2700 alacriores
693 2654 746 2699 ad
781 2654 1025 2711 custodias,
1059 2657 1134 2716 qui
1167 2655 1382 2701 classibus
1414 2664 1654 2716 praeerant;
1681 2655 1816 2713 majo‘
