1972 3356
425 265 682 300 COMMENT.
712 265 778 299 DE
806 265 967 300 BELLO
996 266 1222 301 GALLICO.
1445 264 1515 310 257

135 341 233 375 unde
252 342 442 376 Aduatuci
460 343 517 377 vel
536 340 712 377 Atuatuci
732 342 972 377 Eburonibus
997 341 1146 377 finitimi
1160 370 1169 385 ‚
1192 349 1228 376 et
1251 342 1444 377 Aduatuca
1459 342 1518 377 vel

135 404 336 445 Atuatuca,
364 403 545 451 oppidum
566 404 805 447 Eburonum,
826 403 927 450 cujus
955 416 1094 438 nomen
1126 416 1171 438 ex
1197 401 1327 447 αθυια,
1352 414 1518 450 11ιο13115,

134 471 170 498 et
183 461 291 512 τύχη
301 492 311 509 ,
322 465 486 509 fortuna,
501 465 750 511 compositum
769 471 823 499 est
833 492 842 508 ,
857 472 893 500 et
903 464 1086 511 significat
1097 467 1262 500 Fortuna
1275 477 1432 512 mergus.
1444 464 1519 499 Re-

135 525 275 572 peritur
304 527 343 561 in
364 527 568 562 Columella
592 537 756 573 mergere
784 526 916 569 vitem,
939 527 1088 573 gallice,
1108 535 1306 562 marcotter
1324 528 1363 560 la
1385 527 1497 574 vigne
1504 539 1518 568 ‚-

137 586 287 634 insuper
315 600 389 622 vox
421 588 551 634 gallica
577 586 800 622 diminutiva
825 595 1001 622 marcotle
1029 593 1082 621 est
1111 599 1187 622 vox
1218 588 1331 622 latina
1363 600 1517 635 mergus.

136 649 261 684 Alclua
291 649 351 683 vel
376 650 522 683 Alduas
554 648 666 695 igitur
697 647 889 694 corruptio
915 655 969 682 est
992 648 1094 683 vocis
1124 649 1285 690 Addua,
1312 649 1519 684 mutatione

136 710 264 745 litterae
281 711 309 743 cl
325 710 362 743 in
384 711 419 752 l,
441 717 479 743 ut
500 710 536 743 111
556 711 717 756 lacryma
737 721 757 744 a
777 706 920 754 δάκρυ,
939 717 975 744 et
992 710 1133 744 Addua
1152 709 1212 743 vel
1238 710 1398 743 Adduas
1411 709 1518 745 verbi

135 769 274 807 αἰθυιοι.
289 771 347 807 Sic
360 785 431 819 pro
450 767 575 808 ‘Alam
590 772 649 806 vel
667 767 813 816 Ἀΐδης,
833 771 956 806 Graeci
966 766 1226 806 dixerunff'As
1231 783 1248 807 n
1255 786 1280 805 ς.
1296 771 1415 805 Dubis
1429 783 1519 805 vero

135 834 191 868 vel
216 834 373 876 Dusius,
407 832 511 868 fluvii
538 846 677 868 nomen
699 833 916 880 proprium,
937 845 955 868 a
981 845 1072 868 voce
1097 829 1196 877 ἒὺω,
1216 844 1367 879 mergo,
1385 832 1520 874 subeo,

135 895 330 929 formatum
345 902 416 938 est,
431 902 465 929 et
480 908 519 929 re
534 908 620 930 vera
635 894 770 929 fluvius
789 895 926 938 Dubis,
945 901 985 929 ut
1006 896 1115 930 Anas
1134 893 1266 929 fluvius
1282 922 1290 938 ,
1313 894 1352 928 in
1372 893 1520 928 011111011-

133 957 186 991 los
195 956 390 1003 mergitur,
409 964 444 991 et
457 957 733 991 subterlabitur.
748 956 965 1004 Legendum
978 956 1091 1004 igitur
1101 956 1349 992 Adduaclubis
1362 962 1424 989 aut
1435 955 1520 989 Ad·—

130 1018 353 1060 cluadusius,
375 1025 427 1062 et,
442 1018 583 1053 duabus
602 1019 773 1062 vocibus,
787 1019 927 1053 Addua
939 1019 1071 1061 Dubis,
1100 1019 1158 1053 vel
1184 1019 1344 1052 Adcluas
1362 1016 1518 1057 Dusius,

131 1078 230 1113 unde
239 1079 427 1126 Aphaeresi
441 1079 576 1115 dicitur
587 1080 701 1115 hodie
716 1080 895 1114 leDoubs.
905 1079 1040 1123 Quoad
1050 1092 1190 1114 nomen
1204 1078 1407 1120 Adduabis,
1420 1076 1521 1124 quod

132 1140 340 1188 corruptius
365 1148 435 1184 est,
458 1154 478 1176 a
506 1154 597 1176 voce
622 1141 868 1176 Adduadubis
895 1148 1126 1176 contractum
1152 1148 1216 1175 est.
1246 1141 1387 1175 Forsan
1410 1138 1522 1186 igitur

131 1201 171 1236 in
184 1202 307 1237 varios
321 1203 466 1238 codices
487 1204 608 1237 nullus
629 1215 733 1238 error
751 1203 892 1238 incuria
911 1202 1151 1237 librariorum
1164 1202 1330 1248 irrepsit,
1349 1208 1384 1235 et
1396 1200 1520 1235 varie-

132 1271 223 1299 tates
245 1266 444 1300 lectionum
469 1278 489 1300 a
508 1265 717 1300 differentia
738 1264 1062 1312 pronunciationis
1082 1271 1223 1298 tantum
1244 1268 1407 1298 manant.
1429 1261 1522 1297 Inde

133 1326 243 1361 etiam
266 1328 616 1371 ALDUOVORIX,
638 1327 741 1374 quod
764 1327 802 1360 in
824 1326 1070 1373 inscriptione
1091 1325 1249 1360 coloniae
1263 1325 1521 1370 Sequanorum

131 1387 283 1434 legitur,
307 1387 406 1434 apud
431 1389 653 1432 Gruterum,
678 1401 713 1434 p.
737 1386 829 1431 815,
857 1388 903 1421 n⁰
929 1400 983 1421 10.

634 1507 690 1542 IN
714 1508 934 1542 LIBRUM
956 1507 1008 1541 II.

181 1625 264 1658 CAP.
286 1625 465 1659 XXXIV.
495 1624 669 1658 Seszwc'os.
692 1624 806 1658 Hadr.
827 1624 1014 1667 Valesius,
1041 1622 1278 1665 ciacconius,
1302 1619 1459 1655 Ursinus
1486 1626 1521 1654 et

130 1685 280 1720 Vossius
307 1686 487 1720 Lexuvios
519 1692 582 1721 aut
611 1686 792 1720 Lexovios
819 1685 1057 1720 scribendum
1089 1691 1238 1731 putant,
1271 1682 1356 1730 quia
1387 1681 1521 1716 Sesuvz'z

128 1747 309 1794 nuspiam.
335 1747 529 1782 D'Anville
548 1760 627 1782 rem
646 1747 686 1781 in
709 1747 826 1782 dubio
845 1747 1014 1794 reliquit;
1033 1746 1126 1781 mihi
1149 1752 1270 1780 autem
1296 1756 1379 1779 cum
1400 1743 1519 1778 Ober-

129 1808 207 1843 lino
241 1808 389 1843 videtur
421 1809 516 1843 nihil
549 1809 769 1843 mutandum
794 1809 831 1843 in
861 1815 976 1843 textu.
1002 1808 1143 1843 Sesuvii
1173 1807 1274 1842 idem
1300 1813 1354 1841 est
1381 1817 1518 1840 nomen

129 1881 170 1904 ac
179 1869 344 1913 Eusubc'i,
363 1882 415 1904 111
426 1897 436 1913 ,
453 1883 486 1914 7,
501 1877 537 1904 et
550 1871 682 1911 Essui,
698 1883 732 1914 v,
749 1869 1016 1914 24,metathesi
1030 1876 1065 1903 et
1085 1868 1353 1903 contractione.
1369 1866 1430 1902 Sic
1448 1866 1521 1901 Sa-

130 1932 205 1975 lyes
219 1931 278 1965 vel
292 1930 402 1977 Salyz'
412 1932 617 1966 contractio
630 1939 683 1967 est
693 1931 857 1967 nominis
871 1931 1028 1966 Salluvii
1032 1944 1046 1974 ,·
1060 1929 1111 1965 sic
1123 1929 1258 1965 dicitur
1272 1941 1387 1976 graece
1397 1935 1518 1963 meta—-

129 1991 224 2026 thesi
241 1987 406 2036 ἔσ-σ-υμοιι
426 2006 496 2040 pro
511 1991 695 2038 σέτυμαι,
710 2001 746 2029 et
760 1990 946 2036 ἔσο-ευμαι
967 2006 1037 2040 pro
1051 1991 1254 2036 σέσευμαι,
1277 1999 1473 2037 utrumque
1498 2002 1518 2024 a

130 2051 236 2089 α-εύω.
253 2054 508 2099 SesuviiverQ
521 2057 722 2091 Eusubiiet
732 2057 847 2091 Essuz'
859 2055 973 2091 iidem
987 2062 1071 2090 sunt
1091 2067 1240 2102 quoque
1257 2066 1298 2089 ac
1315 2053 1438 2101 Sagii,
1455 2051 1518 2098 qui

130 2123 386 2152 memorantur
412 2117 451 2151 in
471 2117 616 2153 Notitia
643 2117 763 2153 veteri
781 2118 1005 2162 Galliarum,
1024 2124 1059 2152 et
1078 2117 1213 2151 horum
1233 2127 1373 2150 nomen
1393 2113 1518 2149 existit

130 2177 249 2213 adhuc
268 2178 307 2212 in
327 2179 450 2225 Evsey
471 2186 506 2213 et
529 2180 628 2214 Se'ez.
644 2180 801 2214 Eusubii
817 2179 958 2214 dictum
972 2186 1026 2214 est
1053 2191 1124 2225 pro
1149 2178 1293 2212 exuvioe
1318 2175 1517 2223 serpentis,

129 2252 208 2287 quae
222 2240 318 2275 forte
332 2241 519 2287 galearum
536 2241 696 2288 insignia
711 2248 833 2285 erant,
846 2242 905 2276 vel
920 2241 1052 2276 melius
1063 2253 1132 2288 pro
1147 2240 1182 2274 E
1184 2239 1313 2282 usebii,
1331 2239 1378 2273 ab
1391 2231 1515 2274 Εὗσε-

128 2297 208 2345 ζὴς,
223 2301 262 2336 id
276 2308 328 2336 est
341 2302 412 2348 pii,
421 2302 514 2337 sicut
524 2302 720 2349 Euhages,
731 2303 849 2338 sancti
858 2316 866 2347 3
876 2310 911 2338 et
925 2303 1035 2351 Sagii
1044 2315 1113 2349 pro
1125 2303 1222 2350 sagi,
1237 2314 1257 2337 a
1269 2308 1517 2349 sagu5,vates‚

127 2375 264 2409 nempe
292 2362 451 2408 druidae,
477 2364 626 2411 gallice,
644 2365 786 2409 devias,
809 2377 939 2413 suges,
972 2365 1064 2399 sicut
1095 2364 1249 2411 Apollo,
1272 2364 1332 2398 vel
1365 2375 1517 2410 serpens

126 2425 291 2471 Python,
310 2437 330 2459 a
353 2425 492 2459 Beleno
512 2425 748 2461 Baiocassum
767 2426 857 2471 deo,
876 2425 1107 2474 profligatus.
1139 2426 1277 2461 Sesuvii
1298 2426 1433 2473 igitur,
1457 2425 1516 2460 vel

127 2485 256 2528 Essui,
278 2485 375 2520 idem
397 2493 451 2521 est
473 2499 613 2522 nomen
633 2499 819 2534 graece‚ac
839 2489 946 2537 Sagii
960 2488 1084 2523 latine.
1098 2488 1142 2522 In
1162 2486 1300 2522 finibus
1319 2487 1515 2534 Sagiorum

128 2553 163 2581 et
177 2547 380 2582 Carnutum
394 2555 472 2582 erat
484 2549 604 2584 Saltus
620 2550 782 2585 Perticus
794 2548 878 2599 (pro
889 2550 1111 2600 Peraticus),
1127 2552 1160 2585 le
1172 2549 1314 2586 Perche
1321 2576 1332 2592 ,
1353 2562 1373 2583 a
1384 2544 1495 2594 πέρας
1506 2576 1516 2593 ,

128 2620 215 2644 -οιτο
221 2623 248 2653 ς,
256 2607 353 2654 finis,
363 2609 427 2645 ubi
442 2622 486 2645 ex
496 2612 637 2646 Caesare
650 2611 877 2646 Druidarum
885 2624 1096 2648 consessum
1106 2624 1269 2647 annuum
1281 2618 1412 2646 statuo.
1422 2610 1516 2646 Inde

128 2670 361 2706 Normannia
381 2672 486 2719 Pays
511 2673 558 2706 de
576 2673 754 2720 sapience
774 2673 889 2709 hodie
904 2673 1019 2719 dicta3
1041 2674 1129 2709 inde
1148 2674 1247 2721 apud
1261 2672 1391 2721 Sagios
1422 2671 1516 2708 Oxi-

326 2755 351 2782 1.
1265 2758 1316 2799 17
