<?xml version="1.0" encoding="UTF-8"?>
<!DOCTYPE html PUBLIC "-//W3C//DTD XHTML 1.0 Transitional//EN"
    "http://www.w3.org/TR/xhtml1/DTD/xhtml1-transitional.dtd">
<html xmlns="http://www.w3.org/1999/xhtml" xml:lang="en" lang="en">
 <head>
  <title>
</title>
<meta http-equiv="Content-Type" content="text/html;charset=utf-8" />
  <meta name='ocr-system' content='tesseract 3.04.00' />
  <meta name='ocr-capabilities' content='ocr_page ocr_carea ocr_par ocr_line ocrx_word'/>
</head>
<body>
  <div class='ocr_page' id='page_1' title='image "./operajoh0102caesuoft_0221.png"; bbox 0 0 1972 3356; ppageno 0'>
   <div class='ocr_carea' id='block_1_1' title="bbox 546 242 1613 289">
    <p class='ocr_par' dir='ltr' id='par_1_1' title="bbox 546 242 1613 289">
     <span class='ocr_line' id='line_1_1' title="bbox 546 242 1613 289; baseline -0.001 -12"><span class='ocrx_word' id='word_1_1' title='bbox 546 242 612 277; x_wconf 93' lang='lat' dir='ltr'>DE</span> <span class='ocrx_word' id='word_1_2' title='bbox 640 242 800 277; x_wconf 88' lang='lat' dir='ltr'><strong>BELLO</strong></span> <span class='ocrx_word' id='word_1_3' title='bbox 831 242 1046 277; x_wconf 80' lang='lat' dir='ltr'>GALLICO</span> <span class='ocrx_word' id='word_1_4' title='bbox 1076 242 1167 276; x_wconf 91' lang='lat' dir='ltr'><strong>LIB.</strong></span> <span class='ocrx_word' id='word_1_5' title='bbox 1191 242 1274 276; x_wconf 42' lang='lat' dir='ltr'>VII,</span> <span class='ocrx_word' id='word_1_6' title='bbox 1541 254 1613 289; x_wconf 73' lang='lat'>190</span> 
     </span>
    </p>
   </div>
   <div class='ocr_carea' id='block_1_2' title="bbox 213 316 1641 2672">
    <p class='ocr_par' dir='ltr' id='par_1_2' title="bbox 213 316 1625 776">
     <span class='ocr_line' id='line_1_2' title="bbox 213 316 1615 389; baseline -0.001 -18"><span class='ocrx_word' id='word_1_7' title='bbox 213 344 381 385; x_wconf 86' lang='lat' dir='ltr'>omnes,</span> <span class='ocrx_word' id='word_1_8' title='bbox 406 327 688 389; x_wconf 87' lang='lat' dir='ltr'>perturbatos</span> <span class='ocrx_word' id='word_1_9' title='bbox 713 316 955 372; x_wconf 81' lang='lat' dir='ltr'>defectione</span> <span class='ocrx_word' id='word_1_10' title='bbox 976 327 1241 382; x_wconf 84' lang='lat' dir='ltr'>AEduorum,</span> <span class='ocrx_word' id='word_1_11' title='bbox 1266 326 1414 388; x_wconf 86' lang='lat' dir='ltr'>fugam</span> <span class='ocrx_word' id='word_1_12' title='bbox 1441 342 1615 387; x_wconf 81' lang='lat' dir='ltr'>parare,</span> 
     </span>
     <span class='ocr_line' id='line_1_3' title="bbox 215 408 1623 470; baseline 0.001 -17"><span class='ocrx_word' id='word_1_13' title='bbox 215 426 312 453; x_wconf 85' lang='lat' dir='ltr'>suas</span> <span class='ocrx_word' id='word_1_14' title='bbox 347 424 523 470; x_wconf 84' lang='lat' dir='ltr'>quoque</span> <span class='ocrx_word' id='word_1_15' title='bbox 554 410 702 470; x_wconf 85' lang='lat' dir='ltr'>copias</span> <span class='ocrx_word' id='word_1_16' title='bbox 736 410 780 452; x_wconf 92' lang='lat' dir='ltr'>in</span> <span class='ocrx_word' id='word_1_17' title='bbox 815 418 902 452; x_wconf 87' lang='lat' dir='ltr'>tres</span> <span class='ocrx_word' id='word_1_18' title='bbox 929 418 1074 469; x_wconf 88' lang='lat' dir='ltr'>partes</span> <span class='ocrx_word' id='word_1_19' title='bbox 1110 408 1446 452; x_wconf 83' lang='lat' dir='ltr'>distribuerunt.</span> <span class='ocrx_word' id='word_1_20' title='bbox 1478 409 1623 454; x_wconf 53' lang='lat' dir='ltr'>Nam,</span> 
     </span>
     <span class='ocr_line' id='line_1_4' title="bbox 214 487 1621 551; baseline -0.001 -17"><span class='ocrx_word' id='word_1_21' title='bbox 214 501 255 534; x_wconf 81' lang='lat' dir='ltr'>ct</span> <span class='ocrx_word' id='word_1_22' title='bbox 282 490 485 551; x_wconf 77' lang='lat' dir='ltr'>praesidio</span> <span class='ocrx_word' id='word_1_23' title='bbox 516 506 537 533; x_wconf 96' lang='lat' dir='ltr'>e</span> <span class='ocrx_word' id='word_1_24' title='bbox 565 491 744 550; x_wconf 80' lang='lat' dir='ltr'>regione</span> <span class='ocrx_word' id='word_1_25' title='bbox 774 498 1019 532; x_wconf 87' lang='lat' dir='ltr'>castrorum</span> <span class='ocrx_word' id='word_1_26' title='bbox 1047 487 1224 545; x_wconf 85' lang='lat' dir='ltr'>relicto,</span> <span class='ocrx_word' id='word_1_27' title='bbox 1254 501 1297 532; x_wconf 90' lang='lat' dir='ltr'>et</span> <span class='ocrx_word' id='word_1_28' title='bbox 1325 506 1461 550; x_wconf 83' lang='lat' dir='ltr'>parva</span> <span class='ocrx_word' id='word_1_29' title='bbox 1484 505 1621 533; x_wconf 85' lang='lat' dir='ltr'>manu</span> 
     </span>
     <span class='ocr_line' id='line_1_5' title="bbox 214 570 1623 631; baseline 0 -17"><span class='ocrx_word' id='word_1_30' title='bbox 214 570 510 615; x_wconf 81' lang='lat' dir='ltr'>Metiosedum</span> <span class='ocrx_word' id='word_1_31' title='bbox 552 586 702 613; x_wconf 87' lang='lat' dir='ltr'>versus</span> <span class='ocrx_word' id='word_1_32' title='bbox 741 571 890 626; x_wconf 88' lang='lat' dir='ltr'>missa,</span> <span class='ocrx_word' id='word_1_33' title='bbox 924 586 1021 629; x_wconf 83' lang='lat' dir='ltr'>quae</span> <span class='ocrx_word' id='word_1_34' title='bbox 1061 578 1236 612; x_wconf 87' lang='lat' dir='ltr'>tantum</span> <span class='ocrx_word' id='word_1_35' title='bbox 1278 570 1623 631; x_wconf 74' lang='lat' dir='ltr'><strong>progrederetur</strong></span> 
     </span>
     <span class='ocr_line' id='line_1_6' title="bbox 216 649 1625 712; baseline -0.001 -17"><span class='ocrx_word' id='word_1_36' title='bbox 216 662 435 712; x_wconf 81' lang='lat' dir='ltr'>quantum</span> <span class='ocrx_word' id='word_1_37' title='bbox 460 667 591 694; x_wconf 87' lang='lat' dir='ltr'>naves</span> <span class='ocrx_word' id='word_1_38' title='bbox 616 651 953 711; x_wconf 73' lang='lat' dir='ltr'>processissent,</span> <span class='ocrx_word' id='word_1_39' title='bbox 980 649 1171 711; x_wconf 85' lang='lat' dir='ltr'>reliquas</span> <span class='ocrx_word' id='word_1_40' title='bbox 1196 652 1345 710; x_wconf 82' lang='lat' dir='ltr'>copias</span> <span class='ocrx_word' id='word_1_41' title='bbox 1371 660 1524 694; x_wconf 83' lang='lat' dir='ltr'>contra</span> <span class='ocrx_word' id='word_1_42' title='bbox 1545 653 1625 694; x_wconf 87' lang='lat' dir='ltr'>La-</span> 
     </span>
     <span class='ocr_line' id='line_1_7' title="bbox 215 732 659 776; baseline -0.002 0"><span class='ocrx_word' id='word_1_43' title='bbox 215 733 397 776; x_wconf 88' lang='lat' dir='ltr'>bienum</span> <span class='ocrx_word' id='word_1_44' title='bbox 422 732 659 776; x_wconf 84' lang='lat' dir='ltr'>duxerunt.</span> 
     </span>
    </p>

    <p class='ocr_par' dir='ltr' id='par_1_3' title="bbox 216 811 1641 2672">
     <span class='ocr_line' id='line_1_8' title="bbox 282 811 1628 875; baseline 0.001 -19"><span class='ocrx_word' id='word_1_45' title='bbox 282 815 420 857; x_wconf 75' lang='lat' dir='ltr'><strong>LXII.</strong></span> <span class='ocrx_word' id='word_1_46' title='bbox 441 813 590 857; x_wconf 84' lang='lat' dir='ltr'>Prima</span> <span class='ocrx_word' id='word_1_47' title='bbox 616 811 734 867; x_wconf 91' lang='lat' dir='ltr'>luce,</span> <span class='ocrx_word' id='word_1_48' title='bbox 758 823 801 857; x_wconf 87' lang='lat' dir='ltr'>et</span> <span class='ocrx_word' id='word_1_49' title='bbox 824 815 966 858; x_wconf 77' lang='lat' dir='ltr'>nostri</span> <span class='ocrx_word' id='word_1_50' title='bbox 989 831 1141 859; x_wconf 84' lang='lat' dir='ltr'>omnes</span> <span class='ocrx_word' id='word_1_51' title='bbox 1164 823 1291 858; x_wconf 87' lang='lat' dir='ltr'>erant</span> <span class='ocrx_word' id='word_1_52' title='bbox 1317 815 1628 875; x_wconf 82' lang='lat' dir='ltr'>transportati,</span> 
     </span>
     <span class='ocr_line' id='line_1_9' title="bbox 217 894 1630 950; baseline -0.001 -11"><span class='ocrx_word' id='word_1_53' title='bbox 217 904 259 939; x_wconf 86' lang='lat' dir='ltr'>et</span> <span class='ocrx_word' id='word_1_54' title='bbox 274 894 471 938; x_wconf 85' lang='lat' dir='ltr'>hostium</span> <span class='ocrx_word' id='word_1_55' title='bbox 485 895 599 938; x_wconf 87' lang='lat' dir='ltr'>acies</span> <span class='ocrx_word' id='word_1_56' title='bbox 616 895 894 939; x_wconf 72' lang='lat' dir='ltr'><strong>cernebatur.</strong></span> <span class='ocrx_word' id='word_1_57' title='bbox 911 895 1155 950; x_wconf 77' lang='lat' dir='ltr'>Labienus,</span> <span class='ocrx_word' id='word_1_58' title='bbox 1182 895 1444 940; x_wconf 73' lang='lat' dir='ltr'>cohortatus</span> <span class='ocrx_word' id='word_1_59' title='bbox 1469 894 1630 939; x_wconf 80' lang='lat' dir='ltr'>milites</span> 
     </span>
     <span class='ocr_line' id='line_1_10' title="bbox 218 977 1632 1038; baseline 0.001 -20"><span class='ocrx_word' id='word_1_60' title='bbox 218 995 238 1017; x_wconf 71' lang='grc' dir='ltr'>(ι</span> <span class='ocrx_word' id='word_1_61' title='bbox 268 985 315 1019; x_wconf 86' lang='grc'>111</span> <span class='ocrx_word' id='word_1_62' title='bbox 347 992 434 1020; x_wconf 86' lang='lat' dir='ltr'>suae</span> <span class='ocrx_word' id='word_1_63' title='bbox 460 977 658 1037; x_wconf 75' lang='lat' dir='ltr'>pristinae</span> <span class='ocrx_word' id='word_1_64' title='bbox 683 977 863 1021; x_wconf 89' lang='lat' dir='ltr'>virtutis</span> <span class='ocrx_word' id='word_1_65' title='bbox 894 987 938 1020; x_wconf 90' lang='lat' dir='ltr'>et</span> <span class='ocrx_word' id='word_1_66' title='bbox 965 986 1030 1020; x_wconf 86' lang='lat' dir='ltr'>tot</span> <span class='ocrx_word' id='word_1_67' title='bbox 1066 977 1491 1022; x_wconf 74' lang='lat' dir='ltr'>secundissimorum</span> <span class='ocrx_word' id='word_1_68' title='bbox 1519 994 1632 1038; x_wconf 85' lang='lat' dir='ltr'>proe-</span> 
     </span>
     <span class='ocr_line' id='line_1_11' title="bbox 219 1057 1633 1120; baseline 0.001 -19"><span class='ocrx_word' id='word_1_69' title='bbox 219 1057 380 1101; x_wconf 88' lang='lat' dir='ltr'>liorum</span> <span class='ocrx_word' id='word_1_70' title='bbox 400 1058 663 1102; x_wconf 85' lang='lat' dir='ltr'>memoriam</span> <span class='ocrx_word' id='word_1_71' title='bbox 686 1059 925 1102; x_wconf 87' lang='lat' dir='ltr'>retinerent</span> <span class='ocrx_word' id='word_1_72' title='bbox 943 1093 953 1115; x_wconf 89' lang='lat'>,</span> <span class='ocrx_word' id='word_1_73' title='bbox 974 1068 1109 1120; x_wconf 89' lang='lat' dir='ltr'>atque</span> <span class='ocrx_word' id='word_1_74' title='bbox 1129 1060 1275 1120; x_wconf 90' lang='lat' dir='ltr'>ipsum</span> <span class='ocrx_word' id='word_1_75' title='bbox 1294 1060 1535 1116; x_wconf 82' lang='lat' dir='ltr'>Caesarem,</span> <span class='ocrx_word' id='word_1_76' title='bbox 1555 1076 1633 1103; x_wconf 92' lang='lat' dir='ltr'>cu-</span> 
     </span>
     <span class='ocr_line' id='line_1_12' title="bbox 216 1139 1634 1202; baseline 0.001 -19"><span class='ocrx_word' id='word_1_77' title='bbox 216 1140 287 1200; x_wconf 88' lang='lat' dir='ltr'>jus</span> <span class='ocrx_word' id='word_1_78' title='bbox 324 1139 463 1183; x_wconf 88' lang='lat' dir='ltr'>ductu</span> <span class='ocrx_word' id='word_1_79' title='bbox 505 1157 810 1201; x_wconf 84' lang='lat' dir='ltr'>saepenumero</span> <span class='ocrx_word' id='word_1_80' title='bbox 846 1141 993 1184; x_wconf 85' lang='lat' dir='ltr'>hostes</span> <span class='ocrx_word' id='word_1_81' title='bbox 1031 1152 1333 1202; x_wconf 80' lang='lat' dir='ltr'>superassent,</span> <span class='ocrx_word' id='word_1_82' title='bbox 1370 1151 1634 1202; x_wconf 72' lang='lat' dir='ltr'>praesentem</span> 
     </span>
     <span class='ocr_line' id='line_1_13' title="bbox 221 1221 1635 1284; baseline 0.002 -20"><span class='ocrx_word' id='word_1_83' title='bbox 221 1221 371 1265; x_wconf 82' lang='lat' dir='ltr'>adesse</span> <span class='ocrx_word' id='word_1_84' title='bbox 392 1222 715 1278; x_wconf 83' lang='lat' dir='ltr'>existimarent,</span> <span class='ocrx_word' id='word_1_85' title='bbox 731 1242 750 1262; x_wconf 73' lang='lat'>2)</span> <span class='ocrx_word' id='word_1_86' title='bbox 767 1221 840 1266; x_wconf 85' lang='lat' dir='ltr'>dat</span> <span class='ocrx_word' id='word_1_87' title='bbox 863 1223 1040 1284; x_wconf 78' lang='lat' dir='ltr'>signum</span> <span class='ocrx_word' id='word_1_88' title='bbox 1063 1221 1220 1283; x_wconf 84' lang='lat' dir='ltr'>proelii.</span> <span class='ocrx_word' id='word_1_89' title='bbox 1241 1224 1394 1267; x_wconf 89' lang='lat' dir='ltr'>Primo</span> <span class='ocrx_word' id='word_1_90' title='bbox 1415 1240 1635 1267; x_wconf 82' lang='lat' dir='ltr'>concursu</span> 
     </span>
     <span class='ocr_line' id='line_1_14' title="bbox 222 1302 1635 1365; baseline 0.001 -19"><span class='ocrx_word' id='word_1_91' title='bbox 222 1303 275 1346; x_wconf 84' lang='lat' dir='ltr'>ab</span> <span class='ocrx_word' id='word_1_92' title='bbox 310 1302 468 1346; x_wconf 78' lang='lat' dir='ltr'>dextro</span> <span class='ocrx_word' id='word_1_93' title='bbox 504 1319 664 1359; x_wconf 91' lang='lat' dir='ltr'>cornu,</span> <span class='ocrx_word' id='word_1_94' title='bbox 695 1303 770 1346; x_wconf 85' lang='lat' dir='ltr'>ubi</span> <span class='ocrx_word' id='word_1_95' title='bbox 803 1304 989 1364; x_wconf 86' lang='lat' dir='ltr'>septima</span> <span class='ocrx_word' id='word_1_96' title='bbox 1020 1303 1134 1365; x_wconf 83' lang='lat' dir='ltr'>legio</span> <span class='ocrx_word' id='word_1_97' title='bbox 1171 1305 1455 1361; x_wconf 83' lang='lat' dir='ltr'>constiterat,</span> <span class='ocrx_word' id='word_1_98' title='bbox 1488 1305 1635 1349; x_wconf 84' lang='lat' dir='ltr'>hostes</span> 
     </span>
     <span class='ocr_line' id='line_1_15' title="bbox 223 1383 1635 1446; baseline 0.002 -19"><span class='ocrx_word' id='word_1_99' title='bbox 223 1383 478 1445; x_wconf 87' lang='lat' dir='ltr'>pelluntur,</span> <span class='ocrx_word' id='word_1_100' title='bbox 509 1394 641 1445; x_wconf 89' lang='lat' dir='ltr'>atque</span> <span class='ocrx_word' id='word_1_101' title='bbox 690 1385 736 1427; x_wconf 91' lang='lat' dir='ltr'>in</span> <span class='ocrx_word' id='word_1_102' title='bbox 773 1384 922 1446; x_wconf 83' lang='lat' dir='ltr'>fugam</span> <span class='ocrx_word' id='word_1_103' title='bbox 958 1385 1275 1445; x_wconf 88' lang='lat' dir='ltr'>conjiciuntur.</span> <span class='ocrx_word' id='word_1_104' title='bbox 1320 1387 1389 1430; x_wconf 90' lang='lat' dir='ltr'>Ab</span> <span class='ocrx_word' id='word_1_105' title='bbox 1430 1387 1635 1443; x_wconf 85' lang='lat' dir='ltr'>sinistro,</span> 
     </span>
     <span class='ocr_line' id='line_1_16' title="bbox 223 1463 1637 1528; baseline 0.001 -20"><span class='ocrx_word' id='word_1_106' title='bbox 223 1482 354 1526; x_wconf 90' lang='lat' dir='ltr'>quem</span> <span class='ocrx_word' id='word_1_107' title='bbox 378 1463 524 1509; x_wconf 91' lang='lat' dir='ltr'>locum</span> <span class='ocrx_word' id='word_1_108' title='bbox 546 1464 809 1509; x_wconf 85' lang='lat' dir='ltr'>duodecima</span> <span class='ocrx_word' id='word_1_109' title='bbox 833 1464 948 1528; x_wconf 82' lang='lat' dir='ltr'>legio</span> <span class='ocrx_word' id='word_1_110' title='bbox 969 1465 1170 1521; x_wconf 87' lang='lat' dir='ltr'>tenebat,</span> <span class='ocrx_word' id='word_1_111' title='bbox 1195 1483 1333 1527; x_wconf 90' lang='lat' dir='ltr'>quum</span> <span class='ocrx_word' id='word_1_112' title='bbox 1359 1467 1489 1528; x_wconf 86' lang='lat' dir='ltr'>primi</span> <span class='ocrx_word' id='word_1_113' title='bbox 1517 1466 1637 1511; x_wconf 86' lang='lat' dir='ltr'>ordi-</span> 
     </span>
     <span class='ocr_line' id='line_1_17' title="bbox 224 1545 1637 1607; baseline 0.002 -18"><span class='ocrx_word' id='word_1_114' title='bbox 224 1563 299 1590; x_wconf 91' lang='lat' dir='ltr'>nes</span> <span class='ocrx_word' id='word_1_115' title='bbox 322 1546 518 1590; x_wconf 85' lang='lat' dir='ltr'>hostium</span> <span class='ocrx_word' id='word_1_116' title='bbox 547 1546 747 1590; x_wconf 83' lang='lat' dir='ltr'>transfixi</span> <span class='ocrx_word' id='word_1_117' title='bbox 776 1545 878 1607; x_wconf 87' lang='lat' dir='ltr'>pilis</span> <span class='ocrx_word' id='word_1_118' title='bbox 902 1546 1223 1604; x_wconf 86' lang='lat' dir='ltr'>concidissent,</span> <span class='ocrx_word' id='word_1_119' title='bbox 1253 1558 1399 1592; x_wconf 88' lang='lat' dir='ltr'>tamen</span> <span class='ocrx_word' id='word_1_120' title='bbox 1424 1549 1637 1592; x_wconf 82' lang='lat' dir='ltr'>acerrime</span> 
     </span>
     <span class='ocr_line' id='line_1_18' title="bbox 222 1627 1635 1692; baseline 0.002 -21"><span class='ocrx_word' id='word_1_121' title='bbox 222 1627 383 1689; x_wconf 76' lang='lat' dir='ltr'>reliqui</span> <span class='ocrx_word' id='word_1_122' title='bbox 401 1628 685 1686; x_wconf 87' lang='lat' dir='ltr'>resistebant,</span> <span class='ocrx_word' id='word_1_123' title='bbox 702 1645 783 1673; x_wconf 92' lang='lat' dir='ltr'>nec</span> <span class='ocrx_word' id='word_1_124' title='bbox 798 1628 934 1673; x_wconf 86' lang='lat' dir='ltr'>dabat</span> <span class='ocrx_word' id='word_1_125' title='bbox 943 1629 1242 1690; x_wconf 88' lang='lat' dir='ltr'>suspicionem</span> <span class='ocrx_word' id='word_1_126' title='bbox 1259 1629 1373 1691; x_wconf 82' lang='lat' dir='ltr'>fugae</span> <span class='ocrx_word' id='word_1_127' title='bbox 1385 1631 1635 1692; x_wconf 87' lang='lat' dir='ltr'>quisquam.</span> 
     </span>
     <span class='ocr_line' id='line_1_19' title="bbox 222 1709 1638 1773; baseline 0.002 -19"><span class='ocrx_word' id='word_1_128' title='bbox 222 1713 322 1771; x_wconf 92' lang='lat' dir='ltr'>Ipse</span> <span class='ocrx_word' id='word_1_129' title='bbox 355 1710 444 1754; x_wconf 80' lang='lat' dir='ltr'>dux</span> <span class='ocrx_word' id='word_1_130' title='bbox 480 1710 677 1754; x_wconf 91' lang='lat' dir='ltr'>hostium</span> <span class='ocrx_word' id='word_1_131' title='bbox 706 1709 1041 1773; x_wconf 85' lang='lat' dir='ltr'>Camulogenus</span> <span class='ocrx_word' id='word_1_132' title='bbox 1078 1712 1168 1756; x_wconf 91' lang='lat' dir='ltr'>suis</span> <span class='ocrx_word' id='word_1_133' title='bbox 1199 1711 1372 1769; x_wconf 83' lang='lat' dir='ltr'>aderat,</span> <span class='ocrx_word' id='word_1_134' title='bbox 1402 1722 1535 1773; x_wconf 86' lang='lat' dir='ltr'>atque</span> <span class='ocrx_word' id='word_1_135' title='bbox 1564 1730 1638 1757; x_wconf 89' lang='lat' dir='ltr'>eos</span> 
     </span>
     <span class='ocr_line' id='line_1_20' title="bbox 223 1792 1637 1851; baseline 0.001 -15"><span class='ocrx_word' id='word_1_136' title='bbox 223 1792 556 1837; x_wconf 84' lang='lat' dir='ltr'>cohortabatur.</span> <span class='ocrx_word' id='word_1_137' title='bbox 593 1795 673 1848; x_wconf 85' lang='lat' dir='ltr'>At,</span> <span class='ocrx_word' id='word_1_138' title='bbox 711 1793 881 1837; x_wconf 87' lang='lat' dir='ltr'>incerto</span> <span class='ocrx_word' id='word_1_139' title='bbox 917 1793 1052 1836; x_wconf 89' lang='lat' dir='ltr'>etiam</span> <span class='ocrx_word' id='word_1_140' title='bbox 1093 1810 1212 1838; x_wconf 91' lang='lat' dir='ltr'>nunc</span> <span class='ocrx_word' id='word_1_141' title='bbox 1253 1795 1371 1838; x_wconf 77' lang='lat' dir='ltr'>exitu</span> <span class='ocrx_word' id='word_1_142' title='bbox 1417 1795 1637 1851; x_wconf 78' lang='lat' dir='ltr'>victoriae,</span> 
     </span>
     <span class='ocr_line' id='line_1_21' title="bbox 224 1871 1639 1937; baseline 0.001 -19"><span class='ocrx_word' id='word_1_143' title='bbox 224 1891 363 1936; x_wconf 87' lang='lat' dir='ltr'>quum</span> <span class='ocrx_word' id='word_1_144' title='bbox 402 1874 600 1935; x_wconf 84' lang='lat' dir='ltr'>septimae</span> <span class='ocrx_word' id='word_1_145' title='bbox 635 1871 822 1934; x_wconf 82' lang='lat' dir='ltr'>legionis</span> <span class='ocrx_word' id='word_1_146' title='bbox 859 1873 1049 1917; x_wconf 86' lang='lat' dir='ltr'>tribunis</span> <span class='ocrx_word' id='word_1_147' title='bbox 1088 1884 1201 1919; x_wconf 90' lang='lat' dir='ltr'>esset</span> <span class='ocrx_word' id='word_1_148' title='bbox 1243 1876 1500 1920; x_wconf 86' lang='lat' dir='ltr'>nuntiatum</span> <span class='ocrx_word' id='word_1_149' title='bbox 1541 1893 1639 1937; x_wconf 85' lang='lat' dir='ltr'>quae</span> 
     </span>
     <span class='ocr_line' id='line_1_22' title="bbox 227 1956 1639 2019; baseline 0.001 -20"><span class='ocrx_word' id='word_1_150' title='bbox 227 1958 270 1999; x_wconf 92' lang='lat' dir='ltr'>in</span> <span class='ocrx_word' id='word_1_151' title='bbox 295 1956 475 1999; x_wconf 87' lang='lat' dir='ltr'>sinistro</span> <span class='ocrx_word' id='word_1_152' title='bbox 495 1971 635 1999; x_wconf 91' lang='lat' dir='ltr'>cornu</span> <span class='ocrx_word' id='word_1_153' title='bbox 661 1965 941 2016; x_wconf 83' lang='lat' dir='ltr'>gererentur,</span> <span class='ocrx_word' id='word_1_154' title='bbox 963 1965 1063 2016; x_wconf 90' lang='lat' dir='ltr'>post</span> <span class='ocrx_word' id='word_1_155' title='bbox 1086 1965 1262 2018; x_wconf 84' lang='lat' dir='ltr'>tergum</span> <span class='ocrx_word' id='word_1_156' title='bbox 1285 1956 1481 2001; x_wconf 87' lang='lat' dir='ltr'>hostium</span> <span class='ocrx_word' id='word_1_157' title='bbox 1506 1956 1639 2019; x_wconf 85' lang='lat' dir='ltr'>legio-</span> 
     </span>
     <span class='ocr_line' id='line_1_23' title="bbox 228 2036 1638 2100; baseline 0.001 -19"><span class='ocrx_word' id='word_1_158' title='bbox 228 2054 328 2081; x_wconf 86' lang='lat' dir='ltr'>nem</span> <span class='ocrx_word' id='word_1_159' title='bbox 368 2036 681 2091; x_wconf 85' lang='lat' dir='ltr'>ostenderunt,</span> <span class='ocrx_word' id='word_1_160' title='bbox 719 2036 933 2099; x_wconf 86' lang='lat' dir='ltr'>signaque</span> <span class='ocrx_word' id='word_1_161' title='bbox 966 2036 1228 2082; x_wconf 87' lang='lat' dir='ltr'>intulerunt.</span> <span class='ocrx_word' id='word_1_162' title='bbox 1263 2040 1335 2083; x_wconf 82' lang='lat' dir='ltr'>Ne</span> <span class='ocrx_word' id='word_1_163' title='bbox 1371 2056 1423 2082; x_wconf 92' lang='lat' dir='ltr'>eo</span> <span class='ocrx_word' id='word_1_164' title='bbox 1458 2038 1638 2100; x_wconf 89' lang='lat' dir='ltr'>quidem</span> 
     </span>
     <span class='ocr_line' id='line_1_24' title="bbox 228 2117 1639 2181; baseline 0.001 -18"><span class='ocrx_word' id='word_1_165' title='bbox 228 2129 427 2181; x_wconf 86' lang='lat' dir='ltr'>tempore</span> <span class='ocrx_word' id='word_1_166' title='bbox 461 2120 697 2180; x_wconf 88' lang='lat' dir='ltr'>quisquam</span> <span class='ocrx_word' id='word_1_167' title='bbox 732 2117 830 2162; x_wconf 90' lang='lat' dir='ltr'>loco</span> <span class='ocrx_word' id='word_1_168' title='bbox 860 2120 1018 2176; x_wconf 90' lang='lat' dir='ltr'>cessit,</span> <span class='ocrx_word' id='word_1_169' title='bbox 1056 2118 1130 2164; x_wconf 89' lang='lat' dir='ltr'>sed</span> <span class='ocrx_word' id='word_1_170' title='bbox 1160 2120 1454 2164; x_wconf 86' lang='lat' dir='ltr'>circumventi</span> <span class='ocrx_word' id='word_1_171' title='bbox 1486 2138 1639 2165; x_wconf 88' lang='lat' dir='ltr'>omnes</span> 
     </span>
     <span class='ocr_line' id='line_1_25' title="bbox 229 2199 1637 2265; baseline 0.001 -21"><span class='ocrx_word' id='word_1_172' title='bbox 229 2200 539 2261; x_wconf 87' lang='lat' dir='ltr'>interfectique</span> <span class='ocrx_word' id='word_1_173' title='bbox 555 2210 672 2244; x_wconf 88' lang='lat' dir='ltr'>sunt.</span> <span class='ocrx_word' id='word_1_174' title='bbox 694 2199 909 2244; x_wconf 89' lang='lat' dir='ltr'>Eamdem</span> <span class='ocrx_word' id='word_1_175' title='bbox 923 2200 1150 2245; x_wconf 86' lang='lat' dir='ltr'>fortunam</span> <span class='ocrx_word' id='word_1_176' title='bbox 1166 2200 1269 2245; x_wconf 86' lang='lat' dir='ltr'>tulit</span> <span class='ocrx_word' id='word_1_177' title='bbox 1289 2201 1637 2265; x_wconf 83' lang='lat' dir='ltr'>Camulogenus.</span> 
     </span>
     <span class='ocr_line' id='line_1_26' title="bbox 227 2281 1638 2343; baseline 0.001 -17"><span class='ocrx_word' id='word_1_178' title='bbox 227 2285 284 2327; x_wconf 92' lang='lat' dir='ltr'>At</span> <span class='ocrx_word' id='word_1_179' title='bbox 316 2283 345 2325; x_wconf 91' lang='lat' dir='ltr'>ii</span> <span class='ocrx_word' id='word_1_180' title='bbox 388 2283 464 2343; x_wconf 90' lang='lat' dir='ltr'>qui</span> <span class='ocrx_word' id='word_1_181' title='bbox 501 2281 707 2343; x_wconf 81' lang='lat' dir='ltr'>praesidio</span> <span class='ocrx_word' id='word_1_182' title='bbox 737 2291 892 2326; x_wconf 83' lang='lat' dir='ltr'>contra</span> <span class='ocrx_word' id='word_1_183' title='bbox 927 2293 1068 2326; x_wconf 88' lang='lat' dir='ltr'>castra</span> <span class='ocrx_word' id='word_1_184' title='bbox 1097 2283 1283 2326; x_wconf 82' lang='lat' dir='ltr'>Labieni</span> <span class='ocrx_word' id='word_1_185' title='bbox 1317 2293 1443 2327; x_wconf 86' lang='lat' dir='ltr'>erant</span> <span class='ocrx_word' id='word_1_186' title='bbox 1474 2282 1638 2339; x_wconf 86' lang='lat' dir='ltr'>relicti,</span> 
     </span>
     <span class='ocr_line' id='line_1_27' title="bbox 229 2362 1639 2426; baseline 0.001 -19"><span class='ocrx_word' id='word_1_187' title='bbox 229 2381 368 2425; x_wconf 90' lang='lat' dir='ltr'>quum</span> <span class='ocrx_word' id='word_1_188' title='bbox 399 2362 607 2426; x_wconf 86' lang='lat' dir='ltr'>proelium</span> <span class='ocrx_word' id='word_1_189' title='bbox 638 2364 922 2408; x_wconf 88' lang='lat' dir='ltr'>commissum</span> <span class='ocrx_word' id='word_1_190' title='bbox 951 2364 1198 2419; x_wconf 86' lang='lat' dir='ltr'>audissent,</span> <span class='ocrx_word' id='word_1_191' title='bbox 1228 2364 1424 2409; x_wconf 86' lang='lat' dir='ltr'>subsidio</span> <span class='ocrx_word' id='word_1_192' title='bbox 1456 2366 1545 2410; x_wconf 88' lang='lat' dir='ltr'>suis</span> <span class='ocrx_word' id='word_1_193' title='bbox 1580 2367 1639 2409; x_wconf 84' lang='lat' dir='ltr'>ie-</span> 
     </span>
     <span class='ocr_line' id='line_1_28' title="bbox 230 2445 1640 2508; baseline 0.001 -18"><span class='ocrx_word' id='word_1_194' title='bbox 230 2457 365 2502; x_wconf 87' lang='lat' dir='ltr'>runt,</span> <span class='ocrx_word' id='word_1_195' title='bbox 402 2445 652 2507; x_wconf 89' lang='lat' dir='ltr'>collemque</span> <span class='ocrx_word' id='word_1_196' title='bbox 697 2456 930 2507; x_wconf 87' lang='lat' dir='ltr'>ceperunt,</span> <span class='ocrx_word' id='word_1_197' title='bbox 969 2464 1113 2508; x_wconf 86' lang='lat' dir='ltr'>neque</span> <span class='ocrx_word' id='word_1_198' title='bbox 1153 2457 1411 2491; x_wconf 85' lang='lat' dir='ltr'>nostrorum</span> <span class='ocrx_word' id='word_1_199' title='bbox 1447 2446 1640 2491; x_wconf 86' lang='lat' dir='ltr'>militum</span> 
     </span>
     <span class='ocr_line' id='line_1_29' title="bbox 231 2528 1641 2589; baseline 0.001 -19"><span class='ocrx_word' id='word_1_200' title='bbox 231 2529 453 2572; x_wconf 88' lang='lat' dir='ltr'>victorum</span> <span class='ocrx_word' id='word_1_201' title='bbox 475 2529 690 2589; x_wconf 86' lang='lat' dir='ltr'>impetum</span> <span class='ocrx_word' id='word_1_202' title='bbox 712 2529 928 2572; x_wconf 85' lang='lat' dir='ltr'>sustinere</span> <span class='ocrx_word' id='word_1_203' title='bbox 953 2538 1209 2589; x_wconf 81' lang='lat' dir='ltr'>potuerunt.</span> <span class='ocrx_word' id='word_1_204' title='bbox 1232 2528 1325 2584; x_wconf 88' lang='lat' dir='ltr'>Sic,</span> <span class='ocrx_word' id='word_1_205' title='bbox 1341 2545 1443 2572; x_wconf 91' lang='lat' dir='ltr'>cum</span> <span class='ocrx_word' id='word_1_206' title='bbox 1467 2530 1555 2572; x_wconf 92' lang='lat' dir='ltr'>suis</span> <span class='ocrx_word' id='word_1_207' title='bbox 1578 2528 1641 2572; x_wconf 90' lang='lat' dir='ltr'>fu-</span> 
     </span>
     <span class='ocr_line' id='line_1_30' title="bbox 233 2610 1640 2672; baseline 0 -19"><span class='ocrx_word' id='word_1_208' title='bbox 233 2611 456 2671; x_wconf 83' lang='lat' dir='ltr'>gientibus</span> <span class='ocrx_word' id='word_1_209' title='bbox 477 2611 703 2672; x_wconf 75' lang='lat' dir='ltr'>permixti,</span> <span class='ocrx_word' id='word_1_210' title='bbox 729 2627 838 2670; x_wconf 86' lang='lat' dir='ltr'>quos</span> <span class='ocrx_word' id='word_1_211' title='bbox 862 2626 953 2653; x_wconf 89' lang='lat' dir='ltr'>non</span> <span class='ocrx_word' id='word_1_212' title='bbox 980 2610 1097 2654; x_wconf 86' lang='lat' dir='ltr'>silvae</span> <span class='ocrx_word' id='word_1_213' title='bbox 1121 2621 1383 2671; x_wconf 87' lang='lat' dir='ltr'>montesque</span> <span class='ocrx_word' id='word_1_214' title='bbox 1409 2619 1640 2665; x_wconf 82' lang='lat' dir='ltr'>texerunt,</span> 
     </span>
    </p>
   </div>
   <div class='ocr_carea' id='block_1_3' title="bbox 235 2691 1640 2754">
    <p class='ocr_par' dir='ltr' id='par_1_4' title="bbox 235 2691 1640 2754">
     <span class='ocr_line' id='line_1_31' title="bbox 235 2691 1640 2754; baseline 0 -19"><span class='ocrx_word' id='word_1_215' title='bbox 235 2691 289 2735; x_wconf 84' lang='lat' dir='ltr'>ab</span> <span class='ocrx_word' id='word_1_216' title='bbox 310 2693 509 2752; x_wconf 83' lang='lat' dir='ltr'>equitatu</span> <span class='ocrx_word' id='word_1_217' title='bbox 534 2702 633 2736; x_wconf 87' lang='lat' dir='ltr'>sunt</span> <span class='ocrx_word' id='word_1_218' title='bbox 659 2691 890 2736; x_wconf 66' lang='lat' dir='ltr'>interfectie</span> <span class='ocrx_word' id='word_1_219' title='bbox 916 2694 1011 2736; x_wconf 87' lang='lat' dir='ltr'>Hoc</span> <span class='ocrx_word' id='word_1_220' title='bbox 1035 2693 1214 2754; x_wconf 79' lang='lat' dir='ltr'>negotio</span> <span class='ocrx_word' id='word_1_221' title='bbox 1237 2691 1460 2748; x_wconf 75' lang='lat' dir='ltr'>confecto,</span> <span class='ocrx_word' id='word_1_222' title='bbox 1486 2692 1640 2737; x_wconf 87' lang='lat' dir='ltr'>Labie-</span> 
     </span>
    </p>
   </div>
  </div>
 </body>
</html>
