1972 3356
522 239 583 274 DE
614 238 774 275 BELLO
806 237 1076 274 AFRICANO.
1408 235 1482 282 239

100 322 312 384 oppidum
346 323 563 379 constitit,
600 339 810 382 suamque
844 322 980 366 aciem
1017 320 1201 364 mediam
1237 336 1288 363 eo
1320 319 1483 380 oppido

100 404 206 447 texit
228 421 236 447 :
257 403 459 447 dextrum
486 403 796 462 sinistrumque
818 418 977 455 cornu,
999 402 1072 444 ubi
1091 400 1312 461 elephanti
1337 409 1482 453 erant,

100 485 143 527 in
169 493 402 545 conspectu
426 483 593 545 patenti
618 482 965 526 adversariorum
981 482 1191 524 constitit.

165 567 302 609 XLII.
328 566 479 621 Quum
498 564 587 624 jam
626 579 764 623 prope
791 560 894 606 solis
921 577 1122 604 occasum
1159 563 1305 605 Caesar
1331 578 1484 622 exspe-

100 646 324 699 ctavisset,
353 660 493 704 neque
519 660 569 687 ex
596 659 647 686 eo
670 641 793 697 loco,
821 657 909 701 quo
938 641 1214 696 constiterat,
1237 642 1483 702 Scipionem

99 724 302 786 progredi
341 725 522 785 propius
548 740 592 767 se
626 721 1024 776 animadvertisset,
1062 720 1246 782 locoque
1282 738 1325 765 se
1349 724 1486 783 magis

99 805 330 849 defendere
345 840 356 857 ,
375 805 409 847 si
425 820 494 848 res
513 804 746 865 coegisset,
771 819 903 863 quam
930 803 973 846 in
997 819 1152 863 campo
1171 803 1371 846 cominus
1387 819 1486 846 con·

99 885 250 929 sistere
268 884 454 940 audere,
482 901 565 928 non
584 894 648 928 est
663 884 753 928 visa
769 884 879 928 ratio
897 884 1079 945 propius
1094 882 1328 927 accedendi
1350 900 1401 927 eo
1415 883 1485 927 die

96 965 150 1009 ad
166 965 378 1027 oppidum
398 1000 408 1021 ,
427 967 635 1026 quoniam
652 966 709 1010 ibi
732 965 983 1026 praesidium
999 964 1163 1026 grande
1186 964 1485 1009 Numidarum

96 1064 188 1091 esse
207 1058 500 1110 cognoverat,
527 1047 761 1108 hostesque
786 1046 974 1090 mediam
1003 1048 1139 1090 aciem
1174 1062 1296 1090 suam
1319 1045 1484 1106 oppido

97 1129 280 1183 texisse3
305 1129 475 1189 sibique
494 1128 669 1174 difficile
693 1128 810 1172 factu
831 1144 922 1172 esse
942 1126 1182 1183 intellexit,
1199 1125 1328 1171 simul
1351 1136 1393 1171 et
1411 1144 1488 1188 op-

97 1209 250 1269 pidum
274 1226 362 1253 uno
384 1219 580 1270 tempore
600 1225 879 1271 oppugnare,
906 1217 947 1253 et
979 1209 1022 1252 iu
1049 1209 1140 1252 acie
1164 1209 1208 1252 in
1226 1225 1363 1252 cornu
1392 1207 1488 1251 dex-

96 1299 165 1333 tro
180 1307 229 1334 ac
242 1290 419 1335 sinistro
434 1307 486 1334 ex
502 1291 719 1351 iniquiore
733 1290 831 1334 loco
848 1306 1046 1352 pugnare
1062 1324 1073 1344 ,
1096 1289 1335 1351 praesertim
1350 1306 1484 1349 quum

97 1369 256 1415 milites
283 1388 306 1415 a
328 1388 455 1414 mane
482 1370 568 1415 diei
585 1371 726 1432 jejuni
751 1371 829 1415 sub
852 1371 985 1415 armis
1009 1372 1227 1414 stetissent
1247 1369 1483 1431 defatigati.

94 1452 249 1512 Itaque
273 1451 465 1496 reductis
487 1452 576 1496 suis
599 1452 737 1513 copiis
759 1452 802 1495 in
826 1461 991 1505 castra,
1013 1460 1189 1512 postero
1215 1450 1283 1494 die
1304 1451 1487 1512 propius

95 1547 249 1576 eorum
275 1534 411 1577 aciem
436 1533 624 1577 instituit
649 1534 931 1594 exporrigere
957 1533 1237 1576 munitiones.

162 1615 324 1658 XLIII.
353 1614 532 1657 Interim
560 1613 822 1669 Considius,
852 1613 927 1674 qui
960 1611 1175 1657 Achillam
1202 1622 1303 1657 octo
1330 1612 1487 1656 cohor-

98 1693 213 1737 tibus
241 1693 537 1755 stipendiariis
572 1694 778 1740 Numidis
803 1692 1075 1755 Gaetulisque
1118 1693 1373 1749 obsidebat,
1413 1693 1488 1738 ubi

95 1776 145 1819 C.
174 1775 363 1819 Messius
392 1775 648 1819 cohortibus
683 1785 889 1835 praeerat‚
921 1774 996 1818 diu
1024 1774 1301 1835 multumque
1335 1791 1489 1834 exper-

95 1865 192 1913 tus,
218 1856 478 1917 magnisque
507 1855 714 1917 operibus
748 1871 860 1916 saepe
888 1854 1102 1911 admotis,
1131 1864 1174 1898 et
1210 1855 1260 1898 iis
1286 1855 1340 1898 ab
1366 1855 1488 1915 oppi-

95 1934 219 1980 danis
245 1937 464 1994 incensis,
495 1954 633 1998 quum
664 1935 894 1998 proficeret
920 1935 1057 1989 nihil,
1081 1936 1227 1979 subito
1254 1936 1411 1979 nuntio
1435 1934 1488 1979 de

96 2018 289 2078 equestri
326 2017 482 2079 proelio
515 2018 648 2062 allato
692 2027 965 2074 commotus,
999 2016 1247 2069 frumento,
1285 2016 1408 2077 cujus
1444 2017 1488 2059 in

97 2099 250 2143 castris
274 2100 447 2160 copiam
469 2099 702 2156 habuerat,
728 2100 927 2156 incenso,
946 2099 1049 2143 vino
1064 2134 1075 2154 ,
1094 2098 1191 2143 oleo
1210 2134 1221 2156 ‚
1246 2098 1490 2158 ceterisque

97 2179 254 2236 rebus,
283 2197 379 2241 quae
409 2179 464 2224 ad
490 2181 654 2224 victum
689 2181 833 2242 parari
865 2179 1030 2235 solent,
1068 2181 1310 2242 corruptis,
1342 2178 1490 2223 Achil-

95 2259 208 2316 lam,
239 2278 372 2322 quam
406 2262 659 2317 obsidebat,
687 2261 906 2318 deseruit3
936 2272 1094 2323 atque,
1126 2262 1283 2306 itinere
1312 2277 1390 2323 per
1423 2276 1489 2304 re-

96 2358 231 2403 gnum
245 2342 367 2386 Jubae
383 2342 517 2397 facto,
535 2344 683 2404 copias
695 2360 793 2387 cum
810 2344 1016 2405 Scipione
1031 2343 1220 2404 partitus
1235 2378 1246 2399 ,
1268 2341 1485 2387 Adrume-

96 2433 189 2466 tum
216 2439 260 2466 se
284 2424 461 2485 recepit.

161 2507 321 2549 XLIV.
351 2508 524 2550 Interea
549 2523 601 2550 ex
627 2506 818 2551 secundo
844 2516 1093 2551 commeatu
1109 2541 1120 2561 ,
1145 2522 1275 2567 quem
1297 2522 1319 2548 a
1341 2503 1488 2549 Sicilia

97 2585 272 2630 miserat
293 2585 514 2642 Allienus,
539 2588 661 2632 navis
686 2604 797 2644 una,
818 2589 860 2632 in
887 2605 972 2649 qua
993 2587 1131 2632 fuerat
1153 2588 1208 2644 Q.
1231 2586 1487 2641 Cominius,

98 2674 141 2708 et
164 2668 214 2710 L.
238 2666 389 2710 Ticida
414 2683 546 2729 eques
570 2685 800 2726 romanus,
826 2669 880 2713 ab
907 2668 1081 2713 residua
1107 2667 1241 2712 classe
1267 2684 1403 2727 quum
1429 2683 1491 2710 er-
