1972 3356
396 299 468 333 216
604 300 641 334 C.
674 298 800 332 JULII
831 296 1047 332 GAESARIS
1079 295 1559 331 COMMENTARIORUM

394 382 618 437 hostibus,
651 397 702 424 eo
731 397 819 440 quo
853 380 1096 425 Labienum
1134 378 1311 422 miserat
1343 377 1593 432 contendit,
1624 378 1778 421 cohor-

396 472 457 504 tes
485 477 531 505 1v
557 478 608 504 ex
638 462 839 521 proximo
863 458 1042 504 castello
1076 459 1280 513 deducit3
1309 458 1508 517 equitum
1538 473 1581 500 se
1612 467 1779 517 partem

396 542 543 601 sequi,
582 551 750 601 partem
790 541 1024 584 circumire
1058 539 1294 583 exteriores
1330 538 1620 592 munitiones,
1656 546 1697 579 et
1728 537 1780 579 ab

395 631 518 664 tercro
553 621 697 664 hostes
726 620 889 664 adoriri
921 621 1059 681 jubet.
1095 620 1337 675 Labienus,
1374 627 1607 678 postquam
1640 634 1782 677 neque

464 656 488 682 t>

396 718 576 762 aggeres
612 718 754 761 neque
785 701 908 744 fossae
951 701 1040 744 vim
1075 700 1270 744 hostium
1305 689 1517 742 sustinere
1554 706 1782 758 poterant,

397 782 556 825 coactis
588 781 999 842 undequadraginta
1030 780 1312 836 cohortibus,
1348 795 1456 839 quas
1489 794 1541 821 ex
1572 777 1783 838 proximis

397 861 607 922 praesidiis
637 861 845 905 deductas
875 861 961 904 fors
982 859 1161 914 obtulit,
1183 862 1397 904 Caesarem
1418 875 1497 919 per
1520 858 1695 901 nuntios
1722 857 1784 901 fa—

397 942 456 985 cit
481 942 715 985 certiorem
740 942 846 1002 quid
871 940 1121 985 faciendum
1145 941 1373 984 existimet.

460 1023 755 1065 LXXXVIII.
784 1019 1010 1065 Accelerat
1029 1022 1195 1076 Caesar,
1221 1029 1270 1062 ut
1292 1018 1446 1080 proelio
1472 1020 1654 1063 intersit.
1678 1020 1784 1080 Ejus

398 1101 589 1144 adventu
615 1118 664 1144 ex
698 1099 846 1144 colore
871 1101 1052 1144 vestitus
1075 1100 1252 1160 cognito
1276 1098 1386 1159 (quo
1409 1100 1570 1160 insigni
1602 1101 1645 1142 in
1672 1117 1784 1160 proe-

398 1181 464 1224 liis
495 1182 558 1224 uti
592 1181 922 1242 consueverat),
956 1181 1200 1240 turmisque
1227 1180 1425 1239 equitum
1456 1189 1499 1222 et
1532 1179 1785 1223 cohortibus

397 1261 501 1305 visis
524 1277 633 1321 quas
652 1277 695 1304 se
719 1261 841 1321 sequi
867 1261 1074 1320 jusserat,
1095 1269 1142 1303 ut
1170 1259 1223 1303 de
1247 1258 1352 1303 locis
1374 1258 1674 1319 superioribus
1697 1259 1786 1304 haec

399 1340 584 1385 declivia
608 1351 651 1384 et
675 1340 836 1385 devexa
856 1341 1171 1397 cernebantur,
1192 1340 1338 1384 hostes
1359 1338 1562 1401 proelium
1587 1341 1787 1384 commit-

400 1431 513 1464 tunt.
541 1422 763 1481 Utrinque
793 1420 985 1465 clamore
1008 1420 1202 1476 sublato,
1231 1421 1393 1481 excipit
1417 1437 1568 1465 rursus
1594 1438 1647 1465 ex
1672 1420 1787 1465 vallo

399 1512 529 1562 atque
553 1502 759 1545 omnibus
784 1502 1104 1546 munitionibus
1129 1500 1307 1545 clamor.
1334 1502 1508 1556 Nostri,
1534 1502 1702 1546 omissis
1720 1503 1787 1562 pi-

400 1580 471 1637 lis,
502 1581 656 1642 gladiis
687 1599 779 1625 rem
816 1592 987 1643 gerunt.
1019 1585 1217 1642 Repente
1249 1592 1347 1643 post
1370 1592 1541 1643 tergum
1566 1583 1786 1642 equitatus

399 1664 614 1717 cernitur3
634 1663 835 1707 cohortes
859 1663 952 1706 aliae
976 1665 1347 1724 appropinquant.
1373 1666 1530 1707 Hostes
1556 1673 1675 1724 terga
1699 1681 1786 1708 ver-

401 1752 523 1798 tunt3
554 1742 819 1804 fugientibus
853 1745 1020 1803 equites
1055 1753 1319 1799 occurrunt;
1355 1744 1403 1787 fit
1440 1761 1599 1805 magna
1635 1745 1782 1788 caedes.

399 1822 618 1878 Sedulius,
648 1823 736 1866 dux
772 1833 814 1866 et
842 1824 1046 1884 princeps
1075 1825 1382 1878 Lemovicum,
1411 1824 1654 1879 occiditur,
1677 1828 1787 1869 Ver-

400 1901 666 1962 gasillaunus
708 1905 932 1947 Arvernus
969 1904 1094 1947 vivus
1136 1904 1179 1946 in
1217 1903 1319 1965 fuga
1363 1905 1787 1964 comprehenditur3

400 1983 521 2043 signa
552 1983 759 2027 militaria
787 2000 924 2028 Lxxlv
948 1984 1003 2028 ad
1031 1986 1247 2028 Caesarem
1276 1984 1556 2037 referuntur3
1584 1986 1709 2045 pauci
1736 2003 1788 2029 ex

400 2073 522 2107 tanto
553 2081 739 2108 numero
765 2081 808 2107 se
835 2063 1076 2108 incolumes
1107 2066 1150 2107 in
1174 2074 1314 2108 castra
1341 2066 1573 2125 recipiunt.
1601 2067 1788 2127 Conspi-

398 2144 484 2187 cati
511 2160 563 2187 ex
593 2144 757 2205 oppido
786 2144 947 2188 caedem
979 2155 1021 2188 et
1054 2144 1200 2205 fugam
1234 2162 1434 2201 suorum,
1468 2146 1694 2206 desperata
1724 2163 1787 2190 sa-

398 2223 509 2280 lute,
537 2226 684 2285 copias
713 2242 736 2268 a
763 2225 1084 2268 munitionibus
1108 2225 1340 2269 reducunt.
1358 2227 1432 2269 Fit
1454 2227 1678 2286 protinus,
1705 2228 1786 2271 hac

397 2321 443 2347 re
470 2304 639 2359 audita,
673 2322 721 2348 ex
754 2306 906 2348 castris
934 2303 1167 2348 Gallorum
1200 2305 1315 2367 fuga.
1351 2306 1485 2363 Quod
1513 2307 1596 2350 nisi
1624 2308 1785 2351 crebris

396 2384 598 2429 subsidiis
630 2402 679 2428 ac
712 2386 845 2428 totius
881 2384 967 2428 diei
1007 2385 1157 2429 labore
1190 2384 1352 2429 milites
1391 2386 1573 2430 fuissent
1606 2386 1782 2435 defessi,

396 2481 546 2508 omnes
571 2465 762 2508 hostium
787 2466 923 2526 copiae
951 2465 1085 2509 deleri
1111 2468 1368 2526 potuissent.
1398 2468 1466 2510 De
1489 2467 1631 2510 media
1655 2476 1782 2509 nocte

396 2546 553 2588 missus
589 2544 809 2604 equitatus
841 2545 1127 2589 novissimum
1158 2563 1314 2607 agmen
1345 2547 1628 2606 consequitur
1655 2563 1663 2588 :
1696 2562 1782 2589 ma-

396 2640 506 2683 gnus
530 2641 738 2668 numerus
757 2625 929 2685 capitur
952 2634 1081 2684 atque
1106 2626 1394 2681 interficitur,
1418 2625 1574 2684 reliqui
1600 2642 1649 2668 cx
1680 2626 1779 2687 suga

397 2703 438 2744 in
461 2704 655 2747 civitates
676 2704 915 2748 discedunt.
