1972 3356
149 254 1518 269 MMQUWMWNJWWNWWMWNWWWW

423 450 497 519 C.
536 451 776 518 JULII
828 449 1226 516 CAESARIS

225 644 1423 739 COMMENTARIORUM

419 851 505 893 DE
540 851 755 894 BELLO
790 851 1215 895 HISPANIENSI

632 1032 806 1066 LIBER
836 1032 1006 1067 UNUS.

714 1207 926 1218 *—

125 1398 157 1440 Ι.
199 1357 471 1442 PHARNACE
499 1408 707 1459 superato
725 1434 736 1456 ,
760 1397 907 1445 Africa
929 1409 1123 1460 recepta,
1151 1401 1225 1460 qui
1250 1416 1301 1444 ex
1327 1399 1377 1443 iis
1404 1416 1517 1460 proe-

126 1475 194 1520 liis
228 1494 327 1521 cum
355 1477 628 1523 adolescente
662 1481 744 1523 Cn.
777 1481 987 1541 Pompeio
1021 1480 1342 1543 profugissent,
1377 1497 1515 1541 quum

128 1567 171 1601 et
196 1557 429 1603 Ulterioris
455 1561 677 1620 Hispaniae
704 1563 870 1621 potitus
896 1572 1031 1616 esset,
1060 1562 1165 1606 dum
1193 1563 1339 1606 Caesar
1368 1579 1519 1606 mune-

125 1638 245 1683 ribus
275 1638 430 1684 dandis
465 1640 509 1683 in
549 1639 675 1684 Italia
704 1641 951 1699 detinetur,
972 1659 1061 1703 quo
1102 1642 1274 1686 facilius
1311 1643 1515 1704 praesidia

124 1729 278 1764 contra
317 1731 593 1781 compararet
631 1723 886 1782 Pompeius,
925 1723 969 1766 in
1007 1722 1136 1766 fidem
1170 1724 1516 1784 uniuscujusque

125 1801 314 1845 civitatis
343 1801 579 1863 confugere
606 1803 750 1863 eoepit.
794 1805 860 1846 Ita
891 1803 1052 1863 partim
1082 1802 1312 1864 precibus,
1354 1804 1515 1864 partim

127 1883 192 1939 vi,
226 1881 334 1926 bene
364 1899 521 1943 magna
550 1893 803 1943 comparata
832 1900 987 1940 manu,
1015 1885 1296 1928 Provinciam
1325 1894 1510 1929 vastare.

125 1963 299 2021 Quibus
326 1964 368 2007 in
399 1963 528 2008 rebus
566 1962 789 2008 nonnullae
820 1965 1016 2008 civitates
1056 1981 1133 2008 sua
1171 1975 1328 2026 sponte
1356 1965 1519 2009 auxilia

126 2045 387 2103 mittebant,
416 2046 518 2089 item
547 2044 770 2089 nonnullae
798 2056 946 2106 portas
980 2056 1134 2089 contra
1171 2045 1422 2090 eludebant.
1453 2050 1518 2091 Ex

125 2127 285 2187 quibus
324 2127 359 2170 si
401 2143 488 2187 qua
527 2125 690 2187 oppida
719 2126 759 2169 vi
785 2137 984 2188 ceperat,
1016 2144 1153 2187 quum
1189 2126 1345 2188 aliquis
1378 2144 1429 2171 ex
1468 2144 1517 2171 ea

126 2207 301 2251 civitate
338 2208 503 2268 optime
547 2207 600 2251 de
640 2209 721 2252 Cn.
746 2207 958 2268 Pompeio
1000 2208 1180 2252 meritus
1229 2209 1336 2252 civis
1375 2218 1517 2265 esset,

125 2298 308 2350 propter
343 2288 540 2350 pecuniae
582 2288 930 2349 magnitudinem
980 2288 1127 2349 aliqua
1163 2289 1202 2333 ei
1245 2289 1519 2333 inferebatur

125 2386 280 2425 causa,
308 2379 382 2425 ut,
417 2386 468 2413 eo
497 2369 550 2414 de
581 2369 725 2413 medio
752 2369 949 2426 sublato⁷
979 2387 1031 2413 ex
1050 2371 1140 2431 ejus
1165 2371 1352 2431 pecunia
1379 2369 1515 2414 latro-

127 2468 232 2495 num
262 2449 437 2513 largitio
461 2450 596 2495 fieret.
625 2453 691 2495 Ita
715 2451 862 2512 paucis
887 2451 1127 2496 commodis
1156 2452 1281 2496 hoste
1314 2453 1518 2509 hortato‚

127 2534 313 2594 majores
343 2532 619 2594 augebantur
653 2533 802 2594 copiae.
841 2534 911 2578 Ob
944 2533 1028 2578 hoc
1069 2533 1233 2578 crebris
1272 2534 1440 2578 nuntiis
1473 2534 1518 2577 in

126 2612 297 2659 Italiam
328 2614 494 2669 missis,
519 2615 717 2659 civitates
753 2616 982 2660 contrariae
1007 2615 1217 2676 Pompeio
1244 2613 1407 2658 auxilia
1435 2614 1519 2658 sihi

128 2695 480 2759 depostulabant.

1257 2797 1270 2823 1
1284 2780 1324 2825 8.
