1972 3356
486 265 551 299 DE
581 264 738 298 BELLO
770 263 982 298 GALLICO
1012 262 1103 297 Llss.
1134 261 1235 297 v111.
1489 263 1558 301 24¹

230 351 459 393 XXXVII.
513 348 745 403 Caninius,
788 346 1034 391 felicissime
1074 363 1121 389 re
1167 353 1287 407 gesta
1334 343 1426 387 sine
1473 341 1563 385 ullo

168 448 288 493 paene
318 429 470 474 militis
500 429 701 484 vulnere,
731 429 786 472 ad
814 428 1077 472 obsidendos
1107 426 1355 488 oppidanos
1384 424 1565 467 reverti-

171 522 259 568 tur;
291 521 559 570 externoque
594 510 721 553 hoste
752 507 919 563 deleto,
952 511 1076 569 cujus
1113 509 1271 551 timore
1299 515 1425 550 antea
1460 504 1567 547 divi-

168 592 271 636 dere
303 590 503 652 praesidia
539 599 581 633 et
615 589 862 632 munitione
891 589 1137 649 oppidanos
1165 586 1439 631 circumdare
1464 602 1566 645 pro-

168 673 333 716 hibitus
362 680 475 724 erat,
501 687 635 730 opera
658 669 855 728 undique
881 669 1066 729 imperat
1093 667 1407 711 administrari.
1432 666 1568 710 Venit

168 753 320 797 eodem
345 768 445 795 cum
470 752 558 794 suis
581 750 718 810 copiis
738 760 918 810 postero
938 748 1008 793 die
1030 751 1078 793 C.
1099 748 1261 792 Fabius
1275 782 1285 802 ,
1305 755 1567 808 partemque

167 832 319 893 oppidi
343 832 474 875 sumit
498 830 552 873 ad
574 829 882 873 obsidendum.

230 915 483 957 XXXVIII.
524 915 669 956 Caesar
707 912 887 954 interim
928 912 990 955 Μ.
1022 912 1266 955 Antonium
1304 918 1568 969 quaestorem

168 1012 267 1038 cum
293 994 549 1037 cohortibus
573 1010 635 1037 xv
659 994 702 1036 in
729 991 969 1037 Bellovacis
999 991 1199 1053 reliquit,
1222 1007 1276 1034 ne
1305 1006 1391 1051 qua
1418 1004 1570 1033 rursus

168 1091 386 1119 novorum
413 1073 702 1119 consiliorum
734 1072 1051 1134 capiendorum
1075 1071 1220 1134 Belgis
1243 1070 1427 1116 facultas
1452 1071 1571 1115 darc-

169 1167 252 1199 tur.
276 1159 372 1216 Ipse
397 1154 588 1215 reliquas
618 1155 817 1199 civitates
846 1153 960 1210 adit,
983 1153 1157 1197 obsides
1185 1152 1332 1214 plures
1362 1153 1569 1213 imperat,

169 1238 373 1281 timentes
403 1237 601 1279 omnium
638 1236 807 1279 animos
838 1233 1142 1278 consolatione
1172 1244 1310 1278 sanat.
1342 1234 1494 1290 Quum
1526 1233 1569 1275 in

168 1319 385 1361 Carnutes
414 1317 624 1369 venisset,
658 1334 848 1378 quorum
879 1314 1112 1379 [consilio]
1149 1317 1193 1359 in
1230 1315 1408 1359 civitate
1446 1330 1572 1374 supc-

168 1399 284 1442 riore
328 1399 648 1442 commentario
688 1400 834 1442 Caesar
869 1398 1071 1458 exposuit
1114 1397 1292 1440 initium
1331 1395 1435 1440 belli
1479 1410 1571 1438 esse

168 1490 337 1535 ortum,
374 1479 492 1539 quod
522 1479 741 1539 praecipue
777 1495 850 1522 eos
884 1488 1069 1539 propter
1110 1477 1428 1520 conscientiam
1467 1476 1570 1521 facti

169 1561 323 1604 timere
351 1559 751 1615 animadvertebat,
781 1576 870 1620 quo
901 1558 1085 1603 celerius
1115 1558 1337 1601 civitatem
1367 1567 1487 1601 metu
1519 1556 1570 1600 li-

167 1641 363 1696 beraret,
392 1640 636 1701 principem
665 1638 840 1683 sceleris
865 1640 1000 1701 ipsius
1027 1649 1070 1682 et
1099 1639 1417 1682 concitatorem
1446 1636 1571 1689 belli,
1600 1673 1602 1675 .

167 1724 465 1777 Gutruatum,
490 1721 544 1765 ad
569 1720 837 1782 supplicium
859 1720 1071 1782 deposcit.
1094 1721 1211 1778 Qui,
1233 1720 1313 1764 etsi
1334 1736 1388 1763 ne
1403 1719 1574 1763 civibus

165 1804 342 1865 quidem
376 1804 465 1847 suis
501 1821 544 1847 se
574 1803 899 1859 committebat,
935 1813 1079 1846 tamen
1114 1802 1336 1859 celeriter,
1373 1801 1573 1846 omnium

166 1902 271 1929 cura
294 1887 523 1945 quaesitus,
548 1885 592 1927 in
618 1894 761 1928 castra
782 1883 1055 1944 perducitur.
1077 1884 1266 1945 Cogitur
1286 1884 1330 1926 in
1355 1885 1448 1944 ejus
1473 1900 1575 1943 sup—

169 1965 350 2026 plicium
387 1966 535 2009 Caesar
569 1975 723 2008 contra
750 1974 955 2008 naturam
982 1981 1128 2020 suam,
1160 1964 1354 2007 maximo
1381 1962 1573 2007 militum

168 2063 412 2101 concursu,
441 2047 516 2106 qui
555 2046 593 2089 ei
632 2047 781 2089 omnia
824 2044 1023 2106 pericula
1052 2055 1093 2089 et
1123 2045 1389 2089 detrimenta
1417 2043 1520 2088 belli
1552 2061 1574 2087 a

169 2128 395 2171 Gutruato
437 2136 618 2187 accepta
664 2126 934 2178 referebant,
970 2126 1079 2170 adeo
1116 2136 1165 2170 ut
1201 2125 1457 2169 verberibus
1502 2142 1575 2168 ex-

169 2208 412 2251 animatum
445 2224 605 2268 corpus
634 2208 774 2251 securi
802 2207 1019 2251 feriretur.

235 2290 448 2331 XXXIX.
476 2288 543 2331 'lbi
584 2288 750 2332 crebris
787 2287 942 2333 litteris
976 2290 1155 2333 Caninii
1203 2289 1249 2332 fit
1281 2289 1444 2332 certior
1479 2304 1576 2348 quae

172 2370 224 2413 de
249 2371 478 2430 Drappete
507 2379 549 2413 et
574 2370 784 2413 Lucterio
810 2380 931 2432 gesta
957 2381 1124 2426 essent,
1151 2387 1328 2432 quoque
1358 2370 1403 2413 in
1432 2369 1575 2413 consi-

170 2451 229 2495 lio
252 2461 566 2512 permanerent
594 2450 821 2511 oppidani.
847 2452 1054 2509 Quorum
1079 2453 1159 2496 etsi
1181 2453 1451 2512 paucitatem
1472 2467 1576 2494 con-

170 2532 415 2586 temnebat,
439 2542 587 2575 tamen
611 2532 900 2593 pertinaciam
926 2550 1086 2596 magna
1112 2550 1240 2594 poena
1265 2550 1357 2576 esse
1381 2532 1576 2576 afficien-

170 2613 268 2657 dam
301 2613 548 2675 judicabat3
584 2630 637 2658 nc
678 2615 884 2659 universa
918 2614 1066 2661 Gallia
1107 2633 1196 2659 non
1234 2616 1347 2658 vires
1382 2614 1463 2657 sibi
1502 2612 1577 2656 de·

170 2694 301 2739 fuisse
330 2695 386 2739 ad
410 2694 705 2739 resistendum
730 2697 970 2754 Romanis,
1000 2697 1077 2741 sed
1099 2697 1419 2753 constantiam,
1444 2704 1574 2756 puta-

365 2794 391 2820 1.
1325 2776 1379 2821 16
