1972 3356
346 299 360 321 1
373 290 416 328 14
550 287 590 321 C.
622 288 641 320 J
645 286 747 321 ULII
779 284 993 320 CAESARls
1024 284 1509 320 COMMENTARIORUM

341 371 560 431 majorum
597 368 744 412 locum
779 368 1042 412 restituerat.
1075 367 1275 410 Tertium
1306 367 1397 426 jam
1419 367 1538 411 hunc
1564 384 1727 414 annum

341 461 599 512 regnantem
622 449 788 493 inimici
808 447 952 509 palam
969 483 980 505 ,
995 447 1146 491 multis
1162 448 1294 491 etiam
1313 464 1366 491 ex
1387 447 1563 491 civitate
1580 460 1729 494 aucto-

339 532 479 586 ribus,
496 547 597 573 eum
612 528 939 573 interfecerunt.
955 528 1165 573 Defertur
1183 544 1232 571 ea
1246 544 1314 571 res
1334 527 1389 570 ad
1404 529 1633 573 Caesarem.
1649 528 1726 574 Ille

338 611 522 665 veritus,
547 609 668 670 quod
686 609 740 653 ad
762 607 908 669 plures
928 609 1195 669 pertinebat,
1221 624 1275 652 ne
1298 608 1451 652 civitas
1475 625 1628 653 eorum
1649 610 1729 653 irn-

337 689 468 752 pulsu
488 690 711 746 deficeret,
732 691 782 733 L.
804 688 1018 733 Plancum
1044 706 1145 733 cum
1169 687 1339 750 legione
1359 706 1410 732 ex
1438 688 1589 750 Belgio
1616 689 1729 733 cele-

336 772 444 815 riter
467 771 511 814 in
538 772 757 814 Carnutes
786 769 1004 829 proficisci
1030 769 1172 830 jubet,
1201 769 1349 829 ibique
1377 769 1595 825 hiemare3
1625 787 1732 830 quo-

336 868 524 912 rumque
559 867 694 912 opera
726 851 984 911 cognoverit
1018 851 1271 911 Tasgetium
1307 850 1616 907 interfectum,
1650 851 1729 895 hos

337 931 674 993 comprehensos
700 930 755 974 ad
775 947 819 974 se
843 931 1030 974 mittere.
1060 932 1243 974 Interim
1266 931 1318 974 ab
1347 931 1551 975 omnibus
1576 930 1728 993 legatis

337 1012 735 1073 quaestoribusque‚
772 1011 931 1071 quibus
977 1010 1171 1071 legiones
1207 1011 1520 1067 transdiderat‚
1568 1014 1729 1056 certior

336 1092 474 1136 factus
492 1102 574 1149 est,
598 1093 642 1135 in
667 1091 850 1135 hiberna
874 1099 1157 1150 perventum,
1173 1090 1406 1150 locumque
1422 1092 1616 1135 hibernis
1637 1109 1728 1136 esse

335 1173 573 1217 munitum.

400 1254 564 1298 XXVI.
601 1252 767 1298 Diebus
801 1252 977 1296 circiter
1010 1266 1092 1306 XV,
1135 1251 1292 1311 quibus
1328 1252 1372 1294 in
1409 1251 1594 1294 hiberna
1628 1268 1728 1295 ven-

334 1345 430 1379 tum
447 1344 512 1378 est
528 1369 539 1391 7
558 1333 733 1377 initium
757 1332 977 1393 repentini
997 1330 1213 1375 tumultus
1233 1348 1282 1375 ac
1304 1331 1559 1375 defectionis
1577 1341 1724 1377 ortum

334 1425 399 1459 est
422 1415 476 1459 ab
501 1414 757 1475 Ambiorige
780 1422 823 1457 et
847 1411 1073 1457 Cativolco
1097 1429 1105 1455 :
1132 1413 1208 1472 qui
1235 1429 1370 1472 quum
1394 1412 1449 1455 ad
1470 1412 1576 1456 fines
1602 1415 1725 1475 regni

335 1496 402 1539 sui
431 1494 592 1539 Sabino
615 1495 844 1553 Cottaeque
863 1500 1023 1550 praesto
1051 1492 1259 1548 fuissent,
1296 1492 1657 1554 frumentumque
1682 1495 1726 1538 in

332 1576 516 1619 hiberna
557 1574 972 1635 comportavissent,
1016 1571 1309 1616 Indutiomari
1354 1574 1522 1617 Treviri
1561 1576 1726 1618 nuntiis

334 1654 531 1717 impulsi,
552 1671 653 1699 suos
675 1654 1030 1709 concitaverunt,
1051 1653 1284 1714 subitoque
1303 1654 1521 1713 oppressis
1540 1653 1727 1716 lignato-

336 1738 473 1793 ribus,
490 1752 649 1797 magna
674 1751 808 1778 manu
833 1744 975 1778 castra
995 1742 1300 1794 oppugnatum
1320 1744 1551 1777 venerunt.
1573 1735 1724 1792 Quum

332 1816 532 1861 celeriter
578 1816 717 1859 nostri
760 1832 881 1859 arma
926 1814 1163 1875 cepissent,
1207 1812 1460 1874 vallumque
1505 1814 1725 1859 ascendis-

332 1908 447 1949 sent,
482 1906 633 1957 atque,
667 1912 753 1939 una
784 1912 835 1939 ex
871 1904 996 1955 parte
1032 1895 1238 1954 Hispanis
1275 1895 1496 1954 equitibus
1531 1896 1725 1946 emissis,

331 1977 522 2037 equestri
552 1976 706 2037 proelio
730 1976 977 2036 superiores
1002 1974 1205 2030 fuissent3
1233 1975 1461 2036 desperata
1485 1992 1552 2032 re,
1578 1975 1725 2021 hostes

332 2073 431 2101 suos
461 2057 514 2100 ab
546 2057 879 2118 oppugnatione
914 2055 1198 2099 reduxerunt.
1225 2058 1339 2099 Tum
1365 2073 1444 2100 suo
1471 2073 1591 2100 more
1623 2073 1725 2101 con-

336 2135 656 2193 clamaverunt,
683 2137 747 2180 uti
775 2135 909 2197 aliqui
940 2153 992 2179 ex
1019 2137 1180 2180 nostris
1208 2136 1263 2179 ad
1285 2135 1555 2197 colloquium
1580 2137 1725 2197 prodi-

331 2227 447 2273 rent3
478 2217 641 2261 habere
670 2233 781 2273 sese,
815 2233 910 2276 quae
945 2216 998 2259 de
1034 2233 1080 2260 re
1112 2218 1337 2260 communi
1362 2217 1506 2260 dicere
1541 2216 1722 2270 vellent,

337 2297 489 2355 quibus
506 2297 637 2341 rebus
666 2297 987 2340 controversias
1011 2297 1151 2340 minui
1174 2314 1299 2357 posse
1324 2309 1594 2358 superarent.

393 2381 579 2424 XXVII.
610 2380 807 2423 Mittitur
833 2379 888 2423 ad
914 2397 986 2423 eos
1022 2379 1302 2441 colloquendi
1339 2398 1468 2425 causa
1505 2383 1553 2426 C.
1591 2383 1721 2443 Arpi-

331 2459 473 2511 neius,
508 2476 639 2519 eques
668 2476 897 2515 romanus,
928 2459 1154 2504 familiaris
1195 2462 1249 2518 Q.
1274 2462 1454 2516 Titurii,
1484 2471 1524 2504 et
1557 2462 1612 2519 Q.
1645 2465 1721 2506 Ju-

337 2539 429 2582 nius
459 2556 508 2582 ex
535 2540 746 2600 Hispania
782 2539 980 2599 quidam,
1014 2542 1089 2600 qui
1119 2526 1210 2600 jam
1248 2551 1348 2585 ante
1377 2541 1511 2584 missu
1539 2543 1720 2587 Caesaris

330 2618 383 2660 ἃᾶ
409 2619 704 2680 Ambiorigem
742 2620 959 2663 ventitare
991 2631 1278 2665 consueverat
1309 2620 1457 2680 :apud
1486 2637 1595 2681 quos
1618 2625 1721 2668 Am—

339 2699 467 2742 biorix
486 2699 539 2741 ad
558 2699 674 2742 hunc
688 2699 868 2742 modum
891 2698 1061 2744 locutus
1081 2711 1146 2744 est
1165 2718 1173 2742 τ
1194 2721 1213 2741 α
1228 2703 1349 2755 Sese,
1371 2717 1450 2760 pro
1472 2704 1654 2749 Caesaris
1675 2705 1718 2747 in
