1972 3356
532 190 599 226 DE
626 189 791 226 BELLO
821 191 973 226 CIVILI
1006 191 1099 225 LIB.
1130 192 1158 225 Ι.
1496 192 1540 232 ι’,ὅ

222 276 378 320 LXXI.
406 277 510 319 Erat
535 274 707 318 occasio
731 274 841 319 bene
861 273 1062 335 gerendae
1087 276 1164 318 rei.
1190 276 1343 335 Neque
1372 291 1473 319 vero
1500 276 1541 319 id

160 359 374 401 Caesarem
396 355 607 416 fugiebat,
631 364 753 398 tanto
779 354 859 398 sub
885 353 1022 398 oculis
1046 364 1225 416 accepto
1252 354 1516 400 detrimento
1532 392 1544 412 ,

159 437 442 498 perterritum
476 435 712 479 exercitum
747 435 961 477 sustinere
995 451 1083 477 non
1119 452 1269 494 posse,
1301 438 1539 497 praesertim

160 517 479 562 circumdatum
508 515 701 575 undique
726 515 923 574 equitatu
941 548 952 570 ,
977 531 1113 574 quum
1143 516 1188 559 in
1213 515 1310 560 loco
1334 534 1458 578 aequo
1486 529 1546 562 at·

159 615 244 658 que
269 607 422 658 aperto
440 595 752 656 confligeretur
775 611 784 638 :
813 594 945 654 idque
968 611 1020 637 ex
1043 595 1247 639 omnibus
1271 598 1470 657 partibus
1491 599 1543 642 ab

159 696 211 723 eo
239 677 529 738 flagitabatur.
573 675 909 720 concurrebant
944 673 1098 736 legati,
1135 677 1433 734 centuriones,
1471 680 1546 722 tri-

160 760 355 819 bunique
390 756 579 801 militurn
598 792 609 811 ‚
635 776 655 797 (ι
682 773 736 801 ne
759 756 980 800 dubitaret
1005 756 1207 817 proelium
1250 760 1546 815 committere3

159 841 354 883 omnium
378 855 469 883 esse
495 837 682 882 militum
714 838 1012 899 paratissimos
1046 838 1214 882 animos
1245 855 1253 882 :
1286 839 1547 884 Afranianos

159 929 312 964 contra
338 919 486 963 multis
509 919 640 964 rebus
664 920 730 963 sui
758 919 926 963 timoris
950 919 1074 980 signa
1099 920 1288 977 misisse,
1317 920 1433 980 quod
1458 922 1546 964 suis

159 1018 248 1045 non
275 1001 598 1057 subvenissent,
622 1000 741 1062 quod
774 1000 827 1045 de
858 999 967 1045 colle
987 1018 1077 1045 non
1116 1000 1394 1058 decederent,
1428 1002 1545 1062 quod

159 1083 230 1127 vix
255 1083 451 1143 equitum
480 1083 681 1126 incursus
723 1082 1010 1137 sustinerent,
1039 1081 1297 1142 collatisque
1336 1083 1380 1126 in
1409 1099 1544 1126 unum

159 1162 304 1207 locum
331 1163 488 1224 signis,
510 1163 723 1220 conferti,
752 1179 893 1224 neque
920 1162 1122 1220 ordines,
1148 1179 1290 1223 neque
1315 1164 1439 1224 signa
1461 1181 1548 1208 ser-

159 1252 327 1288 varent.
356 1243 489 1301 Quod
518 1245 552 1287 si
579 1244 858 1304 iniquitatem
881 1243 965 1288 loci
993 1245 1185 1300 timeret,
1220 1243 1373 1288 datum
1402 1245 1454 1288 iri
1482 1254 1547 1289 ta-

160 1341 260 1369 men
286 1323 436 1385 aliquo
464 1323 559 1369 loco
584 1324 811 1386 pugnandi
838 1323 1086 1368 facultatem
1103 1360 1114 1380 ,
1139 1324 1256 1385 quod
1292 1335 1408 1370 certe
1448 1325 1547 1369 inde

158 1405 456 1450 decedendum
496 1422 586 1449 esse
625 1406 830 1462 Afranio,
880 1421 959 1449 nec
1006 1407 1098 1449 sine
1139 1421 1253 1465 aqua
1293 1422 1547 1466 permanere

157 1497 316 1548 posset.
342 1507 363 1528 »

222 1570 574 1633 LXXILCaesar
613 1569 655 1612 in
688 1585 783 1612 eam
815 1584 934 1629 spem
967 1577 1169 1625 venerat,
1201 1584 1245 1612 se
1278 1568 1370 1612 sine
1399 1584 1547 1630 pugna

158 1659 200 1693 et
237 1650 329 1693 sine
366 1648 545 1693 vulnere
571 1666 752 1693 suorum
786 1666 877 1693 rem
913 1648 1127 1693 conficere
1156 1665 1306 1710 posse,
1346 1649 1464 1709 quod
1503 1667 1548 1693 re

159 1730 444 1774 frumentaria
471 1729 743 1773 adversarios
772 1728 1088 1773 interclusisset
1117 1746 1126 1772 :
1157 1749 1178 1770 «
1207 1746 1286 1773 cur
1314 1731 1444 1773 etiam
1488 1747 1550 1773 se-

159 1809 304 1854 cundo
330 1809 484 1871 proelio
512 1808 680 1871 aliquos
708 1825 756 1852 ex
794 1809 882 1853 suis
923 1808 1170 1853 amitteret?
1210 1826 1289 1853 cur
1326 1809 1547 1853 vulnerari

159 1900 382 1952 pateretur
401 1891 566 1951 optime
596 1889 649 1933 de
675 1906 720 1933 se
740 1890 919 1933 meritos
943 1888 1124 1933 milites?
1152 1906 1228 1933 cur
1257 1889 1446 1950 denique
1468 1889 1551 1934 for-

161 1982 312 2016 tunam
340 1970 687 2033 periclitaretur?
714 1972 955 2032 praesertim
985 1987 1121 2032 quum
1150 1988 1238 2015 non
1267 1973 1413 2016 minus
1438 1982 1549 2016 esset

159 2053 456 2114 imperatoris,
483 2051 666 2097 consilio
693 2069 922 2114 superare,
948 2069 1083 2113 quam
1107 2051 1268 2113 gladio.
1295 2071 1315 2093 »
1339 2053 1549 2097 Moveba-

160 2144 232 2178 tur
268 2134 398 2178 etiam
434 2133 733 2178 misericordia
764 2134 951 2191 civium,
991 2150 1100 2194 quos
1128 2133 1452 2178 interficiendos
1489 2135 1549 2178 vi-

159 2214 289 2259 debat
317 2232 328 2259 z
352 2215 511 2276 quibus
546 2214 675 2259 salvis
709 2225 840 2276 atque
867 2214 1184 2269 incolumibus,
1220 2232 1311 2259 rem
1348 2215 1548 2259 obtinere

159 2294 360 2340 malebat.
390 2299 484 2341 Hoc
513 2295 744 2341 consilium
770 2297 954 2342 Caesaris
983 2314 1006 2341 a
1035 2296 1254 2358 plerisque
1272 2313 1361 2340 non
1386 2296 1550 2357 proba-

160 2377 312 2433 batur3
346 2376 504 2422 milites
533 2395 637 2423 vero
682 2376 828 2440 palam
861 2379 974 2422 inter
1009 2394 1053 2421 se
1086 2376 1401 2438 loquebantur,
1435 2394 1546 2437 quo-

161 2459 277 2502 niam
315 2457 412 2503 talis
448 2459 616 2504 occasio
662 2459 855 2503 victoriae
897 2459 1213 2515 dimitteretur,
1245 2458 1374 2501 etiam
1411 2473 1548 2517 quum

162 2538 292 2584 vellet
320 2542 484 2597 Caesar,
509 2557 600 2586 sese
622 2557 711 2585 non
739 2557 830 2585 esse
851 2551 1140 2603 pugnaturos.
1169 2538 1249 2584 Ille
1275 2539 1321 2582 in
1344 2554 1419 2582 sua
1450 2554 1549 2582 sen-

163 2621 293 2665 tentia
332 2632 606 2683 perseverat,
644 2632 687 2666 et
713 2621 940 2684 paululum
972 2639 1022 2666 ex
1061 2639 1112 2666 eo
1148 2620 1244 2665 loco
1271 2619 1547 2682 digreditur,
