<?xml version="1.0" encoding="UTF-8"?>
<!DOCTYPE html PUBLIC "-//W3C//DTD XHTML 1.0 Transitional//EN"
    "http://www.w3.org/TR/xhtml1/DTD/xhtml1-transitional.dtd">
<html xmlns="http://www.w3.org/1999/xhtml" xml:lang="en" lang="en">
 <head>
  <title>
</title>
<meta http-equiv="Content-Type" content="text/html;charset=utf-8" />
  <meta name='ocr-system' content='tesseract 3.04.00' />
  <meta name='ocr-capabilities' content='ocr_page ocr_carea ocr_par ocr_line ocrx_word'/>
</head>
<body>
  <div class='ocr_page' id='page_1' title='image "./operajoh0102caesuoft_0231.png"; bbox 0 0 1972 3356; ppageno 0'>
   <div class='ocr_carea' id='block_1_1' title="bbox 484 232 1552 284">
    <p class='ocr_par' dir='ltr' id='par_1_1' title="bbox 484 232 1552 284">
     <span class='ocr_line' id='line_1_1' title="bbox 484 232 1552 284; baseline 0.005 -17"><span class='ocrx_word' id='word_1_1' title='bbox 484 232 548 267; x_wconf 87' lang='lat' dir='ltr'>DE</span> <span class='ocrx_word' id='word_1_2' title='bbox 576 233 732 268; x_wconf 89' lang='lat' dir='ltr'>BELLO</span> <span class='ocrx_word' id='word_1_3' title='bbox 764 234 977 269; x_wconf 75' lang='lat' dir='ltr'>GALLICO</span> <span class='ocrx_word' id='word_1_4' title='bbox 1010 236 1100 269; x_wconf 87' lang='lat' dir='ltr'>LIB.</span> <span class='ocrx_word' id='word_1_5' title='bbox 1124 236 1205 270; x_wconf 76' lang='lat' dir='ltr'>VII.</span> <span class='ocrx_word' id='word_1_6' title='bbox 1479 250 1552 284; x_wconf 84' lang='lat'>209</span> 
     </span>
    </p>
   </div>
   <div class='ocr_carea' id='block_1_2' title="bbox 155 309 1560 2715">
    <p class='ocr_par' dir='ltr' id='par_1_2' title="bbox 155 309 1555 1016">
     <span class='ocr_line' id='line_1_2' title="bbox 155 309 1550 377; baseline 0.006 -22"><span class='ocrx_word' id='word_1_7' title='bbox 155 309 344 374; x_wconf 81' lang='lat' dir='ltr'>redorigi</span> <span class='ocrx_word' id='word_1_8' title='bbox 393 314 564 371; x_wconf 84' lang='lat' dir='ltr'>AEduis,</span> <span class='ocrx_word' id='word_1_9' title='bbox 614 319 653 360; x_wconf 88' lang='lat' dir='ltr'>V</span> <span class='ocrx_word' id='word_1_10' title='bbox 656 316 947 377; x_wconf 83' lang='lat' dir='ltr'>ergasillauno</span> <span class='ocrx_word' id='word_1_11' title='bbox 1006 320 1226 374; x_wconf 88' lang='lat' dir='ltr'>Arverno,</span> <span class='ocrx_word' id='word_1_12' title='bbox 1284 320 1550 363; x_wconf 84' lang='lat' dir='ltr'>consobrino</span> 
     </span>
     <span class='ocr_line' id='line_1_3' title="bbox 155 395 1549 458; baseline 0.004 -21"><span class='ocrx_word' id='word_1_13' title='bbox 155 395 556 457; x_wconf 73' lang='lat' dir='ltr'><strong>Vercingetorigis,</strong></span> <span class='ocrx_word' id='word_1_14' title='bbox 597 414 767 440; x_wconf 89' lang='lat' dir='ltr'>summa</span> <span class='ocrx_word' id='word_1_15' title='bbox 810 399 982 458; x_wconf 89' lang='lat' dir='ltr'>imperii</span> <span class='ocrx_word' id='word_1_16' title='bbox 1029 398 1232 442; x_wconf 79' lang='lat' dir='ltr'>traditur.</span> <span class='ocrx_word' id='word_1_17' title='bbox 1272 399 1351 442; x_wconf 91' lang='lat' dir='ltr'>His</span> <span class='ocrx_word' id='word_1_18' title='bbox 1392 399 1549 443; x_wconf 79' lang='lat' dir='ltr'>delecti</span> 
     </span>
     <span class='ocr_line' id='line_1_4' title="bbox 155 475 1552 536; baseline 0.004 -19"><span class='ocrx_word' id='word_1_19' title='bbox 155 491 205 517; x_wconf 80' lang='lat' dir='ltr'>ex</span> <span class='ocrx_word' id='word_1_20' title='bbox 228 475 480 520; x_wconf 88' lang='lat' dir='ltr'>civitatibus</span> <span class='ocrx_word' id='word_1_21' title='bbox 511 478 836 533; x_wconf 86' lang='lat' dir='ltr'>attribuuntur,</span> <span class='ocrx_word' id='word_1_22' title='bbox 862 495 1052 536; x_wconf 86' lang='lat' dir='ltr'>quorum</span> <span class='ocrx_word' id='word_1_23' title='bbox 1079 477 1264 522; x_wconf 85' lang='lat' dir='ltr'>consilio</span> <span class='ocrx_word' id='word_1_24' title='bbox 1288 478 1454 523; x_wconf 82' lang='lat' dir='ltr'>bellum</span> <span class='ocrx_word' id='word_1_25' title='bbox 1480 479 1552 522; x_wconf 90' lang='lat' dir='ltr'>ad-</span> 
     </span>
     <span class='ocr_line' id='line_1_5' title="bbox 155 555 1551 619; baseline 0.004 -22"><span class='ocrx_word' id='word_1_26' title='bbox 155 555 493 600; x_wconf 75' lang='lat' dir='ltr'><strong>ministraretur.</strong></span> <span class='ocrx_word' id='word_1_27' title='bbox 533 560 698 601; x_wconf 85' lang='lat' dir='ltr'><strong>Omnes</strong></span> <span class='ocrx_word' id='word_1_28' title='bbox 732 557 895 600; x_wconf 77' lang='lat' dir='ltr'>alacres</span> <span class='ocrx_word' id='word_1_29' title='bbox 930 568 972 600; x_wconf 93' lang='lat' dir='ltr'>et</span> <span class='ocrx_word' id='word_1_30' title='bbox 1004 558 1172 601; x_wconf 84' lang='lat' dir='ltr'>fiduciae</span> <span class='ocrx_word' id='word_1_31' title='bbox 1208 558 1326 619; x_wconf 91' lang='lat' dir='ltr'>pleni</span> <span class='ocrx_word' id='word_1_32' title='bbox 1361 560 1413 603; x_wconf 86' lang='lat' dir='ltr'>ad</span> <span class='ocrx_word' id='word_1_33' title='bbox 1450 558 1551 604; x_wconf 86' lang='lat' dir='ltr'>Ale-</span> 
     </span>
     <span class='ocr_line' id='line_1_6' title="bbox 156 635 1552 699; baseline 0.004 -22"><span class='ocrx_word' id='word_1_34' title='bbox 156 635 264 677; x_wconf 87' lang='lat' dir='ltr'>siam</span> <span class='ocrx_word' id='word_1_35' title='bbox 292 636 657 695; x_wconf 78' lang='lat' dir='ltr'>proficiscuntur3</span> <span class='ocrx_word' id='word_1_36' title='bbox 688 653 833 695; x_wconf 89' lang='lat' dir='ltr'>neque</span> <span class='ocrx_word' id='word_1_37' title='bbox 860 647 954 680; x_wconf 88' lang='lat' dir='ltr'>erat</span> <span class='ocrx_word' id='word_1_38' title='bbox 978 638 1179 680; x_wconf 89' lang='lat' dir='ltr'>omnium</span> <span class='ocrx_word' id='word_1_39' title='bbox 1216 639 1449 698; x_wconf 88' lang='lat' dir='ltr'>quisquam</span> <span class='ocrx_word' id='word_1_40' title='bbox 1477 641 1552 699; x_wconf 85' lang='lat' dir='ltr'>qui</span> 
     </span>
     <span class='ocr_line' id='line_1_7' title="bbox 156 715 1552 778; baseline 0.003 -20"><span class='ocrx_word' id='word_1_41' title='bbox 156 725 379 775; x_wconf 83' lang='lat' dir='ltr'>aspectum</span> <span class='ocrx_word' id='word_1_42' title='bbox 419 715 551 759; x_wconf 89' lang='lat' dir='ltr'>modo</span> <span class='ocrx_word' id='word_1_43' title='bbox 587 725 718 759; x_wconf 83' lang='lat' dir='ltr'>tantae</span> <span class='ocrx_word' id='word_1_44' title='bbox 748 715 1046 760; x_wconf 87' lang='lat' dir='ltr'>multitudinis</span> <span class='ocrx_word' id='word_1_45' title='bbox 1084 718 1291 760; x_wconf 78' lang='lat' dir='ltr'>sustineri</span> <span class='ocrx_word' id='word_1_46' title='bbox 1323 735 1449 778; x_wconf 89' lang='lat' dir='ltr'>posse</span> <span class='ocrx_word' id='word_1_47' title='bbox 1484 736 1552 762; x_wconf 90' lang='lat' dir='ltr'>ar-</span> 
     </span>
     <span class='ocr_line' id='line_1_8' title="bbox 155 795 1553 860; baseline 0.004 -23"><span class='ocrx_word' id='word_1_48' title='bbox 155 795 415 853; x_wconf 86' lang='lat' dir='ltr'>bitraretur,</span> <span class='ocrx_word' id='word_1_49' title='bbox 444 796 686 856; x_wconf 81' lang='lat' dir='ltr'>praesertim</span> <span class='ocrx_word' id='word_1_50' title='bbox 716 796 901 856; x_wconf 83' lang='lat' dir='ltr'>ancipiti</span> <span class='ocrx_word' id='word_1_51' title='bbox 932 795 1113 857; x_wconf 87' lang='lat' dir='ltr'>proelio,</span> <span class='ocrx_word' id='word_1_52' title='bbox 1144 814 1281 857; x_wconf 90' lang='lat' dir='ltr'>quum</span> <span class='ocrx_word' id='word_1_53' title='bbox 1310 815 1361 841; x_wconf 83' lang='lat' dir='ltr'>ex</span> <span class='ocrx_word' id='word_1_54' title='bbox 1390 799 1553 860; x_wconf 88' lang='lat' dir='ltr'>oppido</span> 
     </span>
     <span class='ocr_line' id='line_1_9' title="bbox 156 876 1555 940; baseline 0.004 -22"><span class='ocrx_word' id='word_1_55' title='bbox 156 877 385 936; x_wconf 78' lang='lat' dir='ltr'>eruptione</span> <span class='ocrx_word' id='word_1_56' title='bbox 410 886 707 938; x_wconf 81' lang='lat' dir='ltr'>pugnaretur,</span> <span class='ocrx_word' id='word_1_57' title='bbox 733 876 837 920; x_wconf 90' lang='lat' dir='ltr'>foris</span> <span class='ocrx_word' id='word_1_58' title='bbox 869 886 999 920; x_wconf 82' lang='lat' dir='ltr'>tantae</span> <span class='ocrx_word' id='word_1_59' title='bbox 1024 878 1161 938; x_wconf 78' lang='lat' dir='ltr'>copiae</span> <span class='ocrx_word' id='word_1_60' title='bbox 1189 880 1410 938; x_wconf 81' lang='lat' dir='ltr'>equitatus</span> <span class='ocrx_word' id='word_1_61' title='bbox 1440 880 1555 940; x_wconf 87' lang='lat' dir='ltr'>pedi-</span> 
     </span>
     <span class='ocr_line' id='line_1_10' title="bbox 157 965 674 1016; baseline 0.006 -18"><span class='ocrx_word' id='word_1_62' title='bbox 157 965 360 1016; x_wconf 87' lang='lat' dir='ltr'>tatusque</span> <span class='ocrx_word' id='word_1_63' title='bbox 385 967 674 1002; x_wconf 82' lang='lat' dir='ltr'>cernerentur</span> 
     </span>
    </p>

    <p class='ocr_par' dir='ltr' id='par_1_3' title="bbox 156 1037 1560 2715">
     <span class='ocr_line' id='line_1_11' title="bbox 220 1037 1554 1101; baseline 0.004 -21"><span class='ocrx_word' id='word_1_64' title='bbox 220 1038 444 1081; x_wconf 84' lang='lat' dir='ltr'>LXXVII.</span> <span class='ocrx_word' id='word_1_65' title='bbox 487 1040 543 1082; x_wconf 91' lang='lat' dir='ltr'>At</span> <span class='ocrx_word' id='word_1_66' title='bbox 584 1039 612 1080; x_wconf 89' lang='lat' dir='ltr'>ii</span> <span class='ocrx_word' id='word_1_67' title='bbox 654 1039 728 1098; x_wconf 91' lang='lat' dir='ltr'>qni</span> <span class='ocrx_word' id='word_1_68' title='bbox 767 1037 921 1083; x_wconf 85' lang='lat' dir='ltr'>Alesiae</span> <span class='ocrx_word' id='word_1_69' title='bbox 956 1039 1301 1095; x_wconf 82' lang='lat' dir='ltr'>obsidebantur,</span> <span class='ocrx_word' id='word_1_70' title='bbox 1333 1042 1554 1101; x_wconf 84' lang='lat' dir='ltr'>praeterita</span> 
     </span>
     <span class='ocr_line' id='line_1_12' title="bbox 157 1116 1552 1182; baseline 0.004 -23"><span class='ocrx_word' id='word_1_71' title='bbox 157 1116 226 1159; x_wconf 85' lang='lat' dir='ltr'>die</span> <span class='ocrx_word' id='word_1_72' title='bbox 247 1133 333 1176; x_wconf 90' lang='lat' dir='ltr'>qua</span> <span class='ocrx_word' id='word_1_73' title='bbox 355 1134 535 1160; x_wconf 80' lang='lat' dir='ltr'>suorum</span> <span class='ocrx_word' id='word_1_74' title='bbox 560 1117 720 1162; x_wconf 82' lang='lat' dir='ltr'>auxilia</span> <span class='ocrx_word' id='word_1_75' title='bbox 744 1129 1127 1179; x_wconf 82' lang='lat' dir='ltr'>exspectaverant,</span> <span class='ocrx_word' id='word_1_76' title='bbox 1147 1131 1413 1182; x_wconf 88' lang='lat' dir='ltr'>consumpto</span> <span class='ocrx_word' id='word_1_77' title='bbox 1432 1123 1552 1165; x_wconf 90' lang='lat' dir='ltr'>omni</span> 
     </span>
     <span class='ocr_line' id='line_1_13' title="bbox 158 1198 1555 1263; baseline 0.004 -22"><span class='ocrx_word' id='word_1_78' title='bbox 158 1198 406 1255; x_wconf 87' lang='lat' dir='ltr'>frumento,</span> <span class='ocrx_word' id='word_1_79' title='bbox 452 1200 574 1242; x_wconf 86' lang='lat' dir='ltr'>inscii</span> <span class='ocrx_word' id='word_1_80' title='bbox 622 1200 728 1260; x_wconf 87' lang='lat' dir='ltr'>quid</span> <span class='ocrx_word' id='word_1_81' title='bbox 775 1201 819 1243; x_wconf 89' lang='lat' dir='ltr'>in</span> <span class='ocrx_word' id='word_1_82' title='bbox 870 1200 1021 1244; x_wconf 81' lang='lat' dir='ltr'>AEduis</span> <span class='ocrx_word' id='word_1_83' title='bbox 1066 1212 1315 1263; x_wconf 79' lang='lat' dir='ltr'>gereretur,</span> <span class='ocrx_word' id='word_1_84' title='bbox 1366 1202 1555 1247; x_wconf 88' lang='lat' dir='ltr'>concilio</span> 
     </span>
     <span class='ocr_line' id='line_1_14' title="bbox 160 1278 1556 1345; baseline 0.004 -23"><span class='ocrx_word' id='word_1_85' title='bbox 160 1289 333 1335; x_wconf 81' lang='lat' dir='ltr'>coacto,</span> <span class='ocrx_word' id='word_1_86' title='bbox 354 1278 406 1322; x_wconf 91' lang='lat' dir='ltr'>de</span> <span class='ocrx_word' id='word_1_87' title='bbox 424 1280 544 1323; x_wconf 78' lang='lat' dir='ltr'>exitu</span> <span class='ocrx_word' id='word_1_88' title='bbox 566 1280 846 1324; x_wconf 87' lang='lat' dir='ltr'>fortunarum</span> <span class='ocrx_word' id='word_1_89' title='bbox 872 1298 1051 1324; x_wconf 87' lang='lat' dir='ltr'>suarum</span> <span class='ocrx_word' id='word_1_90' title='bbox 1077 1281 1401 1327; x_wconf 84' lang='lat' dir='ltr'>consultabant.</span> <span class='ocrx_word' id='word_1_91' title='bbox 1424 1285 1556 1345; x_wconf 91' lang='lat' dir='ltr'>Apud</span> 
     </span>
     <span class='ocr_line' id='line_1_15' title="bbox 160 1360 1555 1423; baseline 0.004 -21"><span class='ocrx_word' id='word_1_92' title='bbox 160 1377 269 1420; x_wconf 89' lang='lat' dir='ltr'>quos</span> <span class='ocrx_word' id='word_1_93' title='bbox 303 1361 435 1403; x_wconf 88' lang='lat' dir='ltr'>variis</span> <span class='ocrx_word' id='word_1_94' title='bbox 467 1360 594 1403; x_wconf 89' lang='lat' dir='ltr'>dictis</span> <span class='ocrx_word' id='word_1_95' title='bbox 628 1362 881 1417; x_wconf 85' lang='lat' dir='ltr'>sententiis,</span> <span class='ocrx_word' id='word_1_96' title='bbox 911 1379 1099 1421; x_wconf 89' lang='lat' dir='ltr'>quarum</span> <span class='ocrx_word' id='word_1_97' title='bbox 1129 1380 1228 1423; x_wconf 89' lang='lat' dir='ltr'>pars</span> <span class='ocrx_word' id='word_1_98' title='bbox 1263 1363 1555 1420; x_wconf 88' lang='lat' dir='ltr'>deditionem,</span> 
     </span>
     <span class='ocr_line' id='line_1_16' title="bbox 159 1440 1556 1503; baseline 0.003 -19"><span class='ocrx_word' id='word_1_99' title='bbox 159 1457 276 1501; x_wconf 82' lang='lat' dir='ltr'>pars,</span> <span class='ocrx_word' id='word_1_100' title='bbox 321 1440 424 1484; x_wconf 89' lang='lat' dir='ltr'>dum</span> <span class='ocrx_word' id='word_1_101' title='bbox 470 1441 582 1484; x_wconf 87' lang='lat' dir='ltr'>vires</span> <span class='ocrx_word' id='word_1_102' title='bbox 631 1451 937 1501; x_wconf 85' lang='lat' dir='ltr'>suppeterent,</span> <span class='ocrx_word' id='word_1_103' title='bbox 987 1444 1266 1503; x_wconf 85' lang='lat' dir='ltr'>eruptionem</span> <span class='ocrx_word' id='word_1_104' title='bbox 1300 1445 1556 1501; x_wconf 84' lang='lat' dir='ltr'>censebant,</span> 
     </span>
     <span class='ocr_line' id='line_1_17' title="bbox 159 1516 1558 1585; baseline 0.003 -21"><span class='ocrx_word' id='word_1_105' title='bbox 159 1538 248 1564; x_wconf 93' lang='lat' dir='ltr'>non</span> <span class='ocrx_word' id='word_1_106' title='bbox 274 1520 576 1581; x_wconf 82' lang='lat' dir='ltr'>praetereunda</span> <span class='ocrx_word' id='word_1_107' title='bbox 604 1521 777 1565; x_wconf 89' lang='lat' dir='ltr'>videtur</span> <span class='ocrx_word' id='word_1_108' title='bbox 795 1522 937 1566; x_wconf 86' lang='lat' dir='ltr'>oratio</span> <span class='ocrx_word' id='word_1_109' title='bbox 963 1516 1233 1584; x_wconf 82' lang='lat' dir='ltr'>Critognati,</span> <span class='ocrx_word' id='word_1_110' title='bbox 1260 1534 1442 1584; x_wconf 87' lang='lat' dir='ltr'>propter</span> <span class='ocrx_word' id='word_1_111' title='bbox 1466 1525 1558 1585; x_wconf 86' lang='lat' dir='ltr'>ejus</span> 
     </span>
     <span class='ocr_line' id='line_1_18' title="bbox 158 1600 1556 1664; baseline 0.004 -20"><span class='ocrx_word' id='word_1_112' title='bbox 158 1600 425 1664; x_wconf 83' lang='lat' dir='ltr'>singularem</span> <span class='ocrx_word' id='word_1_113' title='bbox 461 1618 511 1645; x_wconf 89' lang='lat' dir='ltr'>ac</span> <span class='ocrx_word' id='word_1_114' title='bbox 557 1601 768 1645; x_wconf 85' lang='lat' dir='ltr'>nefariam</span> <span class='ocrx_word' id='word_1_115' title='bbox 801 1602 1120 1647; x_wconf 85' lang='lat' dir='ltr'>crudelitatem.</span> <span class='ocrx_word' id='word_1_116' title='bbox 1164 1605 1267 1660; x_wconf 80' lang='lat' dir='ltr'>Hic,</span> <span class='ocrx_word' id='word_1_117' title='bbox 1304 1621 1477 1649; x_wconf 88' lang='lat' dir='ltr'>summo</span> <span class='ocrx_word' id='word_1_118' title='bbox 1513 1607 1556 1649; x_wconf 90' lang='lat' dir='ltr'>in</span> 
     </span>
     <span class='ocr_line' id='line_1_19' title="bbox 156 1681 1556 1745; baseline 0.002 -18"><span class='ocrx_word' id='word_1_119' title='bbox 156 1683 366 1727; x_wconf 88' lang='lat' dir='ltr'>Arvernis</span> <span class='ocrx_word' id='word_1_120' title='bbox 408 1691 530 1726; x_wconf 89' lang='lat' dir='ltr'>ortus</span> <span class='ocrx_word' id='word_1_121' title='bbox 567 1681 686 1738; x_wconf 82' lang='lat' dir='ltr'>loco,</span> <span class='ocrx_word' id='word_1_122' title='bbox 719 1692 762 1727; x_wconf 87' lang='lat' dir='ltr'>et</span> <span class='ocrx_word' id='word_1_123' title='bbox 810 1700 981 1745; x_wconf 83' lang='lat' dir='ltr'>magnae</span> <span class='ocrx_word' id='word_1_124' title='bbox 1020 1684 1197 1728; x_wconf 89' lang='lat' dir='ltr'>habitus</span> <span class='ocrx_word' id='word_1_125' title='bbox 1241 1686 1556 1730; x_wconf 85' lang='lat' dir='ltr'>auctoritatis:</span> 
     </span>
     <span class='ocr_line' id='line_1_20' title="bbox 158 1763 1557 1827; baseline 0.004 -23"><span class='ocrx_word' id='word_1_126' title='bbox 158 1783 178 1805; x_wconf 88' lang='lat'>«</span> <span class='ocrx_word' id='word_1_127' title='bbox 206 1763 351 1820; x_wconf 85' lang='lat' dir='ltr'>Nihil,</span> <span class='ocrx_word' id='word_1_128' title='bbox 394 1764 556 1824; x_wconf 89' lang='lat' dir='ltr'>inquit,</span> <span class='ocrx_word' id='word_1_129' title='bbox 589 1763 642 1807; x_wconf 88' lang='lat' dir='ltr'>de</span> <span class='ocrx_word' id='word_1_130' title='bbox 674 1781 828 1809; x_wconf 88' lang='lat' dir='ltr'>eorum</span> <span class='ocrx_word' id='word_1_131' title='bbox 860 1766 1077 1809; x_wconf 89' lang='lat' dir='ltr'>sententia</span> <span class='ocrx_word' id='word_1_132' title='bbox 1115 1765 1316 1810; x_wconf 88' lang='lat' dir='ltr'>dicturus</span> <span class='ocrx_word' id='word_1_133' title='bbox 1348 1783 1445 1810; x_wconf 91' lang='lat' dir='ltr'>sum</span> <span class='ocrx_word' id='word_1_134' title='bbox 1483 1768 1557 1827; x_wconf 88' lang='lat' dir='ltr'>qui</span> 
     </span>
     <span class='ocr_line' id='line_1_21' title="bbox 158 1844 1558 1908; baseline 0.002 -20"><span class='ocrx_word' id='word_1_135' title='bbox 158 1844 460 1905; x_wconf 88' lang='lat' dir='ltr'>turpissimam</span> <span class='ocrx_word' id='word_1_136' title='bbox 503 1845 760 1888; x_wconf 84' lang='lat' dir='ltr'>servitutem</span> <span class='ocrx_word' id='word_1_137' title='bbox 807 1844 1042 1888; x_wconf 89' lang='lat' dir='ltr'>deditionis</span> <span class='ocrx_word' id='word_1_138' title='bbox 1085 1847 1262 1889; x_wconf 90' lang='lat' dir='ltr'>nomine</span> <span class='ocrx_word' id='word_1_139' title='bbox 1309 1845 1558 1908; x_wconf 79' lang='lat' dir='ltr'>appellant3</span> 
     </span>
     <span class='ocr_line' id='line_1_22' title="bbox 159 1924 1558 1986; baseline 0.002 -17"><span class='ocrx_word' id='word_1_140' title='bbox 159 1942 301 1985; x_wconf 90' lang='lat' dir='ltr'>neque</span> <span class='ocrx_word' id='word_1_141' title='bbox 338 1925 417 1968; x_wconf 88' lang='lat' dir='ltr'>hos</span> <span class='ocrx_word' id='word_1_142' title='bbox 445 1924 671 1968; x_wconf 88' lang='lat' dir='ltr'>habendos</span> <span class='ocrx_word' id='word_1_143' title='bbox 702 1925 865 1968; x_wconf 87' lang='lat' dir='ltr'>civium</span> <span class='ocrx_word' id='word_1_144' title='bbox 903 1924 1022 1981; x_wconf 83' lang='lat' dir='ltr'>loco,</span> <span class='ocrx_word' id='word_1_145' title='bbox 1063 1942 1204 1986; x_wconf 90' lang='lat' dir='ltr'>neque</span> <span class='ocrx_word' id='word_1_146' title='bbox 1232 1926 1286 1969; x_wconf 85' lang='lat' dir='ltr'>ad</span> <span class='ocrx_word' id='word_1_147' title='bbox 1320 1926 1558 1972; x_wconf 89' lang='lat' dir='ltr'>concilium</span> 
     </span>
     <span class='ocr_line' id='line_1_23' title="bbox 158 2005 1557 2067; baseline 0.002 -19"><span class='ocrx_word' id='word_1_148' title='bbox 158 2005 433 2049; x_wconf 88' lang='lat' dir='ltr'>adhibendos</span> <span class='ocrx_word' id='word_1_149' title='bbox 462 2022 631 2049; x_wconf 86' lang='lat' dir='ltr'>censeo.</span> <span class='ocrx_word' id='word_1_150' title='bbox 658 2006 771 2049; x_wconf 88' lang='lat' dir='ltr'>Cum</span> <span class='ocrx_word' id='word_1_151' title='bbox 797 2006 847 2048; x_wconf 90' lang='lat' dir='ltr'>iis</span> <span class='ocrx_word' id='word_1_152' title='bbox 872 2005 980 2048; x_wconf 89' lang='lat' dir='ltr'>mihi</span> <span class='ocrx_word' id='word_1_153' title='bbox 1005 2022 1073 2049; x_wconf 86' lang='lat' dir='ltr'>res</span> <span class='ocrx_word' id='word_1_154' title='bbox 1100 2006 1156 2049; x_wconf 88' lang='lat' dir='ltr'>sit</span> <span class='ocrx_word' id='word_1_155' title='bbox 1178 2006 1255 2067; x_wconf 88' lang='lat' dir='ltr'>qui</span> <span class='ocrx_word' id='word_1_156' title='bbox 1281 2008 1557 2067; x_wconf 89' lang='lat' dir='ltr'>eruptionem</span> 
     </span>
     <span class='ocr_line' id='line_1_24' title="bbox 160 2084 1557 2147; baseline 0.002 -18"><span class='ocrx_word' id='word_1_157' title='bbox 160 2086 371 2147; x_wconf 88' lang='lat' dir='ltr'>probant,</span> <span class='ocrx_word' id='word_1_158' title='bbox 392 2103 583 2146; x_wconf 90' lang='lat' dir='ltr'>quorum</span> <span class='ocrx_word' id='word_1_159' title='bbox 603 2087 646 2129; x_wconf 89' lang='lat' dir='ltr'>in</span> <span class='ocrx_word' id='word_1_160' title='bbox 663 2084 867 2142; x_wconf 84' lang='lat' dir='ltr'>consilio,</span> <span class='ocrx_word' id='word_1_161' title='bbox 883 2086 1082 2129; x_wconf 88' lang='lat' dir='ltr'>omnium</span> <span class='ocrx_word' id='word_1_162' title='bbox 1103 2097 1300 2130; x_wconf 80' lang='lat' dir='ltr'>vestrum</span> <span class='ocrx_word' id='word_1_163' title='bbox 1317 2104 1557 2146; x_wconf 86' lang='lat' dir='ltr'>consensu,</span> 
     </span>
     <span class='ocr_line' id='line_1_25' title="bbox 159 2166 1560 2228; baseline 0.003 -18"><span class='ocrx_word' id='word_1_164' title='bbox 159 2168 355 2228; x_wconf 80' lang='lat' dir='ltr'>pristinae</span> <span class='ocrx_word' id='word_1_165' title='bbox 390 2166 581 2210; x_wconf 89' lang='lat' dir='ltr'>residere</span> <span class='ocrx_word' id='word_1_166' title='bbox 616 2167 792 2210; x_wconf 80' lang='lat' dir='ltr'>virtutis</span> <span class='ocrx_word' id='word_1_167' title='bbox 826 2168 1038 2210; x_wconf 88' lang='lat' dir='ltr'>memoria</span> <span class='ocrx_word' id='word_1_168' title='bbox 1072 2168 1260 2212; x_wconf 85' lang='lat' dir='ltr'>videtur.</span> <span class='ocrx_word' id='word_1_169' title='bbox 1306 2168 1453 2215; x_wconf 83' lang='lat' dir='ltr'>Animi</span> <span class='ocrx_word' id='word_1_170' title='bbox 1496 2180 1560 2214; x_wconf 91' lang='lat' dir='ltr'>est</span> 
     </span>
     <span class='ocr_line' id='line_1_26' title="bbox 161 2247 1558 2311; baseline 0.003 -19"><span class='ocrx_word' id='word_1_171' title='bbox 161 2249 243 2292; x_wconf 91' lang='lat' dir='ltr'>ista</span> <span class='ocrx_word' id='word_1_172' title='bbox 271 2247 497 2305; x_wconf 86' lang='lat' dir='ltr'>mollities,</span> <span class='ocrx_word' id='word_1_173' title='bbox 525 2265 611 2291; x_wconf 92' lang='lat' dir='ltr'>non</span> <span class='ocrx_word' id='word_1_174' title='bbox 642 2249 807 2304; x_wconf 87' lang='lat' dir='ltr'>virtus,</span> <span class='ocrx_word' id='word_1_175' title='bbox 842 2249 1037 2309; x_wconf 89' lang='lat' dir='ltr'>inopiam</span> <span class='ocrx_word' id='word_1_176' title='bbox 1067 2248 1289 2311; x_wconf 59' lang='lat' dir='ltr'>paulisper</span> <span class='ocrx_word' id='word_1_177' title='bbox 1322 2251 1435 2296; x_wconf 84' lang='lat' dir='ltr'>ferre</span> <span class='ocrx_word' id='word_1_178' title='bbox 1469 2269 1558 2295; x_wconf 89' lang='lat' dir='ltr'>non</span> 
     </span>
     <span class='ocr_line' id='line_1_27' title="bbox 161 2328 1560 2393; baseline 0.002 -19"><span class='ocrx_word' id='word_1_179' title='bbox 161 2347 299 2391; x_wconf 86' lang='lat' dir='ltr'>posse.</span> <span class='ocrx_word' id='word_1_180' title='bbox 333 2330 425 2386; x_wconf 85' lang='lat' dir='ltr'>Qui</span> <span class='ocrx_word' id='word_1_181' title='bbox 454 2346 497 2372; x_wconf 88' lang='lat' dir='ltr'>se</span> <span class='ocrx_word' id='word_1_182' title='bbox 525 2328 642 2372; x_wconf 90' lang='lat' dir='ltr'>ultro</span> <span class='ocrx_word' id='word_1_183' title='bbox 678 2329 811 2372; x_wconf 90' lang='lat' dir='ltr'>morti</span> <span class='ocrx_word' id='word_1_184' title='bbox 846 2328 1038 2373; x_wconf 88' lang='lat' dir='ltr'>offerant</span> <span class='ocrx_word' id='word_1_185' title='bbox 1072 2329 1243 2375; x_wconf 87' lang='lat' dir='ltr'>facilius</span> <span class='ocrx_word' id='word_1_186' title='bbox 1273 2333 1560 2393; x_wconf 84' lang='lat' dir='ltr'>reperiuntur</span> 
     </span>
     <span class='ocr_line' id='line_1_28' title="bbox 160 2409 1560 2475; baseline 0.001 -20"><span class='ocrx_word' id='word_1_187' title='bbox 160 2429 294 2473; x_wconf 88' lang='lat' dir='ltr'>quam</span> <span class='ocrx_word' id='word_1_188' title='bbox 317 2412 393 2471; x_wconf 88' lang='lat' dir='ltr'>qui</span> <span class='ocrx_word' id='word_1_189' title='bbox 409 2409 608 2454; x_wconf 88' lang='lat' dir='ltr'>dolorem</span> <span class='ocrx_word' id='word_1_190' title='bbox 632 2411 850 2471; x_wconf 85' lang='lat' dir='ltr'>patienter</span> <span class='ocrx_word' id='word_1_191' title='bbox 879 2410 1036 2455; x_wconf 89' lang='lat' dir='ltr'>ferant.</span> <span class='ocrx_word' id='word_1_192' title='bbox 1063 2414 1208 2473; x_wconf 84' lang='lat' dir='ltr'>Atque</span> <span class='ocrx_word' id='word_1_193' title='bbox 1230 2430 1312 2475; x_wconf 85' lang='lat' dir='ltr'>ego</span> <span class='ocrx_word' id='word_1_194' title='bbox 1330 2414 1444 2459; x_wconf 85' lang='lat' dir='ltr'>hanc</span> <span class='ocrx_word' id='word_1_195' title='bbox 1465 2431 1560 2459; x_wconf 86' lang='lat' dir='ltr'>sen-</span> 
     </span>
     <span class='ocr_line' id='line_1_29' title="bbox 161 2490 1559 2556; baseline 0.003 -21"><span class='ocrx_word' id='word_1_196' title='bbox 161 2493 342 2536; x_wconf 87' lang='lat' dir='ltr'>tentiam</span> <span class='ocrx_word' id='word_1_197' title='bbox 368 2491 601 2552; x_wconf 87' lang='lat' dir='ltr'>probarem</span> <span class='ocrx_word' id='word_1_198' title='bbox 629 2490 754 2552; x_wconf 83' lang='lat' dir='ltr'>(nam</span> <span class='ocrx_word' id='word_1_199' title='bbox 795 2492 913 2553; x_wconf 89' lang='lat' dir='ltr'>apud</span> <span class='ocrx_word' id='word_1_200' title='bbox 944 2509 1014 2536; x_wconf 90' lang='lat' dir='ltr'>me</span> <span class='ocrx_word' id='word_1_201' title='bbox 1053 2502 1226 2537; x_wconf 89' lang='lat' dir='ltr'>tantum</span> <span class='ocrx_word' id='word_1_202' title='bbox 1263 2494 1454 2556; x_wconf 83' lang='lat' dir='ltr'>dignitas</span> <span class='ocrx_word' id='word_1_203' title='bbox 1478 2512 1559 2556; x_wconf 91' lang='lat' dir='ltr'>po-</span> 
     </span>
     <span class='ocr_line' id='line_1_30' title="bbox 161 2571 1557 2635; baseline 0.001 -18"><span class='ocrx_word' id='word_1_204' title='bbox 161 2583 241 2617; x_wconf 84' lang='lat' dir='ltr'>test</span> <span class='ocrx_word' id='word_1_205' title='bbox 259 2573 296 2633; x_wconf 69' lang='lat'>),</span> <span class='ocrx_word' id='word_1_206' title='bbox 327 2573 361 2616; x_wconf 89' lang='lat' dir='ltr'>si</span> <span class='ocrx_word' id='word_1_207' title='bbox 394 2571 561 2616; x_wconf 88' lang='lat' dir='ltr'>nullam</span> <span class='ocrx_word' id='word_1_208' title='bbox 590 2582 882 2633; x_wconf 86' lang='lat' dir='ltr'>praeterquam</span> <span class='ocrx_word' id='word_1_209' title='bbox 910 2574 1011 2617; x_wconf 75' lang='lat' dir='ltr'>vitae</span> <span class='ocrx_word' id='word_1_210' title='bbox 1035 2583 1194 2618; x_wconf 80' lang='lat' dir='ltr'>nostrae</span> <span class='ocrx_word' id='word_1_211' title='bbox 1220 2574 1438 2635; x_wconf 88' lang='lat' dir='ltr'>jacturam</span> <span class='ocrx_word' id='word_1_212' title='bbox 1465 2575 1557 2619; x_wconf 87' lang='lat' dir='ltr'>fieri</span> 
     </span>
     <span class='ocr_line' id='line_1_31' title="bbox 159 2652 1560 2715; baseline 0.003 -19"><span class='ocrx_word' id='word_1_213' title='bbox 159 2654 375 2710; x_wconf 80' lang='lat' dir='ltr'>viderem3</span> <span class='ocrx_word' id='word_1_214' title='bbox 415 2653 490 2697; x_wconf 88' lang='lat' dir='ltr'>sed</span> <span class='ocrx_word' id='word_1_215' title='bbox 523 2654 566 2696; x_wconf 89' lang='lat' dir='ltr'>in</span> <span class='ocrx_word' id='word_1_216' title='bbox 606 2652 788 2697; x_wconf 85' lang='lat' dir='ltr'>consilio</span> <span class='ocrx_word' id='word_1_217' title='bbox 821 2653 1035 2715; x_wconf 83' lang='lat' dir='ltr'>capiendo</span> <span class='ocrx_word' id='word_1_218' title='bbox 1065 2672 1240 2699; x_wconf 91' lang='lat' dir='ltr'>omnem</span> <span class='ocrx_word' id='word_1_219' title='bbox 1272 2655 1462 2700; x_wconf 82' lang='lat' dir='ltr'>Galliam</span> <span class='ocrx_word' id='word_1_220' title='bbox 1496 2673 1560 2700; x_wconf 89' lang='lat' dir='ltr'>re·</span> 
     </span>
    </p>
   </div>
   <div class='ocr_carea' id='block_1_3' title="bbox 355 2739 1363 2790">
    <p class='ocr_par' dir='ltr' id='par_1_4' title="bbox 355 2739 1363 2790">
     <span class='ocr_line' id='line_1_32' title="bbox 355 2739 1363 2790; baseline 0.012 -12"><span class='ocrx_word' id='word_1_221' title='bbox 355 2751 382 2779; x_wconf 88' lang='lat'>1.</span> <span class='ocrx_word' id='word_1_222' title='bbox 1311 2739 1363 2790; x_wconf 60' lang='lat'>14</span> 
     </span>
    </p>
   </div>
  </div>
 </body>
</html>
