1972 3356
66 2524 67 2529 Α
56 2266 68 2509 -μ;>Μ-
52 1103 66 2233 ssmffl„

665 194 731 229 DE
762 192 823 228 BE
830 192 926 228 LLO
959 191 1230 227 AFRICANO.
1577 189 1650 225 263

247 282 542 345 Thapsitanos
566 290 609 324 et
631 276 873 341 Virgilium
901 277 1149 333 amitteret,
1176 273 1410 319 confestim
1434 275 1652 319 Caesarem

247 382 327 428 per
367 363 597 425 superiora
644 361 738 406 loca
777 368 1058 414 consecutus,
1102 355 1241 402 millia
1277 372 1486 419 passuum
1516 372 1602 401 v111
1631 373 1655 399 a

246 447 424 508 Thapso
449 444 567 489 binis
595 443 749 488 castris
774 440 986 487 consedit.
1313 496 1318 500 1

310 529 498 573 LXXX.
522 528 630 571 Erat
656 534 862 586 stagnum
891 521 1132 566 salinarum
1148 556 1160 578 ,
1186 522 1303 564 inter
1327 519 1448 581 quod
1468 530 1511 564 et
1534 537 1655 565 mare

246 609 461 673 angustiae
486 605 689 669 quaedam
714 621 804 648 non
830 602 1025 664 amplius
1052 600 1172 645 mille
1197 611 1239 645 et
1263 602 1531 663 quingentos
1558 618 1657 664 pas—

246 708 320 737 sus
347 691 620 744 intererant3
641 701 752 747 quas
775 685 925 746 Scipio
952 684 1120 728 intrare
1136 718 1148 740 ,
1164 692 1208 727 et
1227 682 1510 744 Thapsitanis
1533 683 1656 727 auxi-

245 773 354 817 lium
381 768 772 829 ferreuconabatur
805 784 814 811 :
841 765 960 828 quod
993 765 1194 810 futurum
1225 766 1446 810 Caesarem
1480 781 1572 809 non
1597 764 1659 808 fe-

245 852 429 898 fellerat.
458 852 665 911 Namque
691 848 833 911 pridie
867 849 909 893 in
938 865 990 894 eo
1017 846 1116 893 loco
1148 845 1329 892 castello
1351 846 1549 902 munito,
1577 846 1656 890 ibi-

245 951 331 997 que
361 934 479 978 trino
520 931 724 994 praesidio
752 929 928 986 relicto,
961 932 1053 994 ipse
1080 947 1182 975 cum
1212 927 1395 990 reliquis
1423 929 1562 991 copiis
1590 928 1659 974 lu·

248 1018 363 1062 natis
389 1015 546 1061 castris
576 1015 805 1076 Thapsum
845 1013 1056 1076 operibus
1097 1012 1474 1057 circummunivit.
1511 1010 1662 1073 Scipio

249 1099 454 1155 interim,
469 1095 674 1142 exclusus
692 1096 746 1140 ab
772 1097 949 1158 incepto
969 1096 1125 1140 itinere
1141 1131 1152 1150 ,
1175 1111 1305 1156 supra
1330 1104 1563 1156 stagnum,
1583 1110 1661 1154 po·

253 1192 373 1227 stero
402 1179 475 1224 die
505 1189 549 1224 et
578 1189 709 1224 nocte
733 1178 930 1223 confecta
948 1214 959 1232 ‚
985 1176 1096 1223 coelo
1123 1176 1319 1234 albente,
1349 1193 1438 1220 non
1475 1175 1606 1238 longe
1640 1192 1664 1219 a

246 1264 401 1309 castris
425 1261 742 1324 praesidioque,
775 1260 895 1322 quod
922 1277 1058 1322 supra
1093 1260 1570 1314 commemoravimus,
1598 1274 1665 1302 MC

248 1345 448 1408 passibus
463 1380 475 1402 ,
492 1343 547 1388 ad
571 1360 690 1388 mare
706 1360 856 1388 versus
878 1342 1106 1398 consedit,
1128 1352 1171 1386 et
1197 1351 1341 1386 castra
1371 1342 1548 1385 munire
1577 1357 1663 1385 coc-

250 1428 329 1489 pit.
361 1426 497 1485 Quod
540 1436 776 1488 postquam
815 1426 978 1470 Caesari
1021 1425 1277 1469 nuntiatum
1309 1435 1396 1479 est,
1438 1421 1578 1468 milite
1610 1422 1664 1466 ab

249 1526 383 1571 opere
425 1508 645 1563 deducto,
685 1509 840 1552 castris
874 1507 1079 1570 praesidio
1121 1510 1365 1570 Asprenate
1399 1503 1667 1568 proconsule

248 1607 351 1635 cum
382 1590 631 1652 legionibus
668 1607 700 1634 11
732 1589 911 1646 relicto,
950 1590 1042 1650 ipse
1083 1606 1183 1633 cum
1222 1589 1429 1649 expedita
1471 1587 1599 1649 copia
1623 1587 1666 1630 iu

248 1689 349 1717 eum
376 1670 522 1716 locum
547 1672 716 1716 citatim
741 1670 994 1728 contendit3
1023 1670 1264 1732 classisque
1291 1679 1415 1732 parte
1438 1669 1494 1714 ad
1519 1669 1668 1729 Thap-

250 1772 348 1799 sum
386 1752 561 1809 relicta,
602 1752 792 1814 reliquas
832 1770 964 1797 naves
987 1753 1115 1812 jubet
1140 1762 1239 1812 post
1269 1752 1466 1795 hostium
1493 1761 1667 1812 tergum

249 1853 385 1898 quain
411 1836 603 1880 maxime
631 1833 686 1879 ad
717 1833 820 1878 litus
845 1831 1037 1894 appelli,
1065 1833 1333 1894 signumque
1362 1848 1491 1876 suum
1519 1830 1669 1875 obser-

250 1935 376 1977 vare3
403 1936 494 1979 quo
524 1919 652 1980 signo
678 1917 804 1973 dato,
840 1916 989 1961 subito
1017 1914 1214 1960 clamore
1233 1914 1377 1971 facto,
1416 1930 1468 1958 ex
1503 1915 1670 1976 impro-

252 2002 346 2046 viso
374 2001 575 2046 hostibus
610 2000 774 2044 aversis
802 2000 1053 2044 incuterent
1079 2008 1319 2053 terrorem,
1346 2006 1393 2040 ut
1421 1994 1672 2058 perturbati

252 2100 303 2128 ac
333 2083 559 2145 perterriti
587 2083 808 2144 respicere
834 2091 935 2144 post
963 2091 1088 2143 terga
1115 2089 1401 2142 cogerentur.

322 2166 528 2210 LXXXI.
561 2165 668 2223 Quo
697 2173 933 2225 postquam
961 2164 1110 2208 Caesar
1136 2162 1371 2224 pervenit,
1399 2171 1440 2205 et
1470 2158 1673 2204 animad-

255 2247 390 2292 vertit
418 2247 558 2291 aciem
589 2262 672 2307 pro
702 2243 819 2290 vallo
851 2245 1094 2306 Scipionis,
1123 2243 1476 2305 elephantosque
1515 2241 1673 2285 dextro

255 2330 527 2390 sinistroque
547 2344 689 2372 cornu
718 2326 982 2382 collocatos,
1010 2337 1052 2371 et
1082 2324 1374 2370 nihilominus
1401 2332 1571 2386 partem
1598 2322 1676 2366 mi-

256 2411 386 2456 litum
404 2420 547 2456 castra
576 2427 665 2454 non
691 2410 911 2472 ignaviter
927 2410 1101 2454 munire
1119 2443 1129 2464 ,
1146 2409 1260 2470 ipse,
1276 2407 1367 2452 acie
1388 2404 1550 2468 triplici
1577 2403 1670 2448 col-

256 2493 425 2551 locata,
441 2492 617 2556 legione
631 2491 803 2537 decima
816 2490 1100 2553 secundaque
1116 2490 1273 2535 dextro
1285 2505 1443 2544 cornu,
1463 2504 1549 2533 vni
1565 2495 1607 2530 et
1628 2502 1674 2530 ix

259 2576 440 2621 sinistro
458 2574 698 2638 ,oppositis
722 2575 919 2636 quinque
935 2572 1186 2637 legionibus
1200 2573 1245 2616 in
1261 2579 1420 2633 quarta
1440 2570 1553 2626 acie,
1567 2577 1671 2613 ante

260 2661 353 2721 ipsa
378 2675 548 2704 cornua
571 2657 720 2719 quinis
749 2656 1008 2701 cohortibus
1036 2665 1192 2701 contra
1233 2654 1394 2698 bestias
1419 2649 1674 2706 collocatis,
