1972 3356
548 262 615 298 DE
644 261 801 298 BELLO
829 260 1045 296 GALLICO
1073 261 1161 295 LIB.
1189 261 1233 295 V.
1516 270 1586 305 119

196 345 522 408 relinquerent,
552 356 684 407 atque
712 347 754 389 in
785 346 937 389 orbem
967 346 1268 389 consisterent.
1292 342 1426 401 Quod
1448 344 1587 386 consi-

194 426 302 472 lium
327 428 408 472 etsi
432 429 477 471 in
499 427 712 488 ejusmodi
739 443 841 470 casu
865 425 1279 486 reprehendendum
1302 440 1393 468 non
1410 432 1499 480 est,
1522 433 1589 467 ta·

195 525 296 552 men
324 508 603 552 incommode
630 507 789 551 accidit
812 524 820 550 :
844 523 946 551 nam
970 517 1014 550 et
1037 507 1197 549 nostris
1225 504 1439 549 militibus
1464 521 1586 565 spem

194 590 373 644 minuit,
393 598 436 632 et
454 589 600 632 hostes
624 587 678 630 ad
697 602 891 648 pugnam
915 585 1149 630 alacriores
1173 585 1337 641 effecit,
1358 584 1478 643 quod
1498 601 1588 628 non

193 669 286 713 sine
330 685 503 712 summo
542 669 700 711 timore
736 677 779 711 et
821 666 1126 727 desperatione
1171 665 1216 708 id
1259 665 1425 709 factum
1467 665 1590 709 vide-

193 750 337 793 batur.
363 750 581 792 Praeterea
601 747 788 803 accidit,
809 747 930 809 quod
948 747 1042 791 fieri
1064 763 1238 790 necesse
1256 755 1368 802 erat,
1389 755 1438 790 ut
1457 744 1590 806 vulgo

192 828 353 872 milites
380 829 433 872 ab
463 829 598 890 signis
623 828 916 883 discederent,
942 844 1039 889 quae
1063 828 1250 888 quisque
1279 843 1432 872 eorum
1457 826 1591 872 caris-

191 909 298 952 sima
318 909 500 953 haberet
513 943 524 965 ,
542 909 595 953 ab
611 909 939 970 impedimentis
957 918 1107 969 petere
1124 917 1255 969 atque
1273 908 1476 969 abripere
1492 924 1593 969 pro-

190 999 386 1050 peraret,
411 988 602 1034 clamore
627 1007 677 1033 ac
705 989 813 1034 fletu
841 990 990 1033 omnia
1017 987 1361 1050 complerentur.

253 1072 463 1115 XXXIV.
490 1073 546 1115 At
575 1071 771 1115 barbaris
797 1069 1031 1115 consilium
1058 1087 1147 1114 non
1177 1070 1318 1114 defuit
1346 1087 1354 1113 :
1380 1086 1483 1113 nam
1509 1069 1591 1112 du-

189 1169 259 1196 ces
282 1169 436 1196 eorum
465 1162 558 1196 tota
581 1153 673 1196 acie
696 1153 988 1213 pronuntiare
1009 1152 1256 1212 jusserunt,
1285 1171 1305 1192 «
1326 1167 1381 1195 ne
1410 1150 1509 1211 quis
1538 1150 1591 1194 ab

191 1232 287 1277 loco
311 1233 554 1277 discederet
586 1251 595 1277 ε
624 1232 802 1277 illorum
826 1249 917 1277 esse
946 1232 1158 1293 praedain,
1183 1241 1316 1292 atque
1346 1230 1431 1275 illis
1455 1248 1594 1275 reser-

190 1315 302 1371 vari,
324 1331 599 1376 quaecunque
623 1315 812 1360 Romani
834 1313 1143 1374 reliquisscnt3
1167 1312 1353 1374 proinde
1377 1313 1526 1356 omnia
1544 1313 1588 1355 in

188 1397 373 1440 victoria
407 1397 550 1457 posita
583 1396 901 1440 existimarent.
932 1414 952 1436 »
986 1396 1125 1438 Erant
1153 1403 1195 1437 et
1229 1394 1395 1436 virtute
1428 1403 1472 1436 et
1506 1410 1588 1437 nu-

189 1494 312 1521 mero
338 1477 568 1538 pugnandi
593 1494 720 1538 pares
743 1477 907 1532 nostri,
933 1484 1080 1519 tamen
1103 1475 1184 1518 etsi
1207 1490 1229 1517 a
1254 1473 1366 1517 duce
1387 1483 1430 1517 et
1453 1490 1478 1517 a
1502 1474 1589 1518 for-

189 1569 295 1602 tuna
314 1558 650 1614 deserebantur,
674 1568 822 1602 tamen
840 1573 1018 1601 omnem
1042 1573 1164 1617 spem
1184 1554 1337 1599 salutis
1358 1556 1402 1598 in
1422 1556 1586 1599 virtute

187 1640 432 1700 ponebant,
458 1650 502 1683 et
524 1640 696 1700 quoties
723 1655 907 1699 quaeque
935 1638 1093 1682 cohors
1123 1646 1424 1698 procurreret,
1454 1637 1508 1680 ab
1538 1653 1588 1681 ea

187 1732 309 1782 parte
329 1738 516 1784 magnus
536 1721 732 1765 hostium
753 1736 964 1763 numerus
983 1718 1178 1763 cadebat.
1201 1719 1304 1776 Qua
1330 1734 1377 1761 re
1395 1717 1592 1761 animad-

187 1819 332 1857 versa,
356 1803 589 1847 Ambiorix
611 1801 894 1862 pronuntiari
915 1800 1062 1860 jubet,
1088 1809 1137 1842 ut
1161 1797 1316 1860 procul
1346 1797 1432 1842 tela
1456 1799 1592 1860 conji—

183 1884 324 1939 ciant,
347 1900 432 1927 neu
459 1883 640 1944 propius
663 1881 893 1935 accedant,
917 1890 958 1924 et
979 1897 1111 1940 quam
1137 1881 1182 1923 in
1202 1890 1374 1940 partem
1397 1881 1588 1924 Romani

183 1964 401 2024 impetum
433 1963 637 2018 fecerint,
679 1962 866 2017 cedant,
902 1959 1077 2004 levitate
1111 1977 1338 2004 armorum
1371 1970 1415 2004 et
1450 1963 1591 2021 quoti-

184 2044 315 2087 diana
343 2043 659 2087 exercitatione
692 2041 802 2086 nihil
831 2042 882 2086 iis
911 2041 1060 2085 noceri
1093 2058 1218 2102 posse
1249 2059 1257 2085 :
1287 2058 1440 2086 rursus
1466 2059 1511 2086 se
1535 2042 1590 2086 ad

184 2126 308 2187 signa
337 2126 598 2186 recipientes
629 2125 932 2185 insequantur.

248 2207 435 2250 XXXV.
464 2207 568 2264 Quo
588 2215 806 2266 praecepto
832 2205 887 2249 ab
909 2206 958 2250 iis
980 2204 1314 2267 diligentissime
1334 2205 1588 2256 observato,

184 2304 320 2349 quum
345 2288 562 2348 quaepiam
594 2287 753 2331 cohors
781 2304 832 2330 ex
861 2287 968 2331 orbe
995 2297 1256 2341 excesserat,
1283 2297 1414 2347 atque
1448 2287 1588 2347 impe-

185 2379 279 2413 tum
303 2368 484 2423 fecerat,
506 2369 652 2412 hostes
672 2367 944 2413 velocissime
968 2368 1258 2430 refugiebant.
1278 2370 1463 2413 Interim
1492 2385 1586 2412 eam

184 2460 355 2512 partem
377 2449 534 2493 nudari
557 2467 730 2494 necesse
750 2459 862 2507 erat,
877 2460 919 2494 et
935 2450 988 2494 ab
1006 2449 1142 2494 latere
1159 2460 1313 2511 aperto
1333 2450 1418 2495 tela
1435 2452 1584 2512 recipi.

184 2534 375 2587 Rursus,
389 2548 524 2592 quum
544 2532 586 2574 in
601 2548 700 2575 eum
716 2530 885 2589 locum,
903 2531 1020 2576 unde
1035 2540 1159 2575 erant
1169 2533 1386 2593 progressi
1398 2568 1408 2583 ,
1425 2533 1586 2576 reverti

184 2622 430 2673 coeperant,
450 2626 491 2656 et
507 2613 560 2657 ab
578 2614 630 2657 iis
648 2614 724 2674 qui
744 2624 984 2671 cesserant,
1002 2624 1042 2659 et
1062 2614 1114 2658 ab
1133 2615 1183 2658 iis
1204 2615 1277 2675 qui
1295 2615 1485 2674 proximi
1506 2624 1586 2659 ste—

189 2701 352 2749 terant,
380 2693 867 2752 circumveniebantur,
893 2696 959 2740 sin
979 2705 1125 2740 autem
1151 2694 1297 2740 locum
1323 2706 1472 2740 tenere
1501 2695 1585 2741 vel-
