1972 3356
400 215 446 253 140
600 210 639 244 C.
670 208 800 243 JULIl
829 206 1047 240 CAESARIS
1075 206 1558 243 COMMENTARIORUM

398 296 490 338 stiis
521 292 767 345 collocatis,
791 289 1028 333 exercitum
1056 288 1213 332 itinere
1238 289 1544 350 prohiberent,
1573 291 1653 350 ipsi
1677 293 1771 336 sine

396 371 593 434 periculo
625 388 676 414 ac
709 371 865 414 timore
902 368 1080 412 Iberum
1125 368 1272 428 copias
1309 367 1624 413 traducerent:
1652 371 1770 430 quod

397 452 479 495 fuit
495 450 577 495 illis
598 449 847 495 conandum
861 483 872 504 ,
901 458 1038 509 atque
1057 448 1176 491 omni
1191 448 1360 491 ratione
1374 447 1666 493 efficiendum.
1685 450 1770 494 Sed

398 532 530 575 totius
556 531 639 574 diei
665 545 810 591 pugna
833 539 964 589 atque
1001 527 1168 571 itineris
1205 526 1353 571 labore
1390 526 1568 585 defessi,
1601 545 1692 573 rem
1729 531 1773 574 in

400 620 625 672 posterum
657 609 771 654 diem
811 608 1089 652 distulerunt.
1131 609 1274 651 Caesar
1298 623 1473 667 quoque
1501 609 1543 651 in
1572 610 1773 669 proximo

399 689 508 734 colle
529 700 669 734 castra
694 690 832 750 ponit.

461 773 619 815 LXVI.
656 769 803 815 Media
824 770 997 813 circiter
1016 778 1144 812 nocte
1169 769 1243 823 iis,
1271 769 1346 828 qui
1374 767 1621 828 adaquandi
1642 786 1775 814 causa

399 851 571 912 longius
599 867 621 894 a
647 850 797 894 castris
830 858 1157 910 processerant,
1183 848 1237 892 ab
1278 848 1496 908 equitibus
1533 851 1773 910 correptis,

398 931 445 974 fit
471 931 524 974 ab
549 930 618 974 his
655 930 814 974 certior
841 931 1004 979 Caesar,
1052 928 1182 971 duces
1221 927 1569 972 adversariorum
1603 928 1776 973 silentio

399 1011 545 1071 copias
573 1011 723 1053 castris
744 1008 941 1052 educere.
971 1009 1076 1064 Quo
1104 1008 1301 1067 cognito,
1320 1008 1495 1068 signum
1513 1008 1607 1052 dari
1623 1009 1774 1069 jubet,

399 1100 442 1133 et
461 1106 561 1133 vasa
584 1088 761 1132 militari
782 1104 902 1132 more
923 1086 1201 1131 conclamari.
1218 1086 1310 1141 Illi,
1330 1087 1535 1131 exaudito
1554 1086 1746 1132 clamore
1762 1124 1772 1143 ,

401 1170 548 1224 veriti,
575 1186 628 1212 ne
655 1179 787 1212 noctu
818 1167 1014 1228 impediti
1043 1167 1122 1210 sub
1145 1183 1277 1210 onere
1303 1166 1537 1228 confligere
1564 1184 1774 1229 cogeren-

401 1259 472 1292 tur
488 1283 499 1304 ,
523 1258 597 1292 aut
623 1265 676 1292 ne
699 1248 753 1291 ab
782 1247 977 1308 equitatu
1003 1247 1182 1290 Caesaris
1208 1247 1251 1289 in
1277 1247 1488 1307 angustiis
1509 1257 1779 1301 tenerentur,

401 1329 483 1371 iter
506 1328 806 1388 supprimunt,
829 1328 1063 1388 copiasque
1084 1328 1126 1369 in
1152 1327 1303 1369 castris
1327 1327 1567 1371 continent.
1597 1329 1780 1371 Postero

403 1406 492 1462 die,
511 1408 710 1451 Petreius
730 1424 829 1451 cuni
850 1407 997 1467 paucis
1016 1406 1237 1466 equitibus
1254 1405 1423 1449 occulte
1441 1406 1495 1449 ad
1512 1405 1781 1467 exploranda

402 1485 496 1529 loca
520 1485 824 1546 proficiscitur.
850 1488 944 1530 Hoc
970 1486 1084 1529 idem
1103 1485 1149 1528 fit
1175 1502 1222 1528 ex
1249 1486 1428 1529 Ctesaris
1447 1486 1610 1530 castris.
1634 1487 1779 1530 Mitti-

404 1577 473 1609 tur
490 1568 540 1610 L.
560 1567 769 1610 Decidius
797 1568 908 1610 Saxa
933 1583 1029 1609 cum
1062 1566 1230 1626 paucis,
1249 1567 1321 1625 qui
1350 1563 1433 1608 loci
1454 1575 1651 1609 naturam
1678 1583 1777 1626 prr-

404 1647 570 1706 spiciat.
600 1649 797 1705 Uterque
822 1646 935 1689 idem
970 1646 1057 1689 suis
1093 1647 1386 1700 renuntiat,v
1417 1645 1551 1689 millia
1574 1662 1779 1706 passuum

408 1727 602 1784 proxima
641 1725 910 1768 intercedere
949 1726 1113 1768 itineris
1149 1726 1423 1784 campestris,
1454 1725 1556 1768 inde
1583 1726 1780 1786 excipere

408 1803 503 1848 loca
530 1821 682 1865 aspera
708 1815 748 1847 et
772 1814 1027 1847 montuosa:
1057 1806 1131 1864 qui
1160 1805 1280 1864 prior
1302 1805 1379 1848 has
1401 1806 1622 1865 angustias
1651 1822 1780 1849 occu-

404 1886 596 1944 paverit,
615 1884 667 1927 ad
694 1885 775 1927 lioc
804 1885 976 1928 hostem
1003 1884 1249 1944 prohiberi,
1279 1884 1388 1927 nihil
1417 1901 1506 1928 esse
1533 1886 1710 1945 negotii.

469 1966 650 2009 LXVH.
689 1965 950 2024 Disputatur
977 1966 1017 2006 iu
1050 1964 1237 2008 concilio
1262 1981 1286 2007 a
1315 1966 1485 2008 Petreio
1508 1974 1548 2008 et
1575 1965 1779 2020 Afranio,

407 2055 451 2087 et
488 2054 659 2104 tempus
694 2043 975 2104 profectionis
1010 2045 1234 2103 quaeritur.
1274 2043 1477 2104 Plerique
1523 2045 1777 2102 censebant,

406 2146 425 2163 a<
442 2134 489 2167 ut
512 2134 643 2167 noctu
676 2125 755 2166 iter
772 2123 983 2167 facerent:
1008 2140 1132 2184 posse
1151 2126 1270 2184 prius
1291 2124 1343 2167 ad
1365 2126 1588 2185 augustias
1621 2126 1779 2177 veniri,

406 2220 536 2264 quain
560 2205 837 2247 sentirentur.
855 2202 961 2258 Alii,
987 2203 1104 2263 quod
1133 2203 1271 2263 pridie
1301 2213 1432 2247 noctu
1457 2203 1779 2248 conclamatum

406 2293 516 2327 esset
543 2284 586 2326 in
615 2285 763 2327 castris
788 2283 987 2338 Caesaris,
1018 2285 1261 2345 argumenti
1288 2285 1517 2328 sumebant
1543 2283 1639 2329 loco
1657 2319 1668 2341 ,
1691 2301 1779 2328 non

409 2381 533 2424 posse
552 2363 660 2407 claui
681 2366 808 2419 exiri3
835 2364 1126 2407 circumfundi
1152 2375 1282 2408 noctu
1308 2366 1548 2424 equitatum
1570 2366 1752 2408 Caesaris
1769 2398 1780 2415 ‚

409 2453 539 2503 atque
566 2445 711 2487 omnia
743 2443 836 2487 loca
874 2453 1003 2502 atque
1042 2445 1199 2487 itinera
1227 2444 1446 2487 obsideri:
1479 2453 1780 2503 nocturnaque

417 2521 566 2580 proelia
586 2539 676 2566 esse
703 2523 894 2578 vitanda,
914 2521 1027 2581 quod
1054 2525 1310 2583 perterritus
1336 2523 1458 2567 miles
1486 2524 1529 2566 iu
1554 2522 1670 2566 civili
1690 2522 1780 2566 dis-

413 2601 611 2644 sensione
642 2603 784 2645 timori
817 2602 980 2661 magis,
1003 2618 1132 2661 quam
1163 2601 1385 2664 religioni,
1415 2602 1641 2647 consulere
1677 2619 1780 2647 con-
