1972 3356
380 262 448 293 172
611 248 648 282 C.
675 247 802 281 JULII
831 246 1044 280 CAESARIS
1076 246 1337 280 COMMENT.
1370 248 1513 282 LIBER

377 331 554 374 alteram
579 327 730 372 insulae
756 338 923 390 partem
946 327 1201 372 distinendae
1229 344 1383 372 manus
1405 344 1532 372 causa
1560 339 1748 373 constra-

374 411 426 453 tis
465 408 646 452 navibus
676 407 949 469 aggreditur,
990 409 1175 469 praemiis
1205 409 1372 469 magnis
1398 408 1650 469 propositis,
1677 411 1747 468 qui

373 489 540 550 primus
564 487 751 533 insulam
775 489 969 549 cepisset.
1000 490 1062 533 Ac
1092 488 1231 549 primo
1260 489 1470 548 impetum
1500 497 1746 532 nostrorum

375 570 537 630 pariter
568 570 872 614 sustinuerunt
909 587 918 613 :
954 586 1042 613 uno
1070 570 1184 613 enim
1223 578 1417 629 ternpore
1455 578 1497 612 et
1533 584 1585 611 ex
1623 569 1747 612 tectis

372 649 654 695 aedificiorum
704 650 1061 711 propugnabant,
1100 659 1142 693 et
1181 647 1307 692 litora
1356 650 1510 693 armati
1551 647 1747 691 defende-

375 730 504 788 bant,
531 741 815 792 quopropter
852 731 1125 791 asperitatem
1166 729 1248 774 loci
1293 746 1381 774 non
1415 728 1550 773 facilis
1590 730 1747 773 nostris

373 809 516 854 aditus
540 810 748 866 dabatur3
771 822 814 855 et
831 811 1000 871 scaphis
1023 810 1291 870 navibusque
1308 809 1450 871 longis
1474 825 1501 851 v
1531 808 1748 853 mobiliter

374 900 417 934 et
439 892 624 935 scienter
651 891 874 953 angustias
913 890 996 934 loci
1027 891 1274 934 tuebantur.
1301 889 1385 934 Sed
1410 891 1502 943 ubi,
1530 888 1636 933 locis
1659 890 1747 951 pri-

373 986 493 1014 mum
509 973 695 1032 cognitis
715 971 922 1031 vadisque
948 971 1225 1031 pertentatis,
1246 971 1375 1030 pauci
1398 970 1533 1013 nostri
1557 971 1598 1013 in
1623 968 1747 1013 litore

372 1052 684 1105 constiterunt,
715 1061 848 1110 atque
871 1051 949 1094 hos
980 1059 1080 1093 sunt
1113 1048 1185 1093 alii
1212 1049 1455 1105 subsecuti,
1485 1059 1747 1093 constanter-

371 1147 455 1190 que
495 1131 539 1174 in
579 1147 675 1184 eos,
709 1132 784 1191 qui
819 1132 861 1174 in
902 1129 1028 1174 litore
1063 1145 1186 1189 aequo
1224 1130 1496 1184 institerant,
1534 1130 1745 1190 impetum

373 1210 590 1266 fecerunt3
635 1227 785 1255 omnes
823 1211 1010 1255 Pharitae
1041 1219 1156 1271 terga
1200 1220 1436 1253 verterunt.
1474 1211 1550 1253 His
1590 1209 1745 1270 pulsis,

371 1290 565 1334 custodia
588 1301 740 1352 portus
755 1290 921 1344 relicta,
945 1289 998 1335 ad
1024 1289 1149 1334 litora
1173 1299 1215 1333 et
1236 1290 1381 1333 vicum
1397 1288 1746 1350 applicaverunt,

373 1388 502 1432 seque
526 1388 576 1416 ex
601 1372 783 1416 navibus
804 1371 857 1415 ad
880 1370 1042 1415 tuenda
1071 1369 1250 1414 aedificia
1271 1370 1503 1430 ejecerunt.

434 1453 596 1496 XVIII.
618 1454 773 1512 Neque
801 1469 902 1496 vero
931 1451 1092 1495 diutius
1118 1451 1200 1511 ipsi
1225 1467 1274 1494 ea
1301 1450 1544 1494 munitione
1569 1467 1612 1494 se
1641 1467 1746 1495 con-

370 1534 505 1576 tinere
530 1542 794 1593 potuerunt,
820 1533 896 1576 etsi
919 1541 1010 1575 erat
1037 1548 1125 1575 non
1147 1529 1374 1584 dissimile,
1411 1540 1541 1590 atque
1562 1530 1745 1575 Alexan-

369 1612 496 1666 driae,
531 1629 666 1672 genus
707 1612 987 1656 aedificiorum
1016 1611 1091 1671 (ut
1132 1611 1301 1654 minora
1327 1610 1562 1670 majoribus
1597 1611 1744 1656 confe-

369 1693 572 1752 rantur),
598 1702 826 1752 turresque
845 1692 969 1736 editae
989 1702 1030 1735 et
1055 1692 1299 1751 conjunctae
1321 1691 1432 1734 muri
1461 1690 1600 1734 locum
1629 1691 1742 1735 obti-

369 1772 553 1827 nebant,
571 1788 709 1832 neque
730 1773 865 1815 nostri
890 1781 961 1815 aut
983 1770 1126 1824 scalis,
1156 1780 1230 1813 aut
1256 1771 1467 1825 cratibus,
1482 1770 1743 1832 autreliquis

368 1852 495 1896 rebus
522 1853 660 1913 parati
687 1861 893 1895 venerant
918 1850 969 1895 ad
1001 1849 1359 1912 oppugnandum.
1388 1849 1469 1894 Sed
1499 1860 1639 1894 terror
1663 1852 1743 1895 lio-

367 1931 556 1975 minibus
582 1941 771 1975 mentem
797 1930 1113 1991 consiliumque
1139 1931 1286 1990 eripit,
1320 1940 1361 1974 et
1398 1931 1593 1974 membra
1621 1931 1741 1975 debi-

367 2011 486 2068 litat,
515 2022 560 2056 ut
579 2022 684 2056 tunc
709 2012 878 2057 accidit.
904 2013 991 2070 Qui
1017 2028 1060 2056 se
1080 2014 1123 2055 in
1138 2028 1262 2072 aequo
1283 2009 1377 2055 loco
1403 2028 1452 2055 ac
1465 2011 1596 2073 plano
1621 2029 1744 2072 pares

365 2109 455 2136 esse
475 2092 773 2149 confidebant,
806 2092 957 2148 iidem,
989 2093 1205 2153 perterriti
1241 2091 1341 2152 fuga
1365 2108 1543 2135 suorum
1565 2102 1605 2136 et
1630 2092 1744 2136 caede

366 2189 630 2233 paucorum,
661 2190 756 2217 xxx
782 2172 941 2233 pedum
966 2172 1196 2216 altitudine
1225 2173 1267 2215 in
1297 2159 1484 2216 aed'ificiis
1512 2173 1744 2217 consistere

365 2253 456 2296 ausi
473 2269 560 2296 non
575 2263 701 2310 sunt,
715 2270 845 2314 seque
865 2271 941 2315 per
964 2253 1119 2297 molem
1140 2254 1180 2296 in
1199 2270 1318 2296 mare
1333 2253 1740 2313 praecipitaverunt,

365 2343 407 2376 et
434 2348 547 2378 DCCC
586 2350 791 2395 passuum
826 2332 1053 2378 intervallo
1093 2333 1145 2377 ad
1183 2332 1393 2394 oppidum
1441 2342 1740 2378 enataverunt.

364 2412 493 2457 Multi
520 2423 663 2458 tamen
691 2431 742 2458 ex
768 2415 818 2459 iis
841 2415 955 2475 capti
981 2413 1279 2474 interfectique
1305 2413 1517 2468 sunt;sed
1537 2430 1741 2458 numerus

365 2492 637 2553 captivorum
667 2496 846 2539 omnino
876 2493 955 2538 fuit
989 2509 1053 2539 DC.

428 2575 547 2618 XIX.
564 2576 730 2631 Caesar,
750 2574 892 2636 praeda
911 2573 1119 2619 militibus
1147 2591 1348 2619 concessa
1365 2609 1376 2630 ,
1403 2573 1579 2618 aedificia
1609 2573 1737 2633 diripi

361 2651 836 2715 jussit,castellumque
859 2654 912 2699 ad
927 2664 1124 2716 pontem,
1149 2655 1222 2715 qui
1249 2655 1427 2715 propior
1453 2663 1544 2698 erat
1570 2654 1737 2706 Pharo,
