1972 3356
541 232 606 270 DE
639 234 797 270 BELLO
827 236 982 271 CIVILI
1013 237 1105 272 LIB.
1134 238 1183 273 11.
1508 238 1556 275 83

171 331 347 360 omnem
377 318 422 360 in
453 318 615 362 virtute
646 329 865 380 reponant
898 337 908 364 ε
946 336 1000 364 ne
1031 318 1244 365 militibus
1275 322 1475 383 quidem,
1508 335 1559 369 ut

170 395 371 455 defessis,
397 414 542 459 neque
566 399 811 460 equitibus,
842 410 891 443 ut
912 401 1062 460 paucis
1084 411 1128 445 et
1150 399 1301 447 labore
1322 405 1556 464 confectis,

167 478 359 523 studium
390 480 442 524 ad
472 480 760 542 pugnandum
790 481 1019 541 virtusque
1047 481 1199 526 deerat
1228 501 1237 527 :
1267 486 1343 529 sed
1373 487 1402 530 ii
1430 498 1558 533 erant

167 577 351 605 nurnero
373 577 452 617 cc,
473 560 632 621 reliqui
653 561 697 603 in
721 560 879 603 itinere
901 561 1200 606 substiterant.
1226 566 1283 608 Hi
1308 583 1554 626 quamcun-

165 658 252 702 que
277 642 321 686 in
343 652 516 704 partem
537 641 750 702 impetum
773 640 997 697 fecerant,
1019 641 1166 686 hostes
1192 643 1288 688 loco
1309 645 1464 692 cedere
1488 666 1556 694 co-

166 723 354 785 gebant3
375 723 449 768 sed
470 737 613 783 neque
631 720 805 783 longius
825 721 1045 783 fugientes
1067 725 1294 785 prosequi,
1320 742 1401 771 nec
1420 729 1555 772 vehe-

164 805 354 849 mentius
387 820 521 866 equos
548 803 732 847 incitare
760 811 979 863 poterant.
1015 805 1073 848 At
1106 804 1329 865 equitatus
1361 806 1553 853 hostium

164 885 217 929 ab
245 896 433 947 utroque
458 901 596 930 cornu
621 884 855 928 circumire
883 885 1021 928 aciem
1049 895 1271 942 nostram,
1300 896 1344 930 et
1371 904 1549 933 aversos

165 977 393 1028 proterere
421 966 587 1027 incipit.
634 965 784 1022 Quum
815 965 1018 1010 cohortes
1048 982 1101 1010 ex
1131 967 1223 1011 acie
1250 970 1553 1029 procucurris-

164 1058 285 1105 sent,
315 1047 517 1092 Numidae
544 1046 704 1107 integri
729 1044 951 1090 celeritate
977 1047 1189 1108 impetum
1218 1058 1471 1094 nostrorum
1498 1050 1554 1094 ef-

163 1129 414 1191 fugiebant,
440 1143 676 1188 rursusque
701 1126 755 1171 ad
779 1127 957 1172 ordines
982 1145 1084 1173 suos
1110 1145 1155 1173 se
1183 1130 1442 1192 recipientes
1467 1133 1551 1176 cir-

163 1211 408 1265 cumibant,
442 1219 485 1254 et
518 1208 571 1253 ab
614 1209 708 1253 acie
739 1207 1046 1254 excludebant.
1091 1211 1160 1254 Sic
1191 1227 1335 1272 neque
1371 1212 1415 1256 in
1453 1211 1551 1257 loco

164 1308 338 1336 manere
361 1290 621 1351 ordinesque
649 1306 824 1334 servare
839 1325 850 1344 ‚
881 1307 1023 1351 neque
1045 1307 1307 1352 procurrere
1332 1303 1375 1337 et
1398 1310 1550 1339 casum

163 1372 334 1428 subire,
363 1381 503 1416 tutum
534 1370 777 1415 videbatur.
815 1372 1018 1416 Hostium
1046 1374 1207 1434 copiae,
1238 1374 1465 1419 submissis
1494 1376 1550 1420 ab

163 1470 265 1516 rege
290 1452 487 1511 auxiliis,
518 1453 674 1498 crebro
700 1454 979 1516 augebantur
1007 1471 1015 1498 :
1047 1464 1220 1500 nostros
1246 1457 1361 1501 vires
1385 1456 1552 1502 lassitu-

162 1535 264 1580 dine
289 1535 550 1580 deficiebant
578 1553 586 1579 :
613 1534 741 1580 simul
769 1536 826 1593 ii,
848 1537 924 1597 qui
951 1535 1135 1581 vulnera
1164 1548 1448 1599 acceperant,
1476 1555 1551 1583 ne-

161 1633 246 1677 que
272 1618 364 1661 acie
393 1616 627 1673 excedere,
656 1633 800 1677 neque
828 1617 872 1661 in
899 1615 1044 1662 locum
1075 1627 1220 1662 tutum
1247 1617 1405 1663 referri
1432 1629 1552 1681 pote-

160 1707 283 1751 rant,
312 1697 430 1759 quod
459 1707 548 1742 tota
574 1698 689 1742 acies
716 1699 915 1760 equitatu
951 1698 1143 1743 hostium
1175 1699 1448 1745 circumdata
1485 1710 1550 1745 te-

164 1778 362 1823 nebatur.
398 1780 476 1836 Hi,
495 1779 549 1823 de
573 1778 710 1824 salute
729 1796 807 1823 sua
825 1778 1111 1841 desperantes
1128 1815 1139 1837 ,
1160 1790 1209 1824 ut
1229 1791 1428 1826 extremo
1448 1782 1550 1826 vitae

162 1869 360 1920 tempore
383 1859 581 1905 homines
608 1860 750 1905 facere
777 1870 1076 1915 consuerunt,
1102 1870 1178 1905 aut
1208 1878 1332 1906 suam
1360 1872 1550 1907 mortem

163 1941 503 2000 miserabantur,
524 1952 602 1987 aut
623 1951 826 2003 parentes
846 1958 946 1987 suos
967 1931 1361 2001 commendabant,
1384 1944 1418 1987 si
1438 1960 1549 2005 quos

163 2038 214 2065 ex
245 2038 297 2066 eo
333 2022 526 2084 periculo
564 2023 744 2069 fortuna
786 2039 960 2067 servare
997 2024 1227 2084 potuisset.
1256 2023 1391 2068 Plena
1425 2034 1552 2069 erant

162 2103 309 2147 onmia
336 2104 501 2149 timoris
529 2115 574 2149 et
600 2104 756 2149 luctus,

227 2185 366 2230 XLII.
390 2186 524 2231 Curio
555 2186 652 2243 ubi,
682 2187 927 2248 perterritis
956 2186 1190 2242 omnibus,
1219 2203 1364 2248 neque
1391 2186 1550 2231 cohor·

162 2265 349 2330 tationes
375 2283 497 2323 suaS,
526 2283 671 2329 neque
698 2283 850 2329 preces
876 2265 1018 2312 audiri
1047 2266 1278 2329 intelligit,
1307 2284 1442 2312 unam
1460 2303 1472 2324 ,
1502 2277 1550 2312 ut

163 2347 331 2390 miseris
356 2348 405 2391 in
421 2348 575 2406 rebus,
600 2366 722 2411 spem
748 2347 965 2411 reliquam
988 2348 1141 2393 salutis
1166 2365 1259 2394 esse
1281 2349 1521 2394 arbitratus
1538 2385 1549 2404 ‚

160 2427 384 2487 proximos
406 2428 536 2475 colles
559 2447 717 2493 capere
739 2431 967 2475 universos
982 2466 993 2488 ‚
1019 2440 1150 2491 atque
1173 2447 1225 2475 eo
1250 2432 1374 2493 signa
1397 2430 1550 2475 inferri

157 2507 296 2569 jubet.
316 2510 407 2554 Hos
418 2527 591 2573 quoque
610 2521 888 2573 praeoccupat
905 2512 1061 2556 missus
1081 2511 1292 2556 aSabura
1313 2512 1547 2572 equitatus.

160 2590 274 2633 Tum
293 2605 398 2635 vero
415 2591 469 2636 ad
486 2609 702 2637 summam
723 2591 1074 2653 desperationem
1098 2593 1236 2637 nostri
1258 2593 1549 2654 perveniunt,

162 2678 206 2712 et
241 2671 404 2730 partim
439 2672 656 2736 fugientes
687 2674 741 2718 ab
774 2673 975 2734 equitatu
1007 2674 1356 2729 interficiuntur,
1386 2673 1547 2735 partim

1321 2755 1363 2801 6.
