1972 3356
524 245 589 281 DE
619 244 776 280 BELLO
808 243 1024 280 GALLICO
1058 244 1149 278 LIB.
1173 245 1216 277 V.
1503 242 1569 277 123

176 331 292 391 quit,
329 327 530 375 varena?
563 339 638 373 aut
668 346 797 390 quem
832 328 978 373 locum
1015 327 1254 389 probandae
1281 328 1459 372 virtutis
1490 336 1575 371 tuae

174 409 371 471 spectas?
409 410 500 466 hic,
534 410 607 454 hic
646 410 735 453 dies
770 409 824 453 de
859 410 1021 453 nostris
1062 409 1373 453 controversiis
1404 407 1576 469 judica-

175 491 297 535 bit.»
330 493 433 534 Haec
477 507 616 551 quum
652 490 853 544 dixisset,
890 489 1090 549 procedit
1128 499 1252 533 extra
1286 489 1578 542 munitiones,

177 588 351 632 quaque
374 588 475 632 pars
499 571 695 614 hostium
719 568 1043 613 confertissima
1072 570 1166 612 visa
1200 580 1285 626 est,
1317 570 1362 613 in
1396 586 1493 613 eam
1522 569 1579 613 ir-

176 652 357 712 rumpit.
381 652 450 696 Ne
466 653 668 695 Varenus
687 649 866 710 quidem
889 658 984 692 tum
1005 647 1122 692 vallo
1142 666 1231 693 sese
1256 642 1480 706 continet,
1503 649 1579 694 sed

177 732 377 776 omnium
404 731 571 774 veritus
606 730 1000 786 existimationem,
1030 730 1328 790 subsequitur.
1360 729 1580 775 Mediocri

176 812 318 873 spatio
335 810 514 867 relicto,
533 809 679 855 Pulfio
702 809 843 872 pilum
865 811 909 854 in
931 811 1080 854 hostes
1101 811 1258 867 mittit,
1282 820 1415 871 atque
1439 827 1581 854 unum

177 909 229 936 ex
252 891 538 936 multitudine
557 901 893 952 procurrentem
919 891 1136 952 transjicit
1163 909 1171 934 :
1198 908 1286 951 quo
1307 907 1515 952 percusso
1539 901 1582 935 et.

178 973 449 1029 exanimato,
478 973 596 1017 hunc
623 973 758 1017 scutis
785 982 1028 1034 protegunt
1053 972 1225 1028 hostes,
1254 973 1299 1015 in
1326 970 1452 1015 illum
1482 973 1582 1015 uni-

176 1054 292 1098 versi
329 1053 414 1097 tela
446 1054 709 1115 conjiciunt,
745 1070 888 1114 neque
927 1053 1034 1097 dant
1077 1052 1357 1115 regrediendi
1395 1053 1582 1097 faculta-

178 1136 606 1197 tem.·Transfigitur
630 1144 803 1179 scutum
825 1133 1040 1191 Pulfioni,
1068 1144 1109 1178 et
1132 1144 1336 1179 verutum
1366 1136 1410 1178 in
1435 1133 1582 1179 balteo

179 1214 398 1277 defigitur.
436 1216 607 1260 Avertit
644 1215 715 1259 hic
751 1232 877 1259 casus
912 1216 1142 1277 vaginam,
1181 1225 1224 1259 et
1251 1215 1447 1277 gladium
1479 1215 1585 1260 edu-

181 1312 279 1339 cere
302 1297 482 1340 conanti
506 1295 706 1340 dextram
731 1306 932 1340 moratur
958 1312 1141 1340 manum
1165 1313 1174 1340 ε
1202 1295 1465 1357 impeditum
1489 1297 1586 1341 hos-

181 1387 244 1421 tes
280 1377 624 1421 circumsistunt.
667 1377 896 1421 Succurrit
935 1377 1140 1421 inimicus
1179 1376 1241 1420 illi
1282 1379 1506 1434 Varenus,
1542 1386 1585 1422 et

181 1457 401 1501 laboranti
440 1458 660 1502 subvenit.
699 1457 769 1501 Ad
811 1457 931 1501 hunc
969 1474 1013 1502 se
1052 1457 1286 1502 confestim
1324 1475 1349 1501 a
1381 1457 1586 1503 Pulfione

182 1540 324 1582 omnis
365 1537 607 1582 multitudo
648 1539 870 1582 convertit
912 1555 921 1582 ε
961 1537 1087 1583 illum
1127 1548 1285 1583 veruto
1322 1540 1586 1583 transfixum

182 1619 470 1663 arbitrantur.
523 1621 740 1663 Occursat
783 1620 905 1664 ocius
949 1618 1122 1682 gladio,
1165 1621 1457 1682 cominusque
1492 1637 1586 1665 rem

182 1700 294 1762 gerit
333 1702 557 1755 Varenus,
594 1710 728 1761 atque
764 1717 855 1744 uno
892 1701 1149 1758 interfecto,
1177 1700 1373 1763 reliquos
1402 1701 1586 1763 paulum

181 1779 391 1842 propellit
417 1798 425 1824 ε
457 1780 564 1825 dum
596 1781 800 1843 cupidius
838 1782 993 1838 instat,
1023 1783 1067 1826 in
1112 1781 1261 1826 locum
1295 1783 1489 1844 dejectus
1523 1784 1588 1827 in-

181 1861 387 1906 feriorem
417 1861 627 1906 concidit.
660 1863 777 1906 Huic
804 1879 958 1906 rursus
987 1863 1292 1908 circumvento
1328 1863 1414 1908 fert
1444 1864 1588 1909 subsi-

183 1942 305 1986 dium
338 1941 504 1999 Pulfio,
540 1952 672 2003 atque
705 1943 836 1987 ambo
870 1942 1140 1999 incolumes,
1176 1944 1480 2006 compluribus
1521 1947 1589 1990 in-

184 2022 395 2080 terfectis,
428 2039 600 2067 summa
628 2040 728 2067 curn
756 2022 885 2068 laude
911 2040 1002 2068 sese
1031 2025 1148 2069 intra
1176 2027 1446 2071 munitiones
1477 2028 1590 2071 reci-

184 2104 324 2164 piunt.
348 2104 417 2148 Sic
438 2104 616 2148 fortuna
637 2105 683 2147 in
708 2106 994 2150 contentione
1019 2116 1061 2150 et
1083 2107 1326 2151 certamine
1349 2117 1590 2170 utrumque

184 2184 395 2241 versavit,
425 2194 474 2228 ut
497 2183 610 2229 alter
637 2184 764 2229 alteri
790 2185 996 2231 inimicus
1022 2186 1187 2231 auxilio
1212 2185 1432 2249 salutique
1457 2199 1590 2246 esset,

185 2281 328 2325 neque
361 2265 552 2326 judicari
590 2275 760 2327 posset,
801 2276 902 2311 uter
944 2268 1034 2311 utri
1072 2269 1238 2312 virtute
1279 2268 1590 2314 anteferendus

185 2345 424 2390 videretur.

249 2429 388 2472 XLV.
413 2429 598 2486 Quanto
619 2438 713 2473 erat
734 2429 780 2473 in
810 2429 900 2473 dies
928 2432 1106 2491 gravior
1129 2440 1262 2491 atque
1285 2433 1483 2492 asperior
1511 2449 1591 2493 op-

189 2509 423 2570 pugnatio,
452 2519 495 2552 et
532 2509 722 2553 maxime
748 2509 888 2571 quod,
922 2527 1083 2573 magna
1107 2520 1232 2572 parte
1265 2511 1460 2555 militum
1487 2528 1592 2556 con-

189 2588 299 2633 fecta
324 2587 602 2647 vulneribus,
637 2605 706 2634 res
733 2590 789 2634 ad
818 2592 1089 2652 paucitatem
1119 2591 1401 2636 defensorum
1434 2609 1590 2653 perve-

191 2680 341 2726 nerat,
379 2680 502 2715 tanto
538 2671 781 2715 crebriores
822 2671 979 2717 litterae
1019 2674 1255 2733 nuntiique
1291 2672 1346 2717 ad
1374 2674 1591 2718 Caesarem
