1972 3356
359 298 433 341 248
567 300 606 333 C.
638 298 765 332 JUL11
796 296 1016 331 cAEsAffls
1049 292 1535 329 COMMENTARIORUM

359 381 550 437 volebat,
591 396 725 440 quam
762 379 841 423 sub
878 378 1055 421 decessu
1095 392 1174 419 suo
1217 375 1518 418 necessitatem
1559 375 1639 418 sibi
1675 375 1753 419 ali-

358 478 488 521 quam
513 461 682 521 imponi
713 458 817 503 belli
841 457 1041 520 gerendi,
1069 473 1144 510 ne,
1169 472 1305 516 quum
1333 456 1574 499 exercitum
1599 454 1754 499 deduc·

358 550 480 584 turus
510 551 648 597 esset,
678 539 845 584 bellum
876 538 1055 599 aliquod
1083 536 1430 597 relinqueretur,
1462 536 1581 596 quod
1613 537 1754 580 omnis

356 621 502 666 Gallia
523 620 713 665 libenter
735 622 828 664 sine
851 619 1052 681 praesenti
1077 616 1275 679 periculo
1300 617 1554 677 susciperet.
1579 619 1754 676 Itaque,

356 702 599 746 honorifice
631 702 832 746 civitates
856 698 1148 762 appellando,
1176 698 1399 759 principes
1423 697 1624 741 maximis
1647 713 1757 758 prae-

357 783 454 827 miis
482 782 736 839 afficiendo,
773 780 893 825 nulla
916 798 1051 825 onera
1080 796 1193 824 nova
1222 777 1513 839 imponendo,
1545 777 1755 822 defessam

358 872 421 908 tot
453 862 647 907 adversis
690 862 855 924 proeliis
891 861 1106 917 Galliam,
1148 859 1403 904 conditione
1442 858 1627 920 parendi
1665 876 1757 903 me-

356 942 484 1000 liore,
505 942 632 987 facile
656 944 700 987 in
722 959 827 1004 pace
846 943 1079 987 continuit.

421 1026 470 1067 L.
510 1026 627 1085 Ipse,
666 1023 862 1067 hibernis
890 1023 1101 1084 peractis,
1131 1032 1283 1066 contra
1319 1021 1684 1066 consuetudinem
1715 1022 1757 1064 in

356 1103 526 1149 Italiam
555 1121 688 1164 quam
724 1104 927 1146 maximis
954 1103 1186 1147 itineribus
1217 1112 1281 1145 est
1309 1100 1558 1163 profectus,
1590 1112 1639 1145 ut
1665 1119 1760 1145 mu-

357 1184 519 1246 nicipia
542 1194 585 1228 et
613 1183 810 1228 colonias
833 1182 1095 1245 appellaret,
1120 1183 1281 1243 quibus
1303 1184 1365 1226 M.
1392 1183 1596 1238 Antonii,
1622 1199 1760 1243 quaes-

356 1266 465 1308 toris
500 1266 594 1320 sui,
630 1264 961 1309 commendaret
994 1263 1226 1307 sacerdotii
1259 1263 1532 1325 petitionem.
1563 1265 1760 1308 Conten-

357 1346 488 1390 debat
521 1347 639 1390 enim
671 1346 812 1407 gratia
839 1362 975 1406 quum
1006 1343 1192 1388 libenter
1227 1361 1308 1407 pro
1335 1344 1516 1389 homine
1542 1345 1624 1388 sibi
1650 1361 1756 1388 con-

354 1428 652 1488 junctissimo,
678 1445 809 1488 quem
835 1426 967 1488 paulo
991 1437 1093 1470 ante
1113 1426 1385 1488 praemiserat
1400 1425 1455 1470 ad
1475 1426 1758 1487 petitionem,

357 1518 452 1552 tum
483 1510 644 1552 acriter
674 1518 827 1552 contra
864 1508 1098 1552 factionem
1132 1518 1174 1551 ct
1205 1508 1452 1569 potentiam
1488 1524 1730 1569 paucorum
1750 1543 1760 1560 ,

358 1589 460 1649 qui,
489 1591 551 1632 M.
578 1590 759 1633 Antonii
793 1588 993 1651 repulsa,
1024 1590 1208 1632 Caesaris
1238 1588 1488 1632 decedentis
1512 1586 1761 1633 convellere

357 1670 544 1730 gratiam
590 1669 842 1731 cupiebant.
881 1672 1011 1713 Hunc
1047 1670 1129 1712 etsi
1165 1686 1378 1730 augurem
1425 1669 1546 1730 prius
1596 1668 1759 1712 factum

362 1767 493 1810 quam
520 1750 695 1794 Italiam
720 1752 977 1812 attingeret,
1011 1751 1053 1793 in
1078 1751 1234 1794 itinere
1255 1749 1473 1807 audierat,
1501 1761 1647 1794 tamen
1672 1767 1761 1794 non

359 1833 505 1874 minus
528 1832 695 1892 justam
719 1832 798 1875 sibi
825 1848 1001 1875 causam
1027 1831 1267 1892 municipia
1291 1841 1333 1874 et
1353 1829 1550 1874 colonias
1572 1829 1762 1874 adeundi

358 1913 644 1967 existimavit,
682 1922 730 1956 ut
766 1913 816 1955 iis
845 1913 1006 1974 gratias
1037 1922 1187 1974 ageret
1216 1912 1336 1972 quod
1373 1912 1666 1972 frequentiam
1700 1923 1762 1956 at-

358 2010 442 2053 que
470 1993 665 2037 officium
689 2010 818 2037 suum
842 1994 1039 2038 Antonio
1062 1994 1387 2055 praestitissent,
1412 1992 1632 2054 simulque
1653 2011 1696 2038 se
1721 2005 1763 2038 et

360 2074 575 2119 honorem
593 2092 720 2119 suum
745 2076 786 2118 in
809 2076 1032 2135 sequentis
1056 2076 1160 2118 anni
1177 2075 1507 2119 commendaret
1529 2075 1762 2136 petitione,

360 2167 596 2217 propterea
639 2156 759 2217 quod
804 2155 1047 2199 insolenter
1083 2156 1320 2200 adversarii
1360 2157 1425 2200 sui
1466 2155 1764 2218 gloriarentur

363 2239 406 2280 L.
432 2236 673 2281 Lentulum
699 2247 741 2280 et
764 2238 813 2280 C.
840 2235 1103 2281 Marcellum
1129 2254 1236 2280 coss.
1264 2247 1456 2293 creatos,
1482 2238 1556 2298 qui
1585 2255 1762 2282 omnem

359 2316 572 2361 honorem
605 2327 647 2361 et
683 2317 945 2379 dignitatem
979 2319 1161 2364 Caesaris
1196 2317 1519 2380 exspoliarent,
1559 2330 1761 2381 ereptum

363 2399 516 2442 Sci-vio
549 2397 702 2442 Galbae
735 2397 1040 2454 consulatum,
1077 2416 1213 2460 quum
1249 2401 1283 2442 is
1322 2398 1463 2445 multo
1494 2399 1592 2461 plns
1623 2402 1760 2461 gratia

359 2479 669 2541 suffragiisque
695 2479 922 2544 yaluisset,
945 2480 1063 2541 quod
1085 2481 1165 2524 sibi
1186 2483 1450 2542 conjunctus
1470 2491 1514 2525 et
1531 2480 1761 2525 familiari-

360 2571 448 2604 tate
471 2570 513 2604 ct
539 2561 863 2605 necessitudine
887 2560 1120 2622 legationis
1144 2573 1268 2607 esset.

425 2644 497 2685 LI.
538 2645 757 2703 Exceptus
794 2653 859 2686 est
891 2644 1074 2687 Caesaris
1104 2643 1320 2689 adventus
1348 2646 1400 2688 ab
1433 2645 1637 2689 omnibus
1671 2663 1762 2690 mu-

363 2724 534 2783 nicipiis
563 2734 602 2767 ct
629 2723 811 2768 coloniis
836 2724 1082 2769 incredibili
1108 2726 1273 2769 lionorc
1300 2735 1430 2785 atquc
1454 2741 1603 2768 amore
1630 2743 1636 2768 :
1667 2737 1759 2770 tum
