1972 3356
557 236 624 271 DE
653 236 811 271 BELLO
842 238 1058 273 GALLICO
1088 239 1176 274 LIB.
1200 240 1244 273 V.
1528 241 1596 277 115

204 334 247 361 se
263 314 500 376 beneficiis,
518 318 758 381 plurimum
773 321 1018 365 eiconfiteri
1032 321 1211 379 debere,
1228 323 1451 385 quodejus
1466 342 1598 386 opera

204 399 423 460 stipendio
454 399 664 445 liberatus
689 411 822 458 esset,
854 402 973 462 quod
1005 403 1246 447 Aduatucis
1283 404 1481 450 finitimis
1512 408 1600 450 suis

204 480 395 541 pendere
425 492 694 538 consuesset‚
720 482 928 542 quodque
958 484 996 525 ei
1028 494 1072 526 et
1101 483 1216 527 filius
1246 495 1288 528 et
1314 485 1460 530 fratris
1485 486 1598 530 filius

203 562 256 604 ab
292 563 461 606 Caesare
490 563 658 606 remissi
690 572 853 618 essent,
880 579 989 622 quos
1013 563 1254 621 Aduatuci,
1283 566 1486 610 obsidum
1515 584 1597 610 nu-

203 659 325 687 mero
350 644 504 686 missos
519 677 530 699 ,
549 642 667 703 apud
690 659 734 686 se
754 643 798 685 in
823 644 1035 686 servitute
1060 654 1104 687 et
1133 645 1299 688 catenis
1321 648 1567 691 tenuissent
1588 666 1596 691 τ

204 739 343 783 neque
369 722 432 778 id,
457 723 577 782 quod
604 722 756 766 fecerit
790 722 843 766 de
868 725 1203 784 oppugnatione
1232 735 1500 781 castrorum,
1525 739 1602 771 aut

197 801 364 863 judicio
395 812 470 846 aut
504 801 733 847 voluntate
768 820 847 847 sua
880 803 1050 861 fecisse⁷
1086 804 1160 849 sed
1197 816 1353 850 coactu
1387 808 1599 864 civitatis,

199 900 364 945 suaque
385 900 477 928 esse
499 883 714 945 ejusmodi
738 885 942 945 imperia⁷
973 895 1022 929 ut
1046 902 1134 929 non
1160 887 1307 931 minus
1331 887 1513 932 haberet
1533 890 1600 949 ju—

199 967 259 1010 ris
294 966 338 1009 in
365 982 409 1010 se
442 965 701 1023 multitudo,
730 982 864 1027 quam
901 967 993 1027 ipse
1027 968 1072 1010 in
1101 967 1447 1013 multitudinem.
1486 972 1602 1015 Civi-

201 1048 279 1092 tati
303 1065 436 1109 porro
460 1048 575 1092 hanc
600 1047 730 1092 fuisse
752 1046 855 1092 belli
879 1064 1075 1105 causam,
1096 1049 1216 1110 quod
1236 1052 1476 1112 repentinae
1502 1052 1602 1096 Gal-

200 1128 344 1173 lorum
365 1129 662 1190 conjurationi
682 1129 884 1174 resistere
908 1147 996 1174 non
1016 1131 1211 1191 potuerit
1236 1148 1244 1174 :
1273 1131 1315 1175 id
1336 1149 1379 1176 se
1403 1131 1528 1176 facile
1548 1150 1600 1177 ex

200 1210 451 1255 humilitate
479 1227 556 1254 sua
579 1210 766 1272 probare
798 1227 943 1272 posse⁷
973 1211 1093 1272 quod
1124 1229 1214 1255 non
1244 1212 1354 1256 adeo
1381 1213 1437 1257 sit
1465 1214 1602 1274 impe-

203 1292 312 1335 ritus
341 1308 508 1349 rerum,
547 1302 595 1335 ut
621 1292 708 1336 suis
738 1292 876 1354 copiis
902 1290 1116 1354 populum
1142 1309 1377 1337 romanum
1402 1310 1446 1338 se
1475 1311 1601 1356 supe-

203 1389 300 1416 rare
315 1390 440 1434 posse
454 1372 647 1417 confidat
672 1390 681 1416 ε
704 1372 779 1417 sed
799 1389 892 1417 esse
911 1372 1069 1417 Galliae
1088 1389 1326 1417 commune
1344 1374 1598 1428 consilium,

201 1454 407 1498 omnibus
433 1453 630 1498 hibernis
663 1454 845 1499 Caesaris
879 1453 1189 1515 oppugnandis
1222 1454 1342 1498 hunc
1381 1472 1473 1499 esse
1512 1456 1601 1500 dic-

202 1545 296 1579 tum
317 1534 453 1592 diem,
473 1552 528 1579 ne
551 1551 637 1596 qua
658 1534 773 1596 legio
794 1533 921 1578 alteri
941 1533 1105 1596 legioni
1123 1534 1319 1579 subsidio
1342 1538 1491 1580 venire
1509 1554 1602 1598 pos-

201 1626 265 1661 set
291 1634 299 1661 :
322 1632 411 1661 non
441 1615 568 1660 facile
589 1614 743 1660 Gallos
768 1614 909 1660 Gallis
933 1632 1094 1678 negare
1119 1617 1336 1676 potuisse,
1360 1619 1600 1678 praesertim

201 1715 338 1759 quum
367 1696 420 1741 de
444 1697 747 1758 recuperanda
776 1697 1001 1741 communi
1033 1696 1235 1741 libertate
1258 1697 1489 1742 consilium
1518 1700 1601 1743 ini-

200 1789 295 1823 tum
321 1779 558 1823 videretur.
583 1779 759 1836 Quibus
786 1779 997 1839 quoniam
1025 1795 1107 1839 pro
1131 1779 1295 1839 pietate
1317 1779 1600 1834 satisfecerit,

200 1861 362 1905 habere
389 1878 434 1905 se
464 1877 582 1904 nunc
608 1860 825 1903 rationem
857 1859 991 1903 officii
1021 1877 1102 1920 pro
1129 1860 1352 1904 beneficiis
1381 1861 1566 1905 Caesaris
1593 1879 1599 1904 :

201 1958 403 1997 monere,
434 1957 561 1985 orare
588 1940 811 1984 Titurium
848 1957 929 2000 pro
961 1940 1173 2000 hospitio,
1203 1951 1253 1983 ut
1289 1957 1374 1984 suae
1409 1957 1459 1984 ac
1487 1941 1600 1985 mili-

202 2032 295 2066 tum
320 2021 450 2066 saluti
468 2020 670 2065 consulat
692 2039 699 2063 :
725 2038 932 2082 magnam
951 2038 1132 2065 manum
1155 2024 1484 2067 Germanorum
1502 2039 1603 2066 con-

202 2103 381 2147 ductam
411 2103 620 2147 Rhenum
648 2103 873 2158 transisse3
903 2103 1019 2146 hanc
1047 2102 1184 2146 affore
1212 2102 1362 2147 biduo.
1396 2105 1602 2164 Ipsorum

201 2202 294 2230 8558
331 2183 586 2240 consilium,
617 2182 811 2228 velintne
842 2185 985 2244 prius,
1018 2200 1150 2244 quam
1181 2184 1358 2229 finitimi
1391 2187 1604 2241 sentiant,

202 2266 383 2311 eductos
420 2283 472 2310 ex
512 2265 709 2309 hibernis
745 2263 906 2309 milites
944 2275 1022 2309 aut
1051 2264 1106 2308 ad
1136 2266 1398 2310 Ciceronem
1435 2277 1512 2312 aut
1549 2268 1604 2311 ad

202 2348 450 2392 Labienum
479 2346 717 2404 deducere,
746 2363 937 2407 quorum
968 2345 1080 2391 alter
1108 2345 1246 2390 millia
1276 2363 1487 2408 passuum
1516 2350 1602 2393 cir-

203 2429 314 2472 citer
346 2445 395 2484 L,
432 2426 543 2472 alter
575 2426 707 2489 paulo
735 2427 925 2488 amplius
954 2427 1007 2471 ab
1037 2427 1103 2471 his
1134 2428 1261 2472 absit.
1290 2427 1408 2473 Illud
1439 2447 1483 2474 se
1508 2430 1603 2491 pol-

202 2508 350 2566 liceri,
391 2519 434 2553 et
465 2508 707 2570 jurerando
742 2508 1033 2565 confirmare,
1072 2517 1219 2553 tutum
1258 2511 1341 2555 iter
1385 2528 1464 2571 per
1495 2510 1602 2554 fines

202 2607 304 2635 suos
339 2591 548 2635 daturum
576 2607 584 2633 :
610 2589 730 2651 quod
761 2607 898 2651 quum
929 2590 1083 2649 faciat,
1106 2599 1150 2634 et
1177 2591 1346 2634 civitati
1373 2608 1465 2637 sese
1498 2608 1601 2635 con·

204 2670 372 2730 sulem,
403 2671 523 2732 quod
559 2671 757 2715 hibernis
786 2670 977 2729 levetur,
1008 2681 1051 2716 et
1083 2673 1245 2718 Caesari
1273 2689 1354 2732 pro
1386 2673 1479 2733 ejus
1512 2690 1603 2717 me-

1379 2741 1412 2777 8.
