1972 3356
362 240 432 263 100
565 226 603 260 C.
632 225 760 259 JULII
789 223 1010 258 CAESARIS
1041 222 1531 258 COMMENTARIORUM

356 311 561 372 aequitate
587 308 777 364 decreti,
805 317 848 351 et
873 307 1101 352 humanite
1122 307 1358 362 Trebonii,
1385 307 1459 367 qui
1485 307 1552 351 his
1578 318 1746 371 tempo-

357 392 476 434 ribus
508 389 745 434 clementer
769 398 811 433 et
835 387 1059 433 moderate
1082 389 1155 448 jus
1180 386 1414 432 dicendum
1447 388 1748 446 existimabat,

357 481 404 514 ut
443 472 626 533 reperiri
662 487 750 514 non
793 480 995 531 possent,
1031 486 1055 513 a
1093 469 1254 531 quibus
1292 469 1466 512 initium
1501 467 1751 530 appellandi

357 562 625 596 nasceretur.
645 553 759 598 Nam
783 551 966 596 fortasse
990 552 1186 612 inopiam
1205 567 1412 595 excusare
1426 585 1437 607 ,
1459 560 1502 595 et
1523 549 1750 595 calamita·

359 643 443 676 tem
465 643 542 677 aut
571 633 796 695 propriam
815 649 938 677 suam
963 642 1035 676 aut
1063 642 1311 693 temporum
1330 633 1455 692 queri
1469 666 1480 687 ,
1501 642 1544 676 et
1562 630 1755 676 difficul-

357 723 467 758 tates
487 713 771 758 auctionandi
794 730 1063 775 proponere,
1088 714 1220 757 etiam
1246 711 1477 757 mediocris
1499 722 1562 756 est
1589 713 1753 770 animi3

358 796 549 857 integras
575 812 677 840 vero
706 805 852 839 tenere
879 795 1172 856 possessiones
1189 829 1200 851 ,
1228 795 1301 855 qui
1331 810 1374 838 se
1397 793 1555 838 debere
1583 793 1754 838 fatean-

358 885 446 932 tur,
462 877 586 938 cujus
607 877 771 933 animi,
797 886 872 920 aut
890 876 1016 936 cujus
1042 874 1326 936 impudentiae
1349 874 1444 919 est?
1464 876 1620 935 Itaque
1638 909 1649 930 ,
1670 874 1754 918 hoc

357 958 431 1018 qui
463 956 726 1019 postularet,
755 957 1056 1017 reperiebatur
1083 972 1226 1000 nemo.
1252 959 1393 1016 Atque
1412 956 1515 1016 ipsis
1532 990 1542 1010 ,
1570 955 1625 998 ad
1649 971 1756 1016 quo·

359 1055 456 1083 rum
478 1038 760 1082 commodum
785 1037 1060 1099 pertinebat,
1087 1036 1239 1081 durior
1261 1037 1465 1080 inventus
1487 1045 1551 1080 est
1573 1034 1752 1081 Coelius.

358 1122 414 1164 Et
438 1120 493 1164 ab
521 1119 604 1164 hoc
631 1118 856 1181 profectus
882 1119 1034 1174 initio,
1064 1134 1116 1162 ne
1145 1117 1307 1162 frustra
1331 1118 1551 1177 ingressus
1580 1126 1755 1177 turpem

359 1217 536 1245 causam
556 1199 793 1257 videretur,
815 1198 953 1261 legem
978 1197 1303 1261 promulgavit,
1324 1208 1374 1242 ut
1398 1198 1534 1242 sexies
1554 1198 1645 1242 seni
1666 1196 1756 1241 dies

359 1282 452 1326 sine
475 1282 618 1327 usuris
645 1281 821 1327 creditae
849 1282 1045 1342 pecuniae
1072 1279 1315 1324 solvantur.

425 1365 547 1408 XXI.
593 1363 745 1421 Quum
785 1363 1003 1407 resisteret
1039 1361 1249 1407 Servilius
1293 1360 1469 1416 consul,
1515 1359 1759 1421 reliquique

361 1446 666 1505 magistratuS‚
694 1453 738 1488 et
765 1445 912 1488 minus
940 1443 1151 1504 opinione
1179 1459 1255 1486 sua
1291 1441 1509 1496 efficeret,
1534 1440 1590 1486 ad
1615 1440 1757 1484 homi-

362 1541 468 1570 num
492 1523 724 1569 excitanda
747 1523 913 1579 studia,
934 1522 1105 1567 sublata
1125 1524 1273 1584 priore
1296 1522 1408 1583 lege,
1429 1521 1538 1567 duas
1560 1520 1759 1582 promul—

361 1607 505 1667 gavit;
533 1621 693 1661 unam,
722 1621 807 1666 qua
843 1603 1061 1648 mercedes
1094 1604 1417 1648 habitationum
1452 1618 1622 1646 annuas
1654 1618 1759 1646 con-

360 1686 618 1731 ductoribus
643 1685 825 1729 donavit
841 1702 852 1740 3
871 1683 1050 1729 alteram
1075 1683 1327 1730 tabularum
1356 1700 1599 1738 novarum;
1621 1684 1759 1744 impe-

363 1778 499 1828 tuque
526 1765 825 1811 multitudinis
854 1768 897 1809 in
921 1766 972 1809 C.
1000 1766 1270 1809 Trebonium
1302 1765 1439 1822 facto,
1461 1775 1504 1809 et
1534 1762 1760 1809 nonnullis

362 1848 624 1904 vulneratis,
649 1864 749 1891 cum
771 1845 824 1890 de
844 1845 1051 1890 tribunali
1073 1845 1340 1891 deturbavit.
1359 1849 1425 1891 De
1448 1846 1612 1908 quibus
1629 1845 1760 1890 rebus

361 1928 570 1973 Servilius
595 1927 748 1973 consul
772 1926 826 1971 ad
850 1938 1052 1972 senatum
1075 1927 1252 1984 retulit3
1279 1938 1544 1989 senatusque
1571 1925 1760 1973 Coelium

363 2011 418 2055 ab
454 2009 681 2073 republica
716 2008 1034 2054 removendum
1075 2011 1259 2054 censuit.
1302 2012 1398 2054 Hoc
1440 2008 1617 2054 decreto
1659 2025 1761 2053 eum

361 2090 515 2136 consul
538 2101 692 2136 senatu
723 2090 977 2153 prohibuit,
999 2101 1044 2135 et
1068 2092 1324 2136 concionari
1349 2100 1582 2135 conantem
1609 2089 1663 2134 de
1677 2091 1763 2134 Ro-

361 2174 461 2217 stris
489 2172 683 2217 deduxit.
711 2171 811 2228 Ille,
836 2173 1076 2234 ignominia
1105 2183 1147 2217 et
1174 2171 1326 2217 dolore
1349 2169 1761 2234 permotus,palam

363 2271 406 2298 se
451 2254 671 2316 proficisci
707 2253 762 2298 ad
796 2255 1014 2298 Caesarem
1050 2253 1297 2310 simulavit3
1327 2253 1466 2310 clam,
1501 2253 1668 2297 nuntiis
1708 2251 1762 2296 ad

364 2335 578 2381 Milonem
603 2337 772 2394 missis,
796 2337 893 2397 qui,
921 2335 1079 2381 Clodio
1108 2336 1338 2381 interfecto
1355 2371 1366 2387 ‚
1394 2353 1446 2380 eo
1473 2335 1654 2380 nomine
1668 2343 1763 2379 erat

364 2416 620 2474 damnatus,
653 2428 784 2479 atque
813 2434 865 2462 eo
897 2418 940 2461 in
971 2417 1145 2462 ltaliam
1176 2428 1383 2474 evocato,
1420 2415 1566 2478 quod,
1592 2415 1763 2476 magnis

367 2498 625 2542 muneribus
648 2498 789 2555 datis,
819 2497 1088 2560 gladiatoriae
1119 2498 1291 2543 familiae
1318 2497 1524 2559 reliquias
1551 2495 1763 2552 habebat,

364 2579 447 2623 sibi
473 2580 728 2641 conjunxit,
754 2591 887 2642 atque
914 2597 1014 2625 eum
1043 2582 1085 2625 in
1109 2581 1360 2625 Thurinum
1385 2577 1439 2623 ad
1463 2575 1763 2623 sollicitandos

366 2669 560 2720 pastores
591 2662 814 2723 praemisit.
846 2662 944 2722 Ipse
964 2679 1101 2722 quum
1129 2661 1375 2707 Casilinum
1402 2660 1618 2714 venisset,
1648 2674 1760 2702 uno-
