<?xml version="1.0" encoding="UTF-8"?>
<!DOCTYPE html PUBLIC "-//W3C//DTD XHTML 1.0 Transitional//EN"
    "http://www.w3.org/TR/xhtml1/DTD/xhtml1-transitional.dtd">
<html xmlns="http://www.w3.org/1999/xhtml" xml:lang="en" lang="en">
 <head>
  <title>
</title>
<meta http-equiv="Content-Type" content="text/html;charset=utf-8" />
  <meta name='ocr-system' content='tesseract 3.04.00' />
  <meta name='ocr-capabilities' content='ocr_page ocr_carea ocr_par ocr_line ocrx_word'/>
</head>
<body>
  <div class='ocr_page' id='page_1' title='image "./operajoh0102caesuoft_0253.png"; bbox 0 0 1972 3356; ppageno 0'>
   <div class='ocr_carea' id='block_1_1' title="bbox 209 251 1614 2592">
    <p class='ocr_par' dir='ltr' id='par_1_1' title="bbox 530 251 1598 291">
     <span class='ocr_line' id='line_1_1' title="bbox 530 251 1598 291; baseline -0.006 0"><span class='ocrx_word' id='word_1_1' title='bbox 530 256 596 291; x_wconf 85' lang='lat' dir='ltr'>DE</span> <span class='ocrx_word' id='word_1_2' title='bbox 626 256 787 291; x_wconf 88' lang='lat' dir='ltr'>BELLO</span> <span class='ocrx_word' id='word_1_3' title='bbox 819 254 1032 290; x_wconf 83' lang='lat' dir='ltr'><strong>GALLICO</strong></span> <span class='ocrx_word' id='word_1_4' title='bbox 1062 256 1154 290; x_wconf 85' lang='lat' dir='ltr'><strong>LIB.</strong></span> <span class='ocrx_word' id='word_1_5' title='bbox 1178 255 1283 290; x_wconf 82' lang='lat' dir='ltr'>VIII.</span> <span class='ocrx_word' id='word_1_6' title='bbox 1529 251 1598 286; x_wconf 76' lang='lat'>231</span> 
     </span>
    </p>

    <p class='ocr_par' dir='ltr' id='par_1_2' title="bbox 209 335 1614 2592">
     <span class='ocr_line' id='line_1_2' title="bbox 272 335 1606 402; baseline -0.001 -21"><span class='ocrx_word' id='word_1_7' title='bbox 272 339 393 382; x_wconf 79' lang='lat' dir='ltr'>XIX.</span> <span class='ocrx_word' id='word_1_8' title='bbox 430 338 584 398; x_wconf 83' lang='lat' dir='ltr'>Quum</span> <span class='ocrx_word' id='word_1_9' title='bbox 620 340 841 402; x_wconf 81' lang='lat' dir='ltr'>dispositis</span> <span class='ocrx_word' id='word_1_10' title='bbox 880 341 1036 385; x_wconf 86' lang='lat' dir='ltr'>turmis</span> <span class='ocrx_word' id='word_1_11' title='bbox 1076 341 1265 384; x_wconf 86' lang='lat' dir='ltr'>invicem</span> <span class='ocrx_word' id='word_1_12' title='bbox 1307 339 1394 382; x_wconf 88' lang='lat' dir='ltr'>rari</span> <span class='ocrx_word' id='word_1_13' title='bbox 1430 335 1606 398; x_wconf 88' lang='lat' dir='ltr'>proelia-</span> 
     </span>
     <span class='ocr_line' id='line_1_3' title="bbox 209 421 1610 481; baseline -0.001 -19"><span class='ocrx_word' id='word_1_14' title='bbox 209 429 386 475; x_wconf 82' lang='lat' dir='ltr'>rentur,</span> <span class='ocrx_word' id='word_1_15' title='bbox 419 437 562 481; x_wconf 91' lang='lat' dir='ltr'>neque</span> <span class='ocrx_word' id='word_1_16' title='bbox 597 421 650 464; x_wconf 87' lang='lat' dir='ltr'>ab</span> <span class='ocrx_word' id='word_1_17' title='bbox 681 421 890 465; x_wconf 87' lang='lat' dir='ltr'>lateribus</span> <span class='ocrx_word' id='word_1_18' title='bbox 931 421 1241 465; x_wconf 88' lang='lat' dir='ltr'>circumveniri</span> <span class='ocrx_word' id='word_1_19' title='bbox 1271 436 1372 463; x_wconf 90' lang='lat' dir='ltr'>suos</span> <span class='ocrx_word' id='word_1_20' title='bbox 1405 428 1610 479; x_wconf 89' lang='lat' dir='ltr'>pateren-</span> 
     </span>
     <span class='ocr_line' id='line_1_4' title="bbox 212 498 1609 563; baseline -0.002 -19"><span class='ocrx_word' id='word_1_21' title='bbox 212 510 303 558; x_wconf 90' lang='lat' dir='ltr'>tur,</span> <span class='ocrx_word' id='word_1_22' title='bbox 337 512 577 563; x_wconf 90' lang='lat' dir='ltr'>erumpunt</span> <span class='ocrx_word' id='word_1_23' title='bbox 614 505 767 559; x_wconf 86' lang='lat' dir='ltr'>ceteri,</span> <span class='ocrx_word' id='word_1_24' title='bbox 803 504 971 546; x_wconf 90' lang='lat' dir='ltr'>Correo</span> <span class='ocrx_word' id='word_1_25' title='bbox 1000 500 1251 563; x_wconf 85' lang='lat' dir='ltr'>proeliante,</span> <span class='ocrx_word' id='word_1_26' title='bbox 1285 518 1336 544; x_wconf 81' lang='lat' dir='ltr'>ex</span> <span class='ocrx_word' id='word_1_27' title='bbox 1373 499 1505 544; x_wconf 87' lang='lat' dir='ltr'>silvis.</span> <span class='ocrx_word' id='word_1_28' title='bbox 1537 498 1609 542; x_wconf 86' lang='lat' dir='ltr'>Fit</span> 
     </span>
     <span class='ocr_line' id='line_1_5' title="bbox 211 579 1608 644; baseline -0.001 -19"><span class='ocrx_word' id='word_1_29' title='bbox 211 599 369 644; x_wconf 83' lang='lat' dir='ltr'>magna</span> <span class='ocrx_word' id='word_1_30' title='bbox 394 584 676 627; x_wconf 83' lang='lat' dir='ltr'>contentione</span> <span class='ocrx_word' id='word_1_31' title='bbox 692 583 915 627; x_wconf 86' lang='lat' dir='ltr'>diversum</span> <span class='ocrx_word' id='word_1_32' title='bbox 940 582 1159 643; x_wconf 86' lang='lat' dir='ltr'>proelium.</span> <span class='ocrx_word' id='word_1_33' title='bbox 1186 582 1321 640; x_wconf 87' lang='lat' dir='ltr'>Quod</span> <span class='ocrx_word' id='word_1_34' title='bbox 1345 598 1484 642; x_wconf 88' lang='lat' dir='ltr'>quum</span> <span class='ocrx_word' id='word_1_35' title='bbox 1509 579 1608 623; x_wconf 92' lang='lat' dir='ltr'>diu-</span> 
     </span>
     <span class='ocr_line' id='line_1_6' title="bbox 212 661 1610 724; baseline 0 -18"><span class='ocrx_word' id='word_1_36' title='bbox 212 663 297 706; x_wconf 87' lang='lat' dir='ltr'>tius</span> <span class='ocrx_word' id='word_1_37' title='bbox 335 663 427 723; x_wconf 90' lang='lat' dir='ltr'>pari</span> <span class='ocrx_word' id='word_1_38' title='bbox 463 665 609 707; x_wconf 85' lang='lat' dir='ltr'>Marte</span> <span class='ocrx_word' id='word_1_39' title='bbox 647 664 860 719; x_wconf 88' lang='lat' dir='ltr'>iniretur,</span> <span class='ocrx_word' id='word_1_40' title='bbox 895 663 1108 724; x_wconf 86' lang='lat' dir='ltr'>paulatim</span> <span class='ocrx_word' id='word_1_41' title='bbox 1145 680 1197 706; x_wconf 78' lang='lat' dir='ltr'>ex</span> <span class='ocrx_word' id='word_1_42' title='bbox 1238 661 1358 705; x_wconf 89' lang='lat' dir='ltr'>silvis</span> <span class='ocrx_word' id='word_1_43' title='bbox 1392 662 1610 706; x_wconf 82' lang='lat' dir='ltr'>instructa</span> 
     </span>
     <span class='ocr_line' id='line_1_7' title="bbox 212 733 1611 804; baseline -0.001 -18"><span class='ocrx_word' id='word_1_44' title='bbox 212 742 450 786; x_wconf 84' lang='lat' dir='ltr'>multitudo</span> <span class='ocrx_word' id='word_1_45' title='bbox 483 744 685 804; x_wconf 78' lang='lat' dir='ltr'>procedit.</span> <span class='ocrx_word' id='word_1_46' title='bbox 717 733 942 804; x_wconf 87' lang='lat' dir='ltr'>peditum,</span> <span class='ocrx_word' id='word_1_47' title='bbox 975 761 1070 804; x_wconf 83' lang='lat' dir='ltr'>quae</span> <span class='ocrx_word' id='word_1_48' title='bbox 1102 753 1278 787; x_wconf 92' lang='lat' dir='ltr'>nostros</span> <span class='ocrx_word' id='word_1_49' title='bbox 1309 744 1429 804; x_wconf 80' lang='lat' dir='ltr'>cogit</span> <span class='ocrx_word' id='word_1_50' title='bbox 1458 742 1611 785; x_wconf 81' lang='lat' dir='ltr'>cedere</span> 
     </span>
     <span class='ocr_line' id='line_1_8' title="bbox 211 823 1612 884; baseline -0.001 -18"><span class='ocrx_word' id='word_1_51' title='bbox 211 824 377 883; x_wconf 79' lang='lat' dir='ltr'>equites</span> <span class='ocrx_word' id='word_1_52' title='bbox 422 840 430 866; x_wconf 78' lang='grc' dir='ltr'>ε</span> <span class='ocrx_word' id='word_1_53' title='bbox 473 824 634 884; x_wconf 87' lang='lat' dir='ltr'>quibus</span> <span class='ocrx_word' id='word_1_54' title='bbox 677 823 879 868; x_wconf 73' lang='lat' dir='ltr'>celeriter</span> <span class='ocrx_word' id='word_1_55' title='bbox 920 825 1191 869; x_wconf 87' lang='lat' dir='ltr'>subveniunt</span> <span class='ocrx_word' id='word_1_56' title='bbox 1232 823 1340 868; x_wconf 86' lang='lat' dir='ltr'>levis</span> <span class='ocrx_word' id='word_1_57' title='bbox 1377 831 1612 867; x_wconf 84' lang='lat' dir='ltr'>armaturae</span> 
     </span>
     <span class='ocr_line' id='line_1_9' title="bbox 211 903 1612 967; baseline 0 -21"><span class='ocrx_word' id='word_1_58' title='bbox 211 903 403 963; x_wconf 81' lang='lat' dir='ltr'>pedites,</span> <span class='ocrx_word' id='word_1_59' title='bbox 443 921 554 964; x_wconf 91' lang='lat' dir='ltr'>quos</span> <span class='ocrx_word' id='word_1_60' title='bbox 593 915 694 949; x_wconf 84' lang='lat' dir='ltr'>ante</span> <span class='ocrx_word' id='word_1_61' title='bbox 733 904 928 967; x_wconf 79' lang='lat' dir='ltr'>legiones</span> <span class='ocrx_word' id='word_1_62' title='bbox 972 907 1128 950; x_wconf 88' lang='lat' dir='ltr'>missos</span> <span class='ocrx_word' id='word_1_63' title='bbox 1174 906 1329 960; x_wconf 78' lang='lat' dir='ltr'>docui3</span> <span class='ocrx_word' id='word_1_64' title='bbox 1366 904 1612 964; x_wconf 87' lang='lat' dir='ltr'>turmisque</span> 
     </span>
     <span class='ocr_line' id='line_1_10' title="bbox 211 985 1613 1047; baseline 0 -20"><span class='ocrx_word' id='word_1_65' title='bbox 211 993 467 1028; x_wconf 86' lang='lat' dir='ltr'>nostrorum</span> <span class='ocrx_word' id='word_1_66' title='bbox 512 986 780 1046; x_wconf 72' lang='lat' dir='ltr'>interpositi,</span> <span class='ocrx_word' id='word_1_67' title='bbox 817 996 1072 1030; x_wconf 82' lang='lat' dir='ltr'>constanter</span> <span class='ocrx_word' id='word_1_68' title='bbox 1114 985 1390 1047; x_wconf 86' lang='lat' dir='ltr'>proeliantur.</span> <span class='ocrx_word' id='word_1_69' title='bbox 1436 987 1613 1046; x_wconf 85' lang='lat' dir='ltr'>Pugna-</span> 
     </span>
     <span class='ocr_line' id='line_1_11' title="bbox 211 1063 1614 1127; baseline 0.001 -20"><span class='ocrx_word' id='word_1_70' title='bbox 211 1074 284 1108; x_wconf 89' lang='lat' dir='ltr'>tur</span> <span class='ocrx_word' id='word_1_71' title='bbox 311 1063 570 1126; x_wconf 80' lang='lat' dir='ltr'>aliquandiu</span> <span class='ocrx_word' id='word_1_72' title='bbox 599 1068 695 1127; x_wconf 89' lang='lat' dir='ltr'>pari</span> <span class='ocrx_word' id='word_1_73' title='bbox 723 1069 1008 1111; x_wconf 85' lang='lat' dir='ltr'>contentione</span> <span class='ocrx_word' id='word_1_74' title='bbox 1038 1085 1046 1111; x_wconf 90' lang='lat'>:</span> <span class='ocrx_word' id='word_1_75' title='bbox 1075 1067 1258 1123; x_wconf 87' lang='lat' dir='ltr'>deinde,</span> <span class='ocrx_word' id='word_1_76' title='bbox 1287 1077 1338 1110; x_wconf 87' lang='lat' dir='ltr'>ut</span> <span class='ocrx_word' id='word_1_77' title='bbox 1366 1067 1479 1110; x_wconf 88' lang='lat' dir='ltr'>ratio</span> <span class='ocrx_word' id='word_1_78' title='bbox 1515 1082 1614 1126; x_wconf 85' lang='lat' dir='ltr'>pos-</span> 
     </span>
     <span class='ocr_line' id='line_1_12' title="bbox 210 1145 1612 1210; baseline 0 -21"><span class='ocrx_word' id='word_1_79' title='bbox 210 1145 380 1190; x_wconf 87' lang='lat' dir='ltr'>tulabat</span> <span class='ocrx_word' id='word_1_80' title='bbox 420 1147 582 1208; x_wconf 85' lang='lat' dir='ltr'>proelii,</span> <span class='ocrx_word' id='word_1_81' title='bbox 621 1148 696 1208; x_wconf 88' lang='lat' dir='ltr'>qui</span> <span class='ocrx_word' id='word_1_82' title='bbox 736 1150 1038 1193; x_wconf 84' lang='lat' dir='ltr'>sustinuerant</span> <span class='ocrx_word' id='word_1_83' title='bbox 1073 1149 1240 1210; x_wconf 88' lang='lat' dir='ltr'>primos</span> <span class='ocrx_word' id='word_1_84' title='bbox 1280 1148 1473 1208; x_wconf 86' lang='lat' dir='ltr'>impetus</span> <span class='ocrx_word' id='word_1_85' title='bbox 1507 1146 1612 1190; x_wconf 91' lang='lat' dir='ltr'>insi-</span> 
     </span>
     <span class='ocr_line' id='line_1_13' title="bbox 210 1226 1612 1290; baseline 0 -20"><span class='ocrx_word' id='word_1_86' title='bbox 210 1227 381 1271; x_wconf 87' lang='lat' dir='ltr'>diarum</span> <span class='ocrx_word' id='word_1_87' title='bbox 435 1229 518 1273; x_wconf 90' lang='lat' dir='ltr'>hoc</span> <span class='ocrx_word' id='word_1_88' title='bbox 567 1230 661 1290; x_wconf 87' lang='lat' dir='ltr'>ipso</span> <span class='ocrx_word' id='word_1_89' title='bbox 708 1229 822 1274; x_wconf 86' lang='lat' dir='ltr'>fiunt</span> <span class='ocrx_word' id='word_1_90' title='bbox 877 1230 1125 1290; x_wconf 85' lang='lat' dir='ltr'>superiores</span> <span class='ocrx_word' id='word_1_91' title='bbox 1174 1228 1295 1290; x_wconf 90' lang='lat' dir='ltr'>quod</span> <span class='ocrx_word' id='word_1_92' title='bbox 1338 1226 1512 1272; x_wconf 90' lang='lat' dir='ltr'>nullum</span> <span class='ocrx_word' id='word_1_93' title='bbox 1559 1227 1612 1271; x_wconf 92' lang='lat' dir='ltr'>ab</span> 
     </span>
     <span class='ocr_line' id='line_1_14' title="bbox 211 1309 1612 1372; baseline -0.001 -18"><span class='ocrx_word' id='word_1_94' title='bbox 211 1310 522 1354; x_wconf 82' lang='lat' dir='ltr'>insidiantibus</span> <span class='ocrx_word' id='word_1_95' title='bbox 549 1310 853 1372; x_wconf 87' lang='lat' dir='ltr'>imprudentes</span> <span class='ocrx_word' id='word_1_96' title='bbox 879 1321 1142 1371; x_wconf 86' lang='lat' dir='ltr'>acceperant</span> <span class='ocrx_word' id='word_1_97' title='bbox 1172 1309 1503 1354; x_wconf 87' lang='lat' dir='ltr'>detrimentum.</span> <span class='ocrx_word' id='word_1_98' title='bbox 1528 1310 1612 1353; x_wconf 89' lang='lat' dir='ltr'>Ae-</span> 
     </span>
     <span class='ocr_line' id='line_1_15' title="bbox 211 1390 1614 1453; baseline -0.001 -18"><span class='ocrx_word' id='word_1_99' title='bbox 211 1391 375 1435; x_wconf 82' lang='lat' dir='ltr'>cedunt</span> <span class='ocrx_word' id='word_1_100' title='bbox 396 1393 579 1453; x_wconf 89' lang='lat' dir='ltr'>propius</span> <span class='ocrx_word' id='word_1_101' title='bbox 608 1393 787 1435; x_wconf 88' lang='lat' dir='ltr'>interim</span> <span class='ocrx_word' id='word_1_102' title='bbox 814 1391 1030 1453; x_wconf 77' lang='lat' dir='ltr'>legiones,</span> <span class='ocrx_word' id='word_1_103' title='bbox 1058 1392 1290 1452; x_wconf 83' lang='lat' dir='ltr'>crebrique</span> <span class='ocrx_word' id='word_1_104' title='bbox 1318 1390 1474 1434; x_wconf 88' lang='lat' dir='ltr'>eodem</span> <span class='ocrx_word' id='word_1_105' title='bbox 1502 1399 1614 1433; x_wconf 89' lang='lat' dir='ltr'>tem-</span> 
     </span>
     <span class='ocr_line' id='line_1_16' title="bbox 211 1472 1614 1534; baseline -0.002 -18"><span class='ocrx_word' id='word_1_106' title='bbox 211 1490 318 1534; x_wconf 89' lang='lat' dir='ltr'>pore</span> <span class='ocrx_word' id='word_1_107' title='bbox 365 1483 407 1516; x_wconf 88' lang='lat' dir='ltr'>et</span> <span class='ocrx_word' id='word_1_108' title='bbox 449 1473 609 1517; x_wconf 72' lang='lat' dir='ltr'>nostris</span> <span class='ocrx_word' id='word_1_109' title='bbox 651 1484 694 1517; x_wconf 87' lang='lat' dir='ltr'>et</span> <span class='ocrx_word' id='word_1_110' title='bbox 738 1473 938 1517; x_wconf 75' lang='lat' dir='ltr'>hostibus</span> <span class='ocrx_word' id='word_1_111' title='bbox 983 1473 1130 1516; x_wconf 87' lang='lat' dir='ltr'>nuntii</span> <span class='ocrx_word' id='word_1_112' title='bbox 1183 1472 1433 1516; x_wconf 86' lang='lat' dir='ltr'>afferuntur</span> <span class='ocrx_word' id='word_1_113' title='bbox 1475 1472 1614 1531; x_wconf 91' lang='lat' dir='ltr'>impe-</span> 
     </span>
     <span class='ocr_line' id='line_1_17' title="bbox 210 1553 1614 1615; baseline -0.001 -18"><span class='ocrx_word' id='word_1_114' title='bbox 210 1565 403 1598; x_wconf 87' lang='lat' dir='ltr'>ratorem</span> <span class='ocrx_word' id='word_1_115' title='bbox 440 1555 665 1598; x_wconf 88' lang='lat' dir='ltr'>instructis</span> <span class='ocrx_word' id='word_1_116' title='bbox 696 1556 834 1615; x_wconf 85' lang='lat' dir='ltr'>copiis</span> <span class='ocrx_word' id='word_1_117' title='bbox 865 1554 1026 1599; x_wconf 86' lang='lat' dir='ltr'>adesse.</span> <span class='ocrx_word' id='word_1_118' title='bbox 1057 1555 1160 1612; x_wconf 86' lang='lat' dir='ltr'>Qua</span> <span class='ocrx_word' id='word_1_119' title='bbox 1191 1571 1237 1598; x_wconf 90' lang='lat' dir='ltr'>re</span> <span class='ocrx_word' id='word_1_120' title='bbox 1268 1553 1469 1615; x_wconf 82' lang='lat' dir='ltr'>cognita,</span> <span class='ocrx_word' id='word_1_121' title='bbox 1502 1569 1614 1613; x_wconf 76' lang='lat' dir='ltr'>prae-</span> 
     </span>
     <span class='ocr_line' id='line_1_18' title="bbox 209 1633 1613 1695; baseline -0.001 -17"><span class='ocrx_word' id='word_1_122' title='bbox 209 1635 321 1679; x_wconf 88' lang='lat' dir='ltr'>sidio</span> <span class='ocrx_word' id='word_1_123' title='bbox 365 1636 617 1679; x_wconf 89' lang='lat' dir='ltr'>cohortium</span> <span class='ocrx_word' id='word_1_124' title='bbox 663 1636 843 1693; x_wconf 86' lang='lat' dir='ltr'>confisi,</span> <span class='ocrx_word' id='word_1_125' title='bbox 889 1637 1026 1681; x_wconf 88' lang='lat' dir='ltr'>nostri</span> <span class='ocrx_word' id='word_1_126' title='bbox 1070 1636 1284 1680; x_wconf 85' lang='lat' dir='ltr'>acerrime</span> <span class='ocrx_word' id='word_1_127' title='bbox 1330 1633 1613 1695; x_wconf 88' lang='lat' dir='ltr'>proeliantur,</span> 
     </span>
     <span class='ocr_line' id='line_1_19' title="bbox 209 1715 1613 1779; baseline 0.001 -19"><span class='ocrx_word' id='word_1_128' title='bbox 209 1734 285 1771; x_wconf 87' lang='lat' dir='ltr'>ne,</span> <span class='ocrx_word' id='word_1_129' title='bbox 316 1717 350 1760; x_wconf 91' lang='lat' dir='ltr'>si</span> <span class='ocrx_word' id='word_1_130' title='bbox 376 1716 545 1762; x_wconf 88' lang='lat' dir='ltr'>tardius</span> <span class='ocrx_word' id='word_1_131' title='bbox 571 1735 663 1761; x_wconf 86' lang='lat' dir='ltr'>rem</span> <span class='ocrx_word' id='word_1_132' title='bbox 693 1718 947 1779; x_wconf 81' lang='lat' dir='ltr'>gessissent,</span> <span class='ocrx_word' id='word_1_133' title='bbox 974 1717 1169 1762; x_wconf 84' lang='lat' dir='ltr'>victoriae</span> <span class='ocrx_word' id='word_1_134' title='bbox 1200 1715 1387 1778; x_wconf 77' lang='lat' dir='ltr'>gloriam</span> <span class='ocrx_word' id='word_1_135' title='bbox 1415 1734 1613 1762; x_wconf 88' lang='lat' dir='ltr'>commu-</span> 
     </span>
     <span class='ocr_line' id='line_1_20' title="bbox 211 1798 1613 1860; baseline 0.002 -19"><span class='ocrx_word' id='word_1_136' title='bbox 211 1799 380 1843; x_wconf 85' lang='lat' dir='ltr'>nicasse</span> <span class='ocrx_word' id='word_1_137' title='bbox 422 1816 524 1842; x_wconf 90' lang='lat' dir='ltr'>cum</span> <span class='ocrx_word' id='word_1_138' title='bbox 573 1798 819 1860; x_wconf 84' lang='lat' dir='ltr'>legionibus</span> <span class='ocrx_word' id='word_1_139' title='bbox 857 1799 1144 1853; x_wconf 78' lang='lat' dir='ltr'>vide1·e11tur;</span> <span class='ocrx_word' id='word_1_140' title='bbox 1187 1799 1333 1843; x_wconf 88' lang='lat' dir='ltr'>hostes</span> <span class='ocrx_word' id='word_1_141' title='bbox 1371 1799 1613 1844; x_wconf 88' lang='lat' dir='ltr'>concidunt</span> 
     </span>
     <span class='ocr_line' id='line_1_21' title="bbox 210 1878 1614 1940; baseline 0.001 -16"><span class='ocrx_word' id='word_1_142' title='bbox 210 1880 387 1935; x_wconf 88' lang='lat' dir='ltr'>animis,</span> <span class='ocrx_word' id='word_1_143' title='bbox 424 1889 555 1940; x_wconf 84' lang='lat' dir='ltr'>atquc</span> <span class='ocrx_word' id='word_1_144' title='bbox 596 1880 828 1923; x_wconf 87' lang='lat' dir='ltr'>itineribus</span> <span class='ocrx_word' id='word_1_145' title='bbox 865 1879 1049 1923; x_wconf 78' lang='lat' dir='ltr'>diversis</span> <span class='ocrx_word' id='word_1_146' title='bbox 1086 1878 1235 1940; x_wconf 82' lang='lat' dir='ltr'>fugam</span> <span class='ocrx_word' id='word_1_147' title='bbox 1271 1890 1490 1940; x_wconf 85' lang='lat' dir='ltr'>quaerunt.</span> <span class='ocrx_word' id='word_1_148' title='bbox 1525 1882 1614 1926; x_wconf 90' lang='lat' dir='ltr'>Ne-</span> 
     </span>
     <span class='ocr_line' id='line_1_22' title="bbox 209 1959 1612 2022; baseline 0.001 -18"><span class='ocrx_word' id='word_1_149' title='bbox 209 1960 452 2022; x_wconf 85' lang='lat' dir='ltr'>quidquam</span> <span class='ocrx_word' id='word_1_150' title='bbox 485 1977 617 2003; x_wconf 87' lang='lat' dir='ltr'>:nam</span> <span class='ocrx_word' id='word_1_151' title='bbox 654 1961 813 2021; x_wconf 90' lang='lat' dir='ltr'>quibus</span> <span class='ocrx_word' id='word_1_152' title='bbox 846 1959 1180 2004; x_wconf 84' lang='lat' dir='ltr'>difficultatibus</span> <span class='ocrx_word' id='word_1_153' title='bbox 1215 1959 1415 2004; x_wconf 89' lang='lat' dir='ltr'>locorum</span> <span class='ocrx_word' id='word_1_154' title='bbox 1449 1964 1612 2005; x_wconf 89' lang='lat' dir='ltr'>Roma-</span> 
     </span>
     <span class='ocr_line' id='line_1_23' title="bbox 211 2041 1610 2103; baseline 0.001 -17"><span class='ocrx_word' id='word_1_155' title='bbox 211 2060 290 2087; x_wconf 92' lang='lat' dir='ltr'>nos</span> <span class='ocrx_word' id='word_1_156' title='bbox 322 2041 528 2086; x_wconf 84' lang='lat' dir='ltr'>claudere</span> <span class='ocrx_word' id='word_1_157' title='bbox 557 2042 806 2097; x_wconf 84' lang='lat' dir='ltr'>voluerant,</span> <span class='ocrx_word' id='word_1_158' title='bbox 839 2043 888 2086; x_wconf 88' lang='lat' dir='ltr'>iis</span> <span class='ocrx_word' id='word_1_159' title='bbox 915 2043 996 2103; x_wconf 88' lang='lat' dir='ltr'>ipsi</span> <span class='ocrx_word' id='word_1_160' title='bbox 1022 2042 1308 2098; x_wconf 75' lang='lat' dir='ltr'>tenebantui-3</span> <span class='ocrx_word' id='word_1_161' title='bbox 1337 2044 1440 2087; x_wconf 84' lang='lat' dir='ltr'>victi</span> <span class='ocrx_word' id='word_1_162' title='bbox 1465 2053 1610 2087; x_wconf 87' lang='lat' dir='ltr'>tamen</span> 
     </span>
     <span class='ocr_line' id='line_1_24' title="bbox 212 2124 1613 2185; baseline 0 -17"><span class='ocrx_word' id='word_1_163' title='bbox 212 2124 513 2185; x_wconf 73' lang='lat' dir='ltr'>perculsique,</span> <span class='ocrx_word' id='word_1_164' title='bbox 540 2126 705 2185; x_wconf 85' lang='lat' dir='ltr'>majore</span> <span class='ocrx_word' id='word_1_165' title='bbox 732 2134 856 2185; x_wconf 88' lang='lat' dir='ltr'>parte</span> <span class='ocrx_word' id='word_1_166' title='bbox 889 2125 1064 2180; x_wconf 88' lang='lat' dir='ltr'>amissa,</span> <span class='ocrx_word' id='word_1_167' title='bbox 1090 2141 1177 2185; x_wconf 87' lang='lat' dir='ltr'>quo</span> <span class='ocrx_word' id='word_1_168' title='bbox 1203 2124 1290 2169; x_wconf 87' lang='lat' dir='ltr'>fors</span> <span class='ocrx_word' id='word_1_169' title='bbox 1322 2124 1485 2168; x_wconf 88' lang='lat' dir='ltr'>tulerat</span> <span class='ocrx_word' id='word_1_170' title='bbox 1513 2142 1613 2169; x_wconf 94' lang='lat' dir='ltr'>con-</span> 
     </span>
     <span class='ocr_line' id='line_1_25' title="bbox 213 2204 1610 2267; baseline 0 -18"><span class='ocrx_word' id='word_1_171' title='bbox 213 2207 395 2249; x_wconf 82' lang='lat' dir='ltr'>sternati</span> <span class='ocrx_word' id='word_1_172' title='bbox 418 2205 697 2267; x_wconf 82' lang='lat' dir='ltr'>profugiunt,</span> <span class='ocrx_word' id='word_1_173' title='bbox 718 2206 877 2266; x_wconf 88' lang='lat' dir='ltr'>partim</span> <span class='ocrx_word' id='word_1_174' title='bbox 899 2204 1018 2249; x_wconf 86' lang='lat' dir='ltr'>silvis</span> <span class='ocrx_word' id='word_1_175' title='bbox 1040 2206 1205 2267; x_wconf 86' lang='lat' dir='ltr'>petitis,</span> <span class='ocrx_word' id='word_1_176' title='bbox 1228 2207 1391 2267; x_wconf 81' lang='lat' dir='ltr'>partim</span> <span class='ocrx_word' id='word_1_177' title='bbox 1407 2205 1610 2261; x_wconf 71' lang='lat' dir='ltr'>ssumine3</span> 
     </span>
     <span class='ocr_line' id='line_1_26' title="bbox 212 2286 1612 2348; baseline 0.001 -18"><span class='ocrx_word' id='word_1_178' title='bbox 212 2287 288 2347; x_wconf 87' lang='lat' dir='ltr'>qui</span> <span class='ocrx_word' id='word_1_179' title='bbox 314 2297 462 2330; x_wconf 86' lang='lat' dir='ltr'>tamen</span> <span class='ocrx_word' id='word_1_180' title='bbox 491 2287 535 2329; x_wconf 91' lang='lat' dir='ltr'>in</span> <span class='ocrx_word' id='word_1_181' title='bbox 565 2286 666 2347; x_wconf 80' lang='lat' dir='ltr'>fuga</span> <span class='ocrx_word' id='word_1_182' title='bbox 692 2304 716 2330; x_wconf 90' lang='lat' dir='ltr'>a</span> <span class='ocrx_word' id='word_1_183' title='bbox 745 2288 905 2330; x_wconf 88' lang='lat' dir='ltr'>nostris</span> <span class='ocrx_word' id='word_1_184' title='bbox 932 2288 1090 2331; x_wconf 87' lang='lat' dir='ltr'>acriter</span> <span class='ocrx_word' id='word_1_185' title='bbox 1117 2287 1450 2348; x_wconf 82' lang='lat' dir='ltr'>insequentibus</span> <span class='ocrx_word' id='word_1_186' title='bbox 1480 2286 1612 2331; x_wconf 87' lang='lat' dir='ltr'>confi—</span> 
     </span>
     <span class='ocr_line' id='line_1_27' title="bbox 213 2367 1611 2429; baseline 0.001 -18"><span class='ocrx_word' id='word_1_187' title='bbox 213 2369 393 2412; x_wconf 82' lang='lat' dir='ltr'>ciuntur</span> <span class='ocrx_word' id='word_1_188' title='bbox 420 2385 427 2411; x_wconf 88' lang='lat'><strong>:</strong></span> <span class='ocrx_word' id='word_1_189' title='bbox 455 2384 593 2429; x_wconf 88' lang='lat' dir='ltr'>quum</span> <span class='ocrx_word' id='word_1_190' title='bbox 623 2368 798 2412; x_wconf 90' lang='lat' dir='ltr'>interim</span> <span class='ocrx_word' id='word_1_191' title='bbox 825 2367 946 2412; x_wconf 87' lang='lat' dir='ltr'>nulla</span> <span class='ocrx_word' id='word_1_192' title='bbox 973 2367 1224 2412; x_wconf 85' lang='lat' dir='ltr'>calamitate</span> <span class='ocrx_word' id='word_1_193' title='bbox 1249 2369 1393 2412; x_wconf 83' lang='lat' dir='ltr'>victus</span> <span class='ocrx_word' id='word_1_194' title='bbox 1417 2370 1611 2413; x_wconf 86' lang='lat' dir='ltr'>Correus</span> 
     </span>
     <span class='ocr_line' id='line_1_28' title="bbox 212 2448 1609 2510; baseline 0 -18"><span class='ocrx_word' id='word_1_195' title='bbox 212 2449 418 2493; x_wconf 81' lang='lat' dir='ltr'>excedere</span> <span class='ocrx_word' id='word_1_196' title='bbox 446 2448 601 2509; x_wconf 81' lang='lat' dir='ltr'>proelio</span> <span class='ocrx_word' id='word_1_197' title='bbox 631 2448 846 2510; x_wconf 77' lang='lat' dir='ltr'>silvasque</span> <span class='ocrx_word' id='word_1_198' title='bbox 875 2459 1043 2510; x_wconf 84' lang='lat' dir='ltr'>petere,</span> <span class='ocrx_word' id='word_1_199' title='bbox 1069 2459 1164 2505; x_wconf 87' lang='lat' dir='ltr'>aut,</span> <span class='ocrx_word' id='word_1_200' title='bbox 1192 2450 1483 2493; x_wconf 85' lang='lat' dir='ltr'>invitantibus</span> <span class='ocrx_word' id='word_1_201' title='bbox 1507 2467 1609 2493; x_wconf 90' lang='lat' dir='ltr'>nos-</span> 
     </span>
     <span class='ocr_line' id='line_1_29' title="bbox 214 2530 1611 2592; baseline 0 -18"><span class='ocrx_word' id='word_1_202' title='bbox 214 2532 291 2575; x_wconf 84' lang='lat' dir='ltr'>tris</span> <span class='ocrx_word' id='word_1_203' title='bbox 315 2531 369 2574; x_wconf 84' lang='lat' dir='ltr'>ad</span> <span class='ocrx_word' id='word_1_204' title='bbox 395 2530 685 2587; x_wconf 84' lang='lat' dir='ltr'>deditionem,</span> <span class='ocrx_word' id='word_1_205' title='bbox 714 2531 858 2592; x_wconf 90' lang='lat' dir='ltr'>potuit</span> <span class='ocrx_word' id='word_1_206' title='bbox 880 2531 1059 2586; x_wconf 79' lang='lat' dir='ltr'>adduci,</span> <span class='ocrx_word' id='word_1_207' title='bbox 1087 2531 1222 2592; x_wconf 88' lang='lat' dir='ltr'>quin,</span> <span class='ocrx_word' id='word_1_208' title='bbox 1247 2530 1484 2575; x_wconf 87' lang='lat' dir='ltr'>fortissime</span> <span class='ocrx_word' id='word_1_209' title='bbox 1504 2547 1611 2591; x_wconf 84' lang='lat' dir='ltr'>proc-</span> 
     </span>
    </p>
   </div>
   <div class='ocr_carea' id='block_1_2' title="bbox 1130 2611 1611 2656">
    <p class='ocr_par' dir='ltr' id='par_1_3' title="bbox 1130 2611 1611 2656">
     <span class='ocr_line' id='line_1_30' title="bbox 1130 2611 1611 2656; baseline -0.002 -1"><span class='ocrx_word' id='word_1_210' title='bbox 1130 2622 1250 2656; x_wconf 68' lang='lat' dir='ltr'>oeret</span> <span class='ocrx_word' id='word_1_211' title='bbox 1274 2611 1412 2656; x_wconf 88' lang='lat' dir='ltr'>elatos</span> <span class='ocrx_word' id='word_1_212' title='bbox 1433 2613 1611 2655; x_wconf 88' lang='lat' dir='ltr'>iracun-</span> 
     </span>
    </p>
   </div>
   <div class='ocr_carea' id='block_1_3' title="bbox 213 2611 1152 2674">
    <p class='ocr_par' dir='ltr' id='par_1_4' title="bbox 213 2611 1152 2674">
     <span class='ocr_line' id='line_1_31' title="bbox 213 2611 1152 2674; baseline 0.001 -19"><span class='ocrx_word' id='word_1_213' title='bbox 213 2612 362 2656; x_wconf 82' lang='lat' dir='ltr'>liando</span> <span class='ocrx_word' id='word_1_214' title='bbox 383 2611 721 2674; x_wconf 87' lang='lat' dir='ltr'>compluresque</span> <span class='ocrx_word' id='word_1_215' title='bbox 749 2611 1024 2656; x_wconf 86' lang='lat' dir='ltr'>vulnerando</span> <span class='ocrx_word' id='word_1_216' title='bbox 1038 2649 1048 2669; x_wconf 86' lang='lat'>,</span> <span class='ocrx_word' id='word_1_217' title='bbox 1072 2630 1152 2674; x_wconf 58' lang='lat' dir='ltr'>co²&gt;</span> 
     </span>
    </p>
   </div>
   <div class='ocr_carea' id='block_1_4' title="bbox 213 2693 990 2755">
    <p class='ocr_par' dir='ltr' id='par_1_5' title="bbox 213 2693 990 2755">
     <span class='ocr_line' id='line_1_32' title="bbox 213 2693 990 2755; baseline 0.003 -19"><span class='ocrx_word' id='word_1_218' title='bbox 213 2693 283 2737; x_wconf 85' lang='lat' dir='ltr'>dia</span> <span class='ocrx_word' id='word_1_219' title='bbox 303 2695 493 2739; x_wconf 79' lang='lat' dir='ltr'>victores</span> <span class='ocrx_word' id='word_1_220' title='bbox 515 2696 559 2738; x_wconf 84' lang='lat' dir='ltr'>in</span> <span class='ocrx_word' id='word_1_221' title='bbox 579 2713 622 2738; x_wconf 81' lang='lat' dir='ltr'>se</span> <span class='ocrx_word' id='word_1_222' title='bbox 647 2693 731 2738; x_wconf 86' lang='lat' dir='ltr'>tela</span> <span class='ocrx_word' id='word_1_223' title='bbox 757 2695 990 2755; x_wconf 79' lang='lat' dir='ltr'>conjicere.</span> 
     </span>
    </p>
   </div>
  </div>
 </body>
</html>
