1972 3356
393 257 463 299 284
626 256 664 290 C.
690 254 818 288 JULII
847 252 1062 287 CAESARIS
1093 251 1356 287 COMMENT.
1387 253 1532 287 LIBER

392 356 528 399 usque
553 353 626 392 eo,
663 346 712 380 ut
736 335 896 380 caedem
921 336 1120 397 proxime
1156 352 1180 379 a
1218 333 1329 379 vallo
1369 334 1563 379 fecerint.
1601 337 1653 378 In
1677 353 1765 396 quo

391 418 546 481 proelio
569 417 917 461 adversariorum
946 415 1201 460 ceciderunt
1230 432 1404 472 cxxm,
1433 413 1769 476 compluresque

391 500 521 543 armis
550 498 698 554 exuti,
727 495 852 540 multi
883 495 1135 540 vulneribus
1163 495 1304 539 affecti
1334 496 1378 539 in
1407 505 1548 540 castra
1575 505 1678 540 sunt
1701 512 1769 540 re-

392 580 508 624 dacti
529 579 695 623 :nostri
717 576 968 621 ceciderunt
988 593 1064 631 1113
1088 576 1222 621 saucii
1245 592 1311 620 ΧΗ
1331 575 1514 637 pedites,
1539 577 1705 637 equites
1725 592 1767 620 V.

391 661 495 721 Ejus
523 660 607 704 diei
631 660 875 720 insequenti
902 668 1098 719 tempore
1117 693 1127 712 ,
1150 657 1333 719 pristina
1355 656 1671 700 consuetudine
1691 673 1771 717 pro

394 758 520 786 muro
546 741 733 802 pugnari
758 749 949 801 coeptum
971 749 1046 783 est.
1073 739 1221 795 Quum
1252 738 1363 782 bene
1391 754 1595 799 magnam
1623 736 1773 781 multi-

393 822 587 866 tudinem
612 820 799 865 telorum
825 821 1058 882 ignemque
1080 819 1241 863 nostris
1259 817 1591 862 defendentibus
1607 817 1773 879 injecis-

392 913 514 960 sent,
531 901 767 946 nefandum
785 899 1223 960 crudelissimumque
1238 899 1405 943 facinus
1429 908 1532 942 sunt
1552 898 1743 960 aggressi
1760 934 1772 949 ,

392 984 435 1026 in
461 992 788 1044 conspectuque
821 990 973 1024 nostro
1004 980 1219 1040 hospites,
1245 980 1320 1039 qui
1350 979 1393 1022 in
1427 978 1589 1040 oppido
1623 990 1773 1032 erant,

391 1062 608 1124 jugulare,
636 1072 678 1106 et
702 1061 755 1105 de
781 1077 908 1104 muro
931 1061 1175 1121 praecipites
1197 1060 1370 1102 mittere
1384 1068 1633 1119 coeperunt,
1648 1060 1772 1103 sicuti

391 1143 508 1205 apud
534 1143 748 1187 Barbaros
779 1159 789 1186 ε
825 1139 943 1202 quod
981 1149 1076 1201 post
1108 1140 1337 1184 hominum
1371 1139 1624 1184 memoriam
1659 1155 1773 1183 nun-

393 1241 523 1284 quam
553 1233 616 1267 est
641 1223 820 1267 factum.

455 1306 573 1348 XVI.
599 1304 741 1364 Hujus
767 1303 851 1347 diei
873 1312 1067 1346 extremo
1093 1312 1287 1363 tempore
1316 1319 1338 1345 a
1365 1301 1640 1362 Pompeianis
1663 1299 1773 1344 clam

393 1395 565 1430 nostros
596 1383 847 1428 tabellarius
876 1394 940 1428 est
969 1384 1145 1440 missus,
1173 1393 1219 1427 ut
1246 1399 1294 1427 ea
1324 1392 1452 1426 nocte
1478 1391 1619 1426 turres
1642 1397 1773 1443 agge-

392 1484 573 1527 remque
603 1465 912 1522 incenderent,
940 1475 981 1509 et
1007 1467 1136 1509 tertia
1172 1463 1320 1526 vigilia
1350 1464 1628 1525 eruptionem
1660 1461 1772 1506 face-

394 1558 504 1592 rent.
528 1550 595 1591 Ita
612 1547 712 1608 igne
735 1545 1012 1606 telorumque
1034 1544 1319 1589 multitudine
1336 1545 1478 1605 jacta,
1501 1560 1637 1604 quum
1661 1543 1772 1586 bene

392 1645 598 1689 magnam
627 1637 794 1688 partem
826 1627 942 1670 muri
973 1626 1366 1686 consumpsissent,
1399 1634 1595 1686 portam,
1621 1640 1717 1684 quae
1749 1640 1773 1667 e

393 1709 569 1770 regione
591 1718 631 1751 et
658 1708 701 1751 in
728 1715 965 1768 conspectu
988 1705 1187 1766 Pompeii
1211 1715 1454 1748 castrorum
1483 1704 1651 1759 fuerat,
1675 1719 1775 1764 ape-

393 1797 595 1843 ruerunt,
618 1788 844 1848 copiaeque
868 1795 969 1829 totae
989 1785 1268 1845 eruptionem
1293 1783 1516 1840 fecerunt,
1538 1800 1774 1844 secumque

391 1867 644 1912 extulerunt
667 1866 853 1911 calcatas
872 1866 927 1910 ad
951 1865 1086 1910 fossas
1107 1863 1410 1926 complendas,
1435 1874 1476 1908 et
1500 1865 1773 1926 harpagones

391 1949 445 1993 ad
469 1965 717 2009 casas,quae
741 1947 1044 1992 stramentitiae
1071 1947 1123 1990 ab
1148 1946 1309 1990 nostris
1332 1946 1620 1990 hibernorum
1644 1962 1774 1990 causa

391 2030 613 2074 aedificatae
640 2039 789 2083 erant,
813 2027 1050 2072 diruendas
1073 2038 1112 2070 et
1143 2026 1454 2083 incendenda83
1483 2035 1688 2087 praeterea
1712 2043 1777 2071 ar-

391 2120 571 2172 gentum
596 2120 639 2154 et
663 2110 923 2153 vestimenta
939 2144 950 2165 ,
976 2117 1049 2164 ut,
1082 2107 1187 2151 dum
1218 2108 1356 2151 nostri
1378 2107 1420 2150 in
1444 2106 1589 2168 praeda
1614 2105 1776 2150 detine-

391 2201 571 2249 rentur,
602 2190 685 2247 illi,
715 2190 830 2234 caede
855 2190 986 2245 facta,
1015 2189 1068 2232 ad
1098 2188 1297 2249 praesidia
1320 2188 1516 2248 Pompeii
1543 2203 1587 2231 se
1612 2187 1776 2248 recipe-

391 2281 489 2316 rent
503 2290 511 2316 :
526 2288 626 2315 nam
645 2270 790 2332 ,quod
804 2269 1106 2325 existimabat,
1128 2286 1200 2313 eos
1218 2284 1341 2329 posse
1356 2277 1562 2311 conatum
1579 2266 1750 2311 efficere
1762 2301 1773 2323 ,

393 2362 519 2411 nocte
553 2363 644 2396 tota
682 2351 796 2395 ultra
835 2351 925 2395 ibat
951 2349 1111 2394 flumen
1140 2349 1310 2394 Salsum
1339 2350 1382 2392 in
1421 2349 1525 2392 acie.
1550 2346 1684 2405 Quod
1713 2347 1774 2391 fa-

393 2442 514 2477 ctum
536 2431 640 2477 licet
658 2450 736 2477 nec
760 2431 1045 2494 opinantibus
1068 2431 1228 2474 nostris
1250 2438 1361 2473 esset
1386 2438 1555 2491 gestum
1570 2463 1581 2481 ‚
1609 2437 1772 2482 tamen,

393 2514 556 2557 virtute
586 2512 701 2569 freti,
730 2511 926 2574 repulsos
952 2510 1187 2572 multisque
1211 2508 1466 2553 vulneribus
1495 2508 1672 2552 affectos
1695 2522 1774 2566 op·

395 2594 497 2654 pido
554 2603 876 2656 represserunt,
903 2591 1134 2655 praedaque
1157 2602 1200 2636 et
1224 2591 1358 2635 armis
1380 2606 1532 2634 eorum
1561 2597 1661 2632 sunt
1689 2603 1768 2648 po-

397 2676 484 2729 titi,
519 2675 725 2736 vivosque
762 2673 930 2734 aliquos
970 2683 1202 2734 ceperunt,
1239 2672 1312 2732 qui
1356 2679 1527 2732 postero
1563 2668 1631 2712 die
1671 2678 1773 2711 sunt
