1972 3356
301 287 347 310 22
510 280 548 311 (1.
583 276 708 311 JULII
738 273 953 309 CAESARIS
985 272 1473 307 COMMENTARIORUM

299 357 418 402 aliud
463 357 755 412 domicilium,
799 355 904 400 alias
949 355 1091 411 sedes,
1132 365 1324 399 remotas
1363 373 1388 399 a
1429 354 1685 409 Germanis,

300 449 472 500 petant,
502 439 836 498 fortunamque,
862 453 1149 497 quaecumque
1177 436 1368 493 accidat,
1391 435 1686 496 experiantur.

298 520 399 563 Haec
424 519 458 562 si
483 519 716 562 enunciata
740 518 962 562 Ariovisto
993 516 1107 572 sint,
1137 533 1227 560 non
1253 517 1478 572 dubitare,
1505 515 1612 576 quin
1636 514 1689 558 de

299 599 503 642 omnibus
539 598 790 654 obsidibus,
827 598 903 657 qui
938 596 1056 657 apud
1097 613 1197 640 eum
1234 597 1340 653 sint,
1383 596 1689 657 gravissimum

301 677 567 739 supplicium
604 687 759 722 sumat.
797 679 1014 722 Caesarem
1052 677 1118 720 vel
1154 677 1416 721 auctoritate
1454 693 1530 720 sua
1560 685 1690 736 atque

300 759 535 815 exercitus,
575 757 643 801 vel
684 758 849 801 recenti
885 757 1087 813 victoria,
1119 755 1186 799 vel
1221 757 1399 800 nomine
1431 754 1585 816 populi
1619 772 1689 799 ro-

300 839 416 882 mani
442 838 662 882 deterrere
685 853 836 898 posse,
865 854 918 880 ne
938 838 1079 897 major
1101 835 1343 880 multitudo
1364 837 1690 880 Germanorum

299 919 505 962 Rhenum
541 917 825 973 traducatur3
865 916 1144 978 Galliamque
1182 933 1358 961 onmem
1397 916 1450 960 ab
1484 915 1691 959 Ariovisti

301 998 461 1059 injuria
479 1015 605 1059 posse
624 998 870 1042 defendere.
897 1019 919 1041 ))

365 1081 552 1124 XXXII.
582 1082 675 1123 Hac
698 1080 899 1123 oratione
927 1096 950 1123 a
984 1079 1207 1123 Divitiaco
1236 1078 1407 1134 habita,
1436 1093 1589 1121 omnes
1618 1078 1693 1137 qui

301 1160 504 1215 aderant,
539 1176 698 1221 magno
735 1159 841 1203 fletu
876 1158 1089 1203 auxilium
1115 1176 1140 1202 a
1173 1159 1345 1202 Caesare
1379 1167 1529 1218 petere
1554 1173 1696 1217 coepe-

302 1249 419 1283 runt.
454 1239 781 1284 Animadvertit
810 1241 973 1294 Caesar,
1009 1255 1120 1283 unos
1150 1255 1203 1282 ex
1236 1238 1440 1281 omnibus
1472 1238 1695 1296 Sequanos

302 1319 412 1363 nihil
453 1336 606 1363 earum
646 1336 794 1363 rerum
837 1318 1004 1375 facere,
1040 1335 1148 1378 quas
1182 1319 1315 1361 ceteri
1362 1317 1581 1371 facerent3
1623 1315 1696 1360 sed

302 1401 467 1456 tristes,
506 1399 649 1459 capite
687 1398 896 1455 demisso,
934 1408 1096 1443 terram
1135 1399 1313 1441 intueri.
1345 1398 1451 1458 Ejus
1493 1399 1555 1440 rei
1599 1413 1697 1456 quae

306 1496 435 1524 causa
466 1488 596 1535 esset,
639 1480 849 1534 miratus,
887 1494 939 1522 ex
971 1479 1073 1539 ipsis
1115 1479 1299 1538 quaesiit.
1337 1476 1462 1523 Nihil
1502 1477 1698 1537 Sequani

304 1559 588 1620 respondere,
627 1559 699 1603 sed
749 1560 794 1602 in
839 1558 992 1603 eadem
1034 1560 1214 1603 tristitia
1257 1559 1380 1602 taciti
1424 1574 1695 1619 permanere.

304 1642 455 1698 Quum
479 1640 533 1683 ab
552 1640 603 1683 iis
638 1640 794 1700 saepius
825 1649 1063 1700 quaereret,
1089 1657 1231 1701 neque
1258 1639 1391 1683 ullam
1417 1638 1600 1682 omnino
1624 1654 1699 1681 vo-

304 1736 397 1763 cem
425 1721 671 1780 exprimere
698 1715 865 1781 posset,
897 1720 1013 1764 idem
1049 1721 1294 1764 Divitiacus
1330 1719 1495 1764 AEduus
1520 1734 1699 1779 respon-

305 1799 369 1843 dit
390 1817 398 1843 :
433 1820 453 1841 ε(
473 1802 569 1844 Hoc
591 1816 682 1844 esse
706 1801 974 1844 miseriorem
1001 1801 1336 1862 gravioremque
1371 1800 1594 1843 fortunam
1627 1800 1701 1842 Se-

306 1896 577 1940 quanorum,
602 1897 735 1941 quam
769 1880 1069 1942 reliquorum,
1099 1880 1219 1942 quod
1252 1879 1333 1924 soli
1362 1897 1417 1924 ne
1453 1881 1498 1923 in
1528 1877 1700 1923 occulto

306 1959 483 2019 quidem
506 1962 631 2021 queri
651 1995 661 2016 ,
688 1977 767 2004 nec
792 1960 1004 2004 auxilium
1028 1961 1266 2022 implorare
1289 1960 1528 2017 auderant,
1549 1960 1702 2003 absen-

307 2041 449 2100 tisque
481 2042 691 2085 Ariovisti
726 2040 1056 2096 crudelitatem,
1092 2041 1234 2098 velut,
1265 2042 1300 2086 si
1330 2058 1479 2086 coram
1513 2040 1701 2095 adesset,

305 2121 539 2165 horrerent
561 2138 569 2165 ε
596 2131 828 2182 propterea
857 2122 976 2182 quod
1000 2122 1179 2183 reliquis
1205 2133 1353 2166 tamen
1381 2121 1493 2183 fugae
1517 2120 1701 2166 facultas

307 2200 506 2257 daretur;
532 2203 746 2261 Sequanis
774 2219 880 2246 vero
896 2238 907 2259 ,
931 2204 1006 2263 qui
1030 2204 1146 2246 intra
1174 2203 1282 2247 fines
1303 2220 1404 2247 suos
1429 2202 1701 2247 Ariovistum

307 2282 588 2342 recepissent,
625 2300 816 2344 quorum
844 2284 1006 2344 oppida
1030 2285 1177 2327 omnia
1201 2285 1245 2327 in
1269 2284 1361 2344 ejus
1396 2292 1611 2344 potestate
1635 2298 1701 2325 es-

307 2372 402 2405 sent
417 2398 427 2418 ,
451 2379 603 2407 omnes
631 2364 853 2408 cruciatus
878 2374 1023 2408 essent
1045 2364 1309 2425 perferendi.
1329 2384 1349 2405 »

373 2443 584 2487 XXXIII.
612 2444 690 2487 His
713 2445 842 2488 rebus
866 2445 1080 2506 cognitis,
1105 2446 1250 2488 Caesar
1274 2443 1509 2489 Gallorum
1533 2443 1702 2487 animos

314 2522 455 2565 verbis
480 2524 782 2581 confirmavit,
804 2524 1116 2586 pollicitusque
1145 2534 1228 2582 est,
1251 2525 1332 2569 sibi
1356 2541 1450 2568 eam
1471 2539 1564 2567 rem
1589 2539 1703 2565 curae

311 2600 535 2646 futuram:
568 2622 769 2666 magnam
800 2623 843 2649 se
870 2606 1031 2649 habere
1067 2623 1208 2666 spem,
1241 2615 1283 2649 et
1315 2603 1529 2647 beneficio
1557 2620 1635 2646 suo
1661 2612 1703 2646 et

310 2684 570 2726 auctoritate
606 2684 842 2728 adductum
874 2686 1163 2741 Ariovistum,
1194 2685 1323 2728 finem
1354 2684 1524 2743 injuriis
1561 2683 1701 2726 sartu-
