1972 3356
577 240 643 276 DE
675 239 835 276 BELLO
865 240 1020 275 CIVILI
1053 240 1145 275 LIB.
1176 240 1204 274 I.
1553 238 1597 274 13

197 335 366 387 ageret,
402 340 535 386 quam
564 326 866 386 superioribus
892 324 1047 368 diebus
1074 333 1353 379 consuesset,
1390 321 1599 368 multum-

199 424 285 468 que
312 424 414 452 cum
442 409 530 452 suis
561 407 826 453 consiliandi
859 424 992 452 causa
1028 417 1197 452 secreto
1233 417 1391 468 praeter
1415 423 1598 451 consue-

198 488 398 533 tudinem
423 487 772 550 colloqueretur,
798 488 983 533 concilia
1010 498 1342 549 conventusque
1366 489 1597 533 hominum

197 570 386 632 fugeret,
411 587 481 614 res
507 570 673 614 diutius
695 570 784 631 tegi
799 568 1157 629 dissimularique
1173 585 1263 613 non
1284 571 1443 630 potuit.
1464 572 1598 614 Pom-

197 653 322 714 peius
348 653 465 696 enim
491 652 801 713 rescripserat,
829 669 849 692 t(
873 667 963 695 sese
982 667 1074 695 rem
1104 652 1148 694 in
1178 667 1402 694 summum
1425 652 1600 712 pericu-

199 733 291 778 lum
327 733 623 778 deducturum
650 748 740 776 non
770 748 882 786 esse3
913 748 1056 793 neque
1083 748 1163 776 suo
1199 731 1383 776 consilio
1411 742 1488 775 aut
1527 749 1602 776 vo-

199 814 366 859 luntate
389 815 638 859 Domitium
660 830 705 859 se
732 815 776 858 in
808 813 1023 876 oppidum
1054 813 1302 858 Corfinium
1333 812 1598 858 contulisse:

198 896 405 957 proinde,
433 897 466 940 si
493 913 580 957 qua
600 894 786 940 facultas
813 896 985 952 suisset,
1016 894 1071 939 ad
1098 912 1143 939 se
1168 912 1269 940 cum
1300 895 1506 939 omnibus
1533 911 1603 939 co-

197 978 281 1039 piis
305 978 488 1022 veniret.
513 999 532 1020 n
555 977 608 1023 Id
633 995 688 1022 ne
713 978 809 1022 fieri
832 987 1004 1040 posset,
1030 976 1262 1021 obsidione
1287 986 1418 1038 atque
1447 975 1602 1038 oppidi

199 1060 616 1104 circummunitione
642 1059 789 1106 fiebat.

263 1142 366 1185 XX.
405 1140 647 1203 Divulgato
682 1142 864 1186 Domitii
904 1140 1113 1199 consilio,
1138 1140 1324 1197 milites,
1361 1141 1437 1201 qui
1476 1148 1603 1183 erant

200 1222 408 1278 Corfinii,
452 1224 594 1285 prima
625 1224 796 1285 vesperi
832 1225 1124 1268 secessionem
1166 1223 1336 1268 faciunt
1376 1232 1507 1283 atque
1543 1221 1603 1264 ita

201 1305 318 1348 inter
340 1321 384 1349 se
415 1322 494 1366 per
520 1306 722 1350 tribunos
745 1304 937 1349 militum
966 1305 1337 1365 centurionesque
1365 1313 1500 1364 atque
1527 1302 1607 1346 ho-

201 1385 470 1430 nestissimos
507 1387 573 1430 sui
608 1387 783 1448 generis
822 1385 1141 1448 colloquuntur
1175 1404 1183 1429 :
1215 1404 1235 1427 α
1263 1385 1457 1430 obsideri
1495 1401 1540 1428 se
1581 1400 1606 1427 a

200 1467 396 1524 Caesare3
424 1484 558 1529 opera
591 1468 950 1528 munitionesque
976 1484 1115 1529 prope
1140 1483 1231 1511 esse
1255 1466 1496 1528 perfectas;
1525 1465 1607 1510 du·

200 1563 294 1591 cem
321 1565 450 1593 suum
475 1550 748 1605 Domitium,
779 1550 906 1611 cujus
940 1566 1017 1610 spe
1041 1559 1175 1610 atque
1203 1548 1366 1593 fiducia
1394 1564 1606 1609 perman·

201 1630 364 1687 serint,
395 1631 605 1692 projectis
630 1632 837 1676 omnibus
855 1667 866 1688 ,
893 1631 1006 1693 fugae
1043 1630 1278 1675 consilium
1307 1646 1464 1692 capere
1491 1647 1499 1673 :
1534 1629 1607 1673 de-

200 1711 303 1756 bere
340 1729 385 1756 se
427 1729 514 1756 suae
554 1712 706 1757 salutis
748 1714 965 1757 rationem
1009 1713 1187 1757 habere.
1215 1732 1236 1753 ³>
1264 1713 1332 1757 Ab
1369 1713 1436 1756 his
1463 1713 1607 1774 primo

201 1793 341 1836 Marsi
364 1793 597 1838 dissentire
623 1794 868 1854 incipiunt,
895 1810 1079 1853 eamque
1104 1793 1257 1855 oppidi
1282 1804 1476 1854 partem,
1511 1810 1606 1854 quae

205 1874 495 1918 munitissima
524 1874 766 1931 videretur,
783 1884 1021 1935 occupant3
1044 1883 1254 1934 tantaque
1279 1875 1393 1918 inter
1414 1892 1487 1919 eos
1518 1874 1607 1918 dis-

204 1956 346 1999 sentio
377 1957 561 2013 exsistit,
598 1966 649 1999 ut
687 1972 869 2000 manum
897 1972 1127 1999 conserere
1164 1965 1297 2016 atque
1321 1956 1455 1999 armis
1480 1955 1608 1999 dimi—

206 2053 307 2081 care
336 2048 556 2082 conentur
603 2055 611 2082 :
645 2048 747 2099 post
777 2036 912 2099 paulo
951 2048 1121 2094 tamen,
1164 2038 1451 2081 internuntiis
1491 2037 1608 2082 ultro

207 2119 404 2179 citroque
443 2121 606 2175 missis,
648 2137 743 2181 quae
771 2119 1060 2182 ignorabant,
1099 2119 1151 2163 de
1193 2121 1244 2164 L.
1284 2119 1471 2164 Domitii
1508 2119 1611 2181 suga

206 2211 492 2262 cognoscunt.
515 2204 672 2262 Itaque
699 2218 851 2246 omnes
881 2219 970 2246 uno
994 2200 1178 2246 consilio
1205 2202 1481 2258 Domitium,
1508 2218 1610 2263 pro-

208 2281 390 2327 ductum
423 2284 467 2327 in
496 2283 746 2345 publicum,
784 2285 1118 2328 circumsistunt
1155 2293 1195 2328 et
1234 2283 1513 2341 custodiunt,
1551 2282 1611 2328 le-

208 2373 422 2425 gatosque
458 2382 509 2408 ex
545 2382 626 2410 suo
652 2382 838 2410 numero
863 2365 918 2410 ad
945 2368 1163 2411 Caesarem
1198 2366 1382 2410 mittunt
1420 2383 1429 2409 :
1463 2385 1482 2406 «
1521 2382 1612 2409 sese

206 2456 386 2506 paratos
402 2463 493 2491 esse
513 2456 663 2508 portas
687 2448 880 2509 aperire,
904 2464 1091 2509 quaeque
1116 2448 1426 2508 imperaverit,
1442 2448 1586 2492 facere
1601 2482 1610 2500 ,

208 2535 251 2570 ct
274 2528 325 2572 L.
352 2528 603 2573 Domitium
632 2530 782 2573 vivum
807 2530 851 2573 in
875 2530 970 2590 ejus
997 2539 1262 2591 potestatem
1288 2529 1514 2573 tradere.»

274 2611 397 2654 XXI.
431 2610 607 2668 Quibus
637 2611 769 2655 rebus
804 2612 1017 2673 cognitis,
1048 2614 1217 2668 Caesar,
1252 2611 1333 2655 etsi
1368 2612 1516 2673 magni
1548 2613 1613 2655 in—

210 2700 369 2736 teresse
404 2693 728 2747 arbitrabatur,
768 2710 900 2754 quam
933 2695 1129 2756 primum
1166 2692 1333 2754 oppido
1369 2694 1503 2754 potiri
1537 2711 1611 2737 co-
