1972 3356
32 3222 42 3356 ..Ε-,Η
31 3065 39 3219 *x
29 2863 37 3064 ffl—.⁴.a⁴mn

566 198 632 233 DE
663 199 825 234 BELLO
855 199 1007 235 CIVILI
1036 199 1129 235 LIB.
1155 200 1183 234 Ι.
1523 200 1567 245 37

179 280 384 338 licentur,
408 291 558 342 atque,
584 281 789 326 omnibus
820 280 1016 342 undique
1051 282 1310 343 conquisitis
1337 283 1569 343 jumentis,

179 364 223 406 in
249 371 389 407 castra
416 361 665 424 deportant.
694 362 872 406 Transit
892 363 1023 406 etiam
1050 362 1208 406 cohors
1234 361 1570 426 Illurgavonen-

179 445 236 488 sis
256 443 313 487 ad
351 460 476 498 eum,
510 443 689 504 cognito
716 442 902 486 civitatis
935 442 1139 497 consilio,
1166 453 1209 486 et
1241 444 1365 504 signa
1400 460 1451 488 ex
1490 454 1572 489 sta-

180 524 297 567 tione
320 522 538 567 transfert.
564 523 729 583 Magna
747 520 950 565 celeriter
977 523 1262 566 commutatio
1284 539 1446 566 rerum.
1469 526 1572 568 Per-

178 603 293 648 fecto
313 612 466 664 ponte,
488 602 657 663 magnis
677 618 704 645 v
723 601 974 646 civitatibus
996 601 1050 645 ad
1076 601 1312 645 amicitiam
1334 602 1571 662 adjunctis,

178 684 379 746 expedita
407 700 454 727 re
478 682 793 739 frumentaria,
823 682 1047 726 exstinctis
1072 682 1327 726 rumoribus
1364 682 1418 726 de
1451 683 1573 726 auxi-

178 764 246 809 liis
272 763 520 826 legionum‚
551 779 649 823 quae
676 779 777 807 cum
808 763 1020 823 Pompeio
1054 779 1132 824 per
1157 763 1473 807 Mauritaniam
1505 779 1574 805 ve-

178 847 272 889 nire
301 845 580 901 dicebantur,
607 842 754 887 multae
788 842 1119 905 longinquiores
1151 844 1346 888 civitates
1370 843 1423 887 ab
1451 843 1573 888 Afra-

180 927 252 970 nio
277 925 553 981 desciscunt,
578 935 621 969 et
649 925 833 970 Caesaris
860 925 1095 969 amicitiam
1121 935 1377 986 sequuntur.

245 1009 360 1051 LXI.
386 1007 560 1064 Quibus
587 1006 717 1051 rebus
744 1007 990 1068 perterritis
1017 1006 1173 1049 animis
1200 1006 1572 1063 adversariorum,

179 1090 340 1144 Caesar,
364 1104 418 1131 ne
441 1103 614 1148 semper
645 1103 808 1148 magno
834 1087 1021 1130 circuitu
1046 1103 1124 1147 per
1148 1097 1327 1147 pontem
1353 1088 1575 1148 equitatus

178 1179 290 1213 esset
318 1168 580 1224 mittendus,
615 1178 767 1212 nactus
799 1168 1005 1212 idoneum
1036 1167 1210 1225 locum,
1239 1168 1373 1212 fossas
1413 1168 1570 1230 pedum

179 1268 270 1294 xxx
303 1252 347 1294 in
383 1249 658 1295 latitudinem
694 1249 946 1311 complutus
984 1250 1124 1294 facere
1164 1251 1380 1305 instituit,
1415 1250 1570 1311 quibus

180 1342 349 1392 partem
378 1331 571 1391 aliquam
607 1331 771 1375 Sicoris
798 1341 1036 1388 averteret,
1073 1330 1321 1391 vadumque
1352 1333 1394 1374 in
1418 1347 1469 1374 eo
1494 1330 1578 1374 flu<

178 1414 298 1456 mine
323 1411 526 1455 efficeret.
563 1412 640 1455 His
675 1427 797 1473 paene
823 1410 1008 1466 effectis,
1046 1427 1258 1472 magnum
1300 1412 1342 1453 in
1373 1412 1574 1455 timorem

180 1493 387 1538 Afranius
410 1493 697 1553 Petreiusque
724 1492 1013 1553 perveniunt,
1051 1508 1104 1535 ne
1134 1492 1316 1535 omnino
1351 1490 1576 1535 frumento

180 1573 433 1636 pabuloque
447 1572 872 1629 intercluderentur,
885 1572 1002 1634 quod
1023 1571 1212 1616 multum
1222 1573 1368 1617 Caesar
1379 1573 1575 1633 equitatu

181 1655 366 1699 valebat.
396 1657 550 1716 Itaque
580 1656 859 1699 constituunt
887 1655 967 1715 ipsi
994 1655 1044 1698 iis
1068 1653 1174 1697 locis
1204 1653 1433 1710 excedere,
1463 1664 1506 1697 ct
1532 1655 1575 1697 in

182 1735 462 1781 Celtiberiam
496 1734 661 1779 bellum
689 1735 941 1779 transferre.
980 1737 1093 1778 Huic
1131 1735 1316 1779 consilio
1360 1735 1575 1796 suffraga-

182 1818 313 1860 batur
328 1817 456 1860 etiam
473 1815 544 1860 illa
566 1833 654 1871 res,
678 1815 796 1876 quod
817 1832 868 1858 ex
883 1814 1056 1858 duobus
1071 1816 1302 1858 contrariis
1324 1816 1578 1876 generibus,

185 1914 281 1959 quae
304 1899 532 1959 superiore
552 1895 669 1941 bello
693 1913 793 1941 cum
820 1898 866 1940 L.
895 1897 1092 1941 Sertorio
1116 1906 1329 1940 steterant
1354 1898 1551 1941 civitates
1567 1932 1578 1953 ,

185 1980 308 2023 victae
342 1996 503 2023 nomen
545 1988 677 2038 atque
712 1978 945 2039 imperium
989 1978 1179 2022 absentis
1216 1977 1450 2033 tiinebaut3
1482 1995 1578 2038 quse

185 2061 229 2103 in
256 2059 446 2103 amicitia
479 2068 754 2115 manserant,
783 2059 978 2119 Pompeii
1006 2059 1176 2120 magnis
1216 2058 1383 2102 affectae
1417 2058 1578 2102 benefi-

185 2142 262 2185 ciis
288 2157 387 2184 eum
411 2138 653 2201 diligebant
681 2157 688 2183 :
717 2141 899 2183 Caesaris
927 2149 1075 2183 autem
1098 2140 1140 2183 in
1162 2139 1359 2184 barbaris
1383 2149 1476 2183 erat
1502 2156 1577 2183 no-

185 2238 282 2265 men
307 2221 551 2265 obscurius.
582 2222 695 2265 Hinc
724 2237 905 2281 magnos
935 2222 1156 2282 equitatus
1190 2237 1436 2282 magnaque
1455 2222 1577 2264 auxi-

183 2301 239 2346 lia
265 2302 597 2363 exspectabant,
622 2312 664 2346 et
692 2304 781 2347 suis
806 2301 911 2346 locis
939 2301 1102 2346 bellum
1136 2304 1179 2345 in
1202 2302 1392 2347 hiemem
1415 2302 1576 2346 ducere

186 2382 451 2444 cogitabant.
477 2385 574 2427 Hoc
603 2383 712 2427 inito
736 2382 940 2440 consilio,
969 2393 1064 2429 toto
1086 2383 1266 2427 flumine
1288 2383 1415 2428 Ibero
1445 2399 1575 2427 naves

186 2464 469 2524 conquirere,
496 2474 538 2508 et
572 2466 838 2526 Octogesam
869 2464 1027 2509 adduci
1051 2465 1221 2526 jubent.
1251 2465 1300 2508 Id
1331 2474 1424 2509 erat
1449 2465 1577 2525 oppi-

186 2543 288 2587 dum
318 2545 506 2606 positum
537 2544 592 2589 ad
625 2545 822 2601 Iberum,
863 2545 1086 2606 milliaque
1118 2562 1326 2607 passuum
1362 2563 1387 2590 a
1423 2546 1574 2589 castris

186 2624 333 2669 aberat
370 2643 440 2670 xx.
489 2626 555 2671 Ad
598 2642 697 2671 eum
737 2625 881 2671 locum
915 2626 1126 2684 fluminis,
1168 2628 1352 2672 navibus
1388 2627 1576 2688 junctis,
