1972 3356
569 207 637 243 DE
667 207 836 242 BELLO
867 207 1024 242 ClVILI
1054 206 1147 242 LIB.
1176 206 1246 242 111.
1549 219 1616 242 121

206 310 367 357 magna
392 311 444 338 ex
460 303 586 356 parte
614 303 925 339 conservatum
952 309 1044 337 esse
1070 291 1303 337 constabat
1333 309 1342 335 :
1367 292 1621 337 cohortem—

206 393 292 438 que
313 385 469 439 postea
496 374 665 438 duplici
701 373 950 436 stipendio,
988 373 1240 432 frumento,
1270 382 1416 432 veste,
1451 375 1620 436 specia-

206 460 283 503 riis
307 457 662 518 militaribusque
692 456 821 502 donis
844 454 1114 518 amplissime
1136 455 1334 500 donavit.

270 543 387 586 LIV.
419 539 681 602 Pompeius,
712 547 850 582 noctu
877 537 1052 599 magnis
1082 536 1244 581 additis
1272 539 1620 597 munitionibus,

205 623 386 684 reliquis
424 620 578 665 diebus
617 629 763 665 turres
798 619 1038 675 exstruxit,
1072 629 1116 663 et
1155 619 1200 664 in
1229 618 1511 665 altitudinem
1546 639 1622 684 pe-

205 705 313 750 dum
343 701 595 765 quindecim
619 701 789 746 effectis
813 701 1046 763 operibus,
1071 702 1210 746 vineis
1233 717 1330 746 earn
1352 712 1526 764 partem
1546 721 1620 748 ca-

204 796 396 831 strorum
424 784 620 841 obtexit3
658 792 699 827 et
727 799 754 827 v
784 783 1046 827 intermissis
1082 782 1261 841 diebus,
1296 782 1481 829 alteram
1512 802 1621 830 noc-

202 879 291 912 tem
319 865 603 912 subnubilam
641 875 823 923 nactus,
858 865 1098 911 obstructis
1126 865 1335 911 omnibus
1372 877 1622 912 castrorum

201 951 366 1011 portis,
394 958 438 995 et
457 948 514 993 ad
543 947 877 1010 impediendum
904 947 1113 1009 objectis,
1145 949 1272 993 tertia
1302 948 1413 993 inita
1442 949 1592 1012 vigilia
1610 987 1622 1008 ,

202 1031 379 1077 silentio
407 1032 651 1076 exercituin
680 1030 859 1089 eduxit,
886 1040 930 1075 et
962 1047 1006 1075 se
1037 1031 1082 1074 in
1115 1032 1323 1092 antiquas
1349 1033 1622 1077 munitiones

201 1115 385 1176 recepit.

269 1198 365 1242 LV.
401 1196 585 1253 AEtolia,
629 1198 899 1253 Acarnania,
936 1195 1273 1259 Amphilochis,
1301 1214 1379 1260 per
1418 1199 1622 1243 Cassium

201 1281 460 1342 Longinum
489 1290 533 1325 et
562 1279 808 1326 Calvisium
835 1280 1077 1337 Sabinum,
1107 1289 1155 1324 ut
1194 1279 1621 1337 demonstravimus,

200 1364 414 1424 receptis,
466 1362 725 1407 tentandam
773 1363 855 1407 sibi
900 1361 1138 1420 Achaiam,
1177 1379 1227 1407 ac
1254 1361 1389 1425 paulo
1446 1362 1622 1426 longius

201 1442 607 1506 progrediendum,
648 1444 929 1489 existimabat
968 1446 1127 1489 Caesar.
1167 1446 1321 1505 Itaque
1353 1461 1405 1489 eo
1446 1444 1621 1489 Fufium

201 1523 420 1569 Calenum
451 1526 592 1582 misit,
620 1535 664 1570 et
693 1527 743 1571 C.
783 1525 998 1571 Sabinum
1023 1534 1066 1570 et
1093 1525 1295 1570 Cassium
1322 1542 1422 1570 cum
1459 1526 1622 1570 cohor-

201 1605 321 1650 tibus
352 1605 568 1669 adjungit.
597 1608 808 1665 Quorum
847 1607 1030 1669 cognito
1057 1606 1277 1665 adventu,
1305 1606 1503 1652 Rutilius
1534 1610 1623 1653 Lu-

200 1704 305 1749 pus,
354 1689 431 1749 qui
483 1689 718 1747 Achaiam,
774 1690 934 1734 missus
986 1706 1009 1734 a
1061 1690 1304 1751 PompeiO,
1363 1689 1622 1748 obtinebat,

202 1770 417 1815 isthmum
445 1773 711 1832 praemunire
746 1772 960 1827 instituit,
989 1781 1038 1815 ut
1067 1771 1234 1817 Achaia
1261 1771 1440 1817 Fufium
1468 1773 1622 1834 prohi-

201 1852 340 1897 beret.
371 1851 564 1898 Calenus
587 1852 813 1915 Delphos,
837 1853 1039 1909 Thebas,
1071 1853 1432 1911 Orchomenum,
1463 1851 1622 1898 volun-

203 1943 293 1979 tate
314 1936 512 1996 ipsarum
531 1935 763 1980 civitatum
786 1935 976 1997 recepit,
1008 1933 1246 1979 nonnullas
1272 1934 1403 1980 urbes
1426 1951 1507 1997 per
1533 1936 1622 1979 vim

202 2016 500 2079 expugnavit3
545 2015 739 2078 reliquas
771 2016 998 2073 civitates,
1042 2017 1358 2061 circummissis
1393 2016 1624 2079 legationi-

200 2097 310 2156 bus,
347 2098 541 2143 amicitia
575 2099 738 2144 Coesari
777 2097 1015 2144 conciliare
1045 2098 1262 2144 studebat.
1297 2101 1348 2143 In
1386 2098 1455 2144 his
1491 2099 1623 2144 rebus

201 2178 296 2224 fere
324 2190 419 2225 erat
447 2180 600 2226 Fufius
625 2191 880 2244 occupatus.

266 2263 386 2308 LVI.
424 2263 648 2309 Omnibus
678 2263 888 2328 deinceps
925 2264 1079 2311 diebus
1118 2267 1267 2311 Caesar
1299 2264 1547 2309 exercitum
1576 2265 1619 2309 in

202 2343 341 2388 aciem
374 2360 551 2406 aequum
590 2346 636 2391 in
673 2344 820 2391 locum
854 2347 1088 2411 produxit,
1124 2349 1159 2393 si
1196 2348 1436 2411 Pompeius
1464 2346 1622 2408 proelio

201 2424 431 2471 decertare
464 2425 624 2485 vellet,
660 2437 709 2472 ut
731 2444 845 2490 pene
871 2431 1027 2476 castris
1055 2432 1253 2495 Pompeii
1283 2430 1480 2493 legiones
1519 2429 1623 2474 sub-

197 2506 378 2568 jiceret3
407 2516 672 2571 tantumque
703 2526 726 2554 a
761 2509 881 2556 vallo
912 2513 1007 2575 ejus
1034 2514 1179 2575 prima
1213 2514 1326 2558 acies
1351 2513 1527 2569 aberat,
1558 2512 1622 2555 uti

202 2605 257 2633 ne
292 2589 338 2633 in
376 2607 473 2634 eam
503 2589 641 2636 telum
677 2601 1008 2641 tormentumve
1042 2595 1159 2658 adigi
1192 2606 1353 2658 posset.
1384 2594 1625 2657 Pompeius

204 2680 372 2729 autem,
411 2681 460 2717 ut
490 2672 653 2719 famam
692 2684 735 2720 et
765 2676 1023 2738 opinionem
1061 2679 1296 2724 hominum
1343 2687 1537 2734 teneret,
1563 2676 1625 2721 sic
