1972 3356
361 328 434 363 230
569 328 608 362 C.
639 327 766 362 JULIl
802 327 1021 362 CAESARIS
1051 327 1541 362 COMMENTARIORUM

360 409 589 454 dederunt.
625 411 712 466 Ita,
749 410 853 472 fuga
881 411 1053 454 timoris
1083 408 1212 453 simul
1237 408 1577 469 calliditatisque
1607 408 1756 469 plena,

359 491 453 534 sine
479 488 570 533 ullo
595 489 863 534 detrimento
888 489 1026 535 millia
1045 507 1134 534 non
1159 489 1347 551 amplius
1365 507 1395 533 x
1418 490 1637 550 progressi
1660 489 1758 534 hos-

360 580 443 627 tes,
464 570 561 615 loeo
582 572 881 615 munitissimo
901 581 1042 615 eastra
1062 579 1320 632 posuerunt.
1340 569 1469 626 Inde,
1491 586 1627 630 quum
1647 586 1758 630 saepe

361 652 405 695 in
429 650 597 696 insidiis
625 652 793 712 equites
819 651 1076 713 peditesque
1103 651 1411 713 disponerent,
1441 666 1601 712 magna
1629 649 1759 693 detri-

361 741 511 775 menta
535 733 746 777 Romanis
774 733 820 776 in
850 731 1208 793 pabulationibus
1238 731 1498 776 inferebant.

423 814 566 858 XVII.
595 812 730 870 Quod
746 830 882 873 quum
903 813 1098 857 crebrius
1120 813 1358 867 accideret,
1379 829 1429 856 ex
1451 814 1624 874 captivo
1648 829 1759 873 quo-

360 893 462 937 dam
494 895 712 954 comperit
744 896 891 938 Caesar
928 895 1172 950 Correum,
1203 892 1540 937 Bellovacorum
1570 893 1755 950 ducem,

362 974 704 1018 fortissimorum
726 973 863 1018 millia
883 990 928 1018 vl
951 973 1150 1033 peditum
1169 973 1400 1035 delegisse,
1425 976 1681 1035 equitesque
1708 990 1760 1017 ex

361 1055 483 1098 omni
513 1071 695 1097 numero
723 1053 862 1110 mille,
890 1071 999 1114 quos
1032 1055 1077 1097 in
1113 1053 1280 1097 insidiis
1310 1071 1361 1098 eo
1399 1053 1496 1098 loeo
1522 1054 1760 1099 collocarat

361 1152 493 1195 quem
519 1135 561 1176 in
583 1133 750 1188 locum,
775 1144 957 1195 propter
980 1134 1152 1194 copiam
1175 1134 1385 1178 frumenti
1411 1151 1459 1178 ac
1478 1135 1649 1195 pabuli,
1674 1138 1761 1179 Ro-

362 1231 514 1259 manos
530 1216 739 1258 missuros
755 1216 1066 1277 suspicaretur.
1078 1217 1182 1274 Quo
1195 1216 1374 1276 cognito
1392 1215 1595 1273 consilio,
1616 1218 1762 1260 Caesar

363 1294 555 1357 legiones
574 1294 721 1357 plures
738 1313 868 1357 quam
888 1295 1056 1340 solebat
1073 1296 1245 1352 educit3
1261 1298 1614 1357 equitatumque,
1630 1313 1762 1357 quem

364 1377 565 1438 praesidio
579 1394 753 1439 semper
767 1377 1103 1438 pabulatoribus
1119 1378 1293 1421 mittere
1308 1387 1562 1433 consuerat,
1577 1378 1764 1438 praemit-

364 1459 428 1502 tit.
455 1459 571 1502 Huic
603 1459 849 1519 interponit
873 1458 1033 1502 auxilia
1058 1457 1164 1503 levis
1187 1468 1433 1515 armaturae.
1457 1461 1556 1520 Ipse
1580 1475 1680 1502 cum
1711 1457 1765 1502 le-

364 1538 588 1598 gionibus,
610 1555 742 1598 quam
764 1549 909 1599 potest
924 1540 1133 1596 maxime,
1155 1540 1498 1600 appropinquat.

427 1620 593 1663 XVIII.
619 1621 777 1663 Hostes
804 1620 846 1662 in
872 1609 1282 1679 insidiisdispositi,
1310 1637 1447 1680 quum
1473 1621 1553 1663 sibi
1580 1619 1763 1681 delegis-

365 1710 463 1743 sent
488 1717 695 1761 eampum
721 1700 776 1744 ad
805 1718 899 1744 rem
926 1700 1164 1762 gei-eniam
1201 1718 1290 1744 non
1320 1700 1508 1761 amplius
1539 1710 1761 1762 patentem

366 1781 410 1824 in
435 1797 586 1825 omnes
618 1791 765 1842 partes
795 1781 993 1841 passibus
1020 1798 1076 1837 Μ,
1107 1781 1226 1825 silvis
1257 1781 1450 1841 undique
1481 1781 1763 1842 impeditissi-

366 1862 447 1905 mis
463 1871 540 1905 aut
561 1860 777 1905 altissimo
804 1861 986 1904 flumine
1006 1862 1248 1918 munitum,
1279 1860 1397 1905 velut
1419 1861 1624 1922 indagine
1645 1861 1764 1905 hunc

368 1941 534 1985 insidiis
579 1941 985 1986 circumdederunt.
1032 1941 1273 2002 Explorato
1323 1942 1517 1985 hostium
1564 1941 1765 1996 consilio,

368 2023 506 2066 nostri
527 2022 582 2066 ad
604 2022 901 2083 proeliandum
926 2023 1074 2066 animo
1100 2033 1232 2083 atque
1257 2023 1390 2066 armis
1419 2024 1578 2083 parati,
1607 2040 1765 2083 quum,

367 2103 735 2164 subsequentibus
760 2102 1029 2165 legionibus,
1054 2102 1220 2147 nullam
1243 2103 1572 2147 dimicationem
1594 2120 1768 2148 recusa-

368 2193 484 2239 rent,
509 2185 741 2229 turmatim
771 2185 814 2227 in
839 2202 941 2228 eum
967 2184 1115 2228 locum
1142 2184 1428 2229 devenerunt.
1459 2187 1664 2243 Quorum
1692 2184 1768 2228 ad-

368 2274 502 2308 ventu
537 2282 675 2325 quum
715 2265 796 2309 sibi
830 2267 1022 2310 Correus
1057 2265 1251 2309 oblatam
1285 2266 1559 2310 occasionem
1595 2267 1655 2308 rei
1693 2283 1767 2326 gc-

369 2345 514 2389 rendae
559 2347 855 2401 existimaret,
900 2347 1094 2407 primum
1136 2363 1237 2390 cum
1277 2348 1426 2407 paucis
1466 2363 1510 2390 se
1549 2345 1766 2399 ostendit,

370 2435 501 2487 atque
533 2426 579 2469 in
618 2427 841 2488 proximas
878 2437 1044 2471 turmas
1076 2429 1290 2488 impetum
1329 2427 1446 2471 facit.
1479 2427 1630 2471 Nostri
1662 2443 1767 2470 con-

371 2517 538 2551 stanter
559 2508 786 2551 incursum
807 2509 1027 2552 sustinent
1049 2509 1378 2563 insidiatorum;
1398 2525 1539 2568 neque
1557 2506 1703 2567 plures
1722 2508 1765 2550 in

372 2603 510 2631 unum
540 2587 688 2632 locum
715 2589 987 2633 conveniunt
1016 2608 1024 2633 :
1054 2589 1172 2650 quod
1203 2588 1463 2650 plerumque
1490 2588 1766 2648 equestribus

374 2668 537 2727 proeliis
559 2686 696 2730 quum
711 2680 894 2730 propter
915 2668 1107 2730 aliquem
1125 2672 1329 2713 timorem
1345 2669 1524 2723 accidit,
1542 2678 1634 2712 tum
1652 2669 1766 2713 mul-

375 2747 561 2792 titudine
587 2751 781 2810 ipsorum
807 2751 1120 2795 detrimentum
1146 2751 1374 2811 accipitur.
