1972 3356
608 219 675 254 DE
706 220 865 256 BELLO
895 220 1051 257 C1V1L1
1081 222 1175 257 LIB.
1203 223 1251 258 ΙΙ.
1581 224 1625 260 81

234 302 442 347 restitisse
470 304 514 347 in
539 321 702 368 regno3
729 306 967 362 Saburam,
992 307 1086 368 ejus
1110 308 1389 369 praefectum,
1418 326 1516 354 cum
1542 327 1631 355 me-

233 382 454 429 diocribus
479 386 616 447 copiis
644 388 848 441 missum,
876 388 1016 432 Uticae
1047 383 1418 451 appropinquare.
1445 392 1524 436 His
1552 408 1630 437 au-

232 466 428 511 ctoribus
452 476 618 512 temere
642 467 845 525 credens,
863 467 1096 513 consilium
1111 482 1378 527 commutat,
1403 482 1447 517 et
1473 471 1630 534 proelio

232 564 323 592 rem
355 549 629 593 committere
662 549 904 593 constituit.
944 547 1138 594 Multum
1173 551 1228 595 ad
1256 551 1372 596 hanc
1401 570 1494 597 rem
1525 571 1627 615 pro-

233 628 422 674 bandam
462 628 644 691 adjuvat
686 628 1002 686 adolescentia,
1043 632 1304 694 magnitudo
1347 635 1506 691 animi,
1553 653 1627 680 su-

230 711 417 771 perioris
444 711 656 772 temporis
682 721 950 772 proventus,
980 711 1141 757 fiducia
1174 714 1237 757 rei
1266 714 1380 758 bene
1410 715 1625 777 gerendae.

230 792 309 837 His
335 791 467 837 rebus
494 791 733 855 impulsus,
760 793 1007 855 equitatum
1035 811 1212 839 omnem
1243 797 1384 857 prima
1416 807 1545 841 nocte
1573 798 1628 842 ad

230 884 373 919 castra
411 873 810 932 hostium'mittit‚
850 874 906 920 ad
946 875 1110 920 flumen
1148 877 1424 939 Bagradam,
1465 879 1628 939 quibus

229 965 414 1017 praeerat
436 956 631 1012 Sabura,
657 956 709 1001 de
735 973 825 1018 quo
849 967 950 1001 ante
969 967 1064 1002 erat
1085 957 1301 1003 auditum.
1327 959 1414 1004 Sed
1438 976 1513 1004 rex
1536 977 1628 1004 om-

229 1037 358 1082 nibus
390 1038 529 1100 copiis
563 1038 903 1100 insequebatur,
936 1048 979 1083 et
1007 1055 1051 1084 v1
1090 1038 1276 1084 millium
1311 1057 1520 1102 passuum
1558 1042 1626 1085 in-

231 1117 413 1163 tervallo
444 1135 469 1163 a
501 1119 670 1164 Sabura
705 1120 976 1166 consederat.
1017 1122 1199 1182 Equites
1236 1122 1356 1167 missi
1382 1132 1514 1168 nocte
1545 1123 1628 1167 iter

229 1198 490 1258 conficiunt,
514 1200 818 1263 imprudentes
840 1212 974 1263 atque
998 1202 1279 1264 inopinantes
1303 1203 1451 1248 hostes
1475 1220 1628 1266 aggre-

228 1280 438 1326 diuntur:
466 1282 670 1328 Numidae
693 1283 831 1341 enim,
855 1283 1047 1345 quadam
1068 1285 1257 1329 barbara
1281 1285 1625 1343 consuetudine,

228 1361 360 1408 nullis
382 1362 612 1408 ordinibus
633 1365 792 1425 passim
815 1365 1121 1410 consederant.
1147 1369 1238 1412 Hos
1259 1383 1492 1428 oppressos
1513 1383 1627 1411 som-

228 1461 284 1488 no
304 1454 348 1489 et
367 1443 586 1506 dispersos
604 1443 770 1497 adorti,
791 1462 1003 1507 magnum
1024 1462 1178 1491 eorum
1203 1463 1437 1491 numerum
1459 1446 1625 1491 interfi-

224 1525 347 1570 ciunt
367 1542 377 1569 :
399 1523 525 1570 multi
547 1527 770 1587 perterriti
795 1526 1072 1589 profugiunt.
1099 1528 1203 1586 Quo
1229 1527 1371 1584 facto,
1392 1528 1448 1572 ad
1470 1529 1627 1573 Curio-

225 1622 324 1651 nem
346 1607 513 1668 equites
534 1617 843 1664 revertuntur‚
866 1609 1153 1670 captivosque
1175 1608 1229 1653 ad
1255 1626 1355 1654 eum
1387 1609 1622 1655 reducunt.

287 1689 496 1733 XXXIX.
534 1690 672 1735 Curio
707 1706 810 1734 cum
852 1691 1058 1736 omnibus
1099 1693 1236 1753 copiis
1277 1702 1436 1753 quarta
1474 1692 1624 1754 vigilia

225 1771 413 1828 exierat,
438 1771 696 1816 cohortibus
714 1789 743 1816 v
760 1772 915 1817 castris
932 1771 1135 1833 pracsidio
1152 1772 1330 1817 relictis.
1359 1776 1624 1836 Progressus

225 1851 362 1897 millia
383 1868 592 1914 passuum
613 1869 709 1910 seit,
728 1855 898 1915 equites
917 1854 1142 1910 convenit,
1161 1870 1255 1898 rem
1278 1864 1447 1916 gestam
1466 1871 1625 1916 cogno-

228 1935 313 1989 vit3
331 1950 384 1979 ex
403 1934 589 1996 captivis
606 1935 786 1995 quaerit,
808 1935 906 1995 quis
926 1935 1080 1979 castris
1098 1934 1154 1978 ad
1172 1935 1419 1997 Bagradam
1443 1935 1625 1998 praesit?

228 2014 543 2077 Respondent,
581 2014 814 2061 Saburam.
851 2014 1041 2077 Reliqua
1079 2015 1227 2060 studio
1269 2017 1437 2062 itineris
1481 2016 1620 2062 confi-

227 2096 368 2141 ciendi
383 2112 581 2158 quaerere
592 2097 907 2158 praetermittit,
920 2097 1212 2159 proximaque
1224 2099 1461 2160 respiciens
1477 2099 1621 2160 signa:

227 2178 515 2235 «Videtisne,
537 2179 702 2240 inquit,
731 2177 912 2234 milites,
940 2180 1220 2241 captivorum
1249 2180 1496 2225 orationem
1522 2196 1623 2225 cum

228 2260 424 2323 perfugis
453 2259 723 2305 convenire?
756 2260 906 2306 abesse
937 2277 1105 2324 regem,
1140 2261 1318 2323 exiguas
1348 2277 1441 2306 esse
1474 2261 1622 2322 copias

226 2342 399 2399 missas,
419 2357 517 2404 quae
540 2342 690 2404 paucis
713 2342 931 2404 equitibus
956 2359 1084 2405 pares
1109 2359 1201 2387 esse
1228 2359 1318 2388 non
1344 2341 1622 2404 potuerunt?

227 2421 418 2469 Proinde
448 2423 503 2468 ad
536 2423 747 2485 praedam,
781 2424 835 2468 ad
869 2423 1055 2487 gloriam
1082 2435 1338 2487 properate,
1368 2433 1417 2469 ut
1444 2424 1537 2485 jam
1570 2422 1624 2467 de

227 2504 416 2565 praemiis
439 2505 620 2561 vestris,
644 2515 688 2550 et
709 2504 764 2550 de
788 2505 1018 2551 referenda
1045 2506 1186 2569 gratia
1215 2507 1409 2567 cogitare
1437 2505 1623 2567 incipia-

226 2602 336 2630 mus.
361 2606 382 2629 »
403 2588 544 2631 Erant
568 2603 646 2649 per
666 2603 712 2632 se
731 2603 911 2649 magna,
932 2604 1029 2649 quae
1049 2596 1274 2650 gesserant
1294 2586 1490 2648 equites,
1513 2602 1622 2647 prae-

225 2667 374 2712 sertim
404 2684 542 2729 quum
569 2684 725 2713 eorum
761 2669 943 2731 exiguus
972 2685 1185 2714 numerus
1214 2685 1315 2713 cum
1348 2676 1470 2712 tanta
1508 2665 1622 2712 mul-

426 2764 471 2791 ιῐ.
1398 2748 1427 2793 G
