1972 3356
321 244 393 285 264
711 246 859 281 NOTAE
890 247 940 280 IN
970 247 1061 280 LIB.
1091 248 1123 280 V
1148 247 1208 280 ET
1237 249 1288 281 vl

368 321 450 355 Cim.
478 321 583 355 XXI.
612 321 728 355 Cassi.
761 321 853 356 Vide
871 335 997 369 supra,
1020 335 1100 369 cap.
1125 336 1184 367 XI,
1207 323 1489 359 Cassivellauno.

375 388 572 434 Oppidum.
587 387 654 422 Usi
678 395 762 422 sunt
783 388 952 424 Britanni
973 403 1065 425 voce
1087 403 1190 434 caer,
1208 403 1287 437 quae
1304 391 1417 426 habet
1435 392 1597 426 radicem
1609 405 1694 427 ver-

321 452 407 484 bum
432 447 619 482 hebraeum
643 458 759 507 ΝἾΡ,
781 450 884 497 quod
907 459 1103 485 convocare
1127 450 1321 498 significat.
1336 454 1391 487 Ita
1413 454 1432 487 J
1437 453 1496 487 oh.
1518 453 1694 496 Clericus,

318 510 368 543 ait
388 508 580 553 Davisius,
599 510 657 545 cui
678 511 755 546 haec
778 512 884 559 origo
906 512 1054 547 hebraea
1075 512 1223 547 arridet.
1250 513 1324 547 Sed
1349 512 1442 547 mihi
1464 514 1543 547 luce
1564 513 1695 549 clarius

319 575 372 603 est
393 582 481 604 caer
501 570 727 616 britannice,
756 572 822 607 ker
845 573 1045 617 annorice,
1070 573 1171 608 vocis
1202 574 1323 608 latinae
1348 582 1529 616 castrum,
1557 586 1604 608 ex
1627 586 1697 620 qua

319 631 429 678 Angli
443 639 562 667 cester
576 632 617 667 in
638 633 854 669 nominibus
880 635 1027 670 urbium
1052 636 1280 680 formarunt,
1299 635 1594 671 contractionem
1607 647 1695 670 esse.

372 716 456 751 CAP.
478 718 601 753 XXII.
626 719 856 767 Lugotorige.
877 736 891 751 «
903 721 958 754 Al.
977 720 1216 768 Cingetorige.
1232 721 1287 755 Ex
1300 720 1423 755 multis
1437 719 1548 754 codd.
1569 726 1699 760 contra

320 777 494 813 Hotman.
527 779 667 813 Brantii
703 781 868 827 Bongars
890 793 946 828 pr.
971 781 1142 816 Vossiani
1165 794 1293 816 omnes
1316 781 1559 829 Lugotorige,
1584 781 1698 814 Luto—

316 839 441 885 gorige
452 851 466 881 ,·
486 839 610 875 Celsus
621 867 631 884 ,
645 840 721 876 vita
740 841 891 876 Caesaris
904 868 914 885 ,
931 843 1146 890 Legotorige
1158 856 1169 876 .·
1183 849 1220 877 at
1232 854 1368 889 graecus
1387 841 1568 888 interpres
1587 842 1699 875 Com-
1721 862 1723 865 .

322 900 586 935 mentariorum
597 928 607 945 ,
621 901 915 951 Kt‘y‘ye‘tbptyoe.
930 904 1057 938 Nostri
1070 916 1217 950 quoque
1228 903 1337 938 codd.
1359 902 1522 937 variant:
1539 901 1620 937 cod.
1635 903 1679 936 R.
1691 929 1699 945 ‚

322 958 469 1005 5‚763,
501 963 719 1011 Lugotorige
728 978 742 1007 ,·
768 964 867 999 unde
905 976 984 999 rem
1007 963 1181 999 dirimere
1206 964 1407 999 admodum
1433 964 1479 998 sit
1502 962 1665 998 difficile.
1685 978 1699 993 »

320 1021 376 1055 Ita
400 1022 444 1055 D.
471 1023 650 1058 Lemaire.
682 1025 918 1071 Etymologia
935 1024 1042 1070 hujus
1061 1025 1223 1059 nominis
1238 1052 1247 1068 ,
1266 1024 1464 1071 compositi
1486 1037 1531 1059 ex
1557 1035 1700 1060 λυκοει-

321 1078 410 1124 sin,
434 1083 523 1130 lupo
548 1083 693 1128 similis,
711 1085 926 1129 matutinus,
952 1086 1140 1120 albescens
1166 1093 1204 1120 ut
1225 1086 1311 1120 alba
1332 1085 1528 1129 matutina,
1550 1087 1611 1119 vel
1631 1087 1702 1120 Al-

321 1142 422 1184 bion,
449 1150 484 1178 et
497 1156 580 1188 reat,
600 1146 873 1193 analogumque
894 1159 1033 1181 nomen
1047 1148 1309 1194 Luguvallum,
1323 1146 1438 1181 hodie
1458 1146 1618 1189 Carlile,
1640 1145 1701 1180 in-

323 1203 448 1239 dicant
459 1206 683 1254 Lugotorige
694 1219 765 1254 pro
782 1209 1030 1255 Lucodorige,
1053 1208 1290 1243 scribendum
1315 1220 1412 1251 esse;
1431 1208 1536 1242 facile
1561 1208 1659 1242 enim
1681 1220 1704 1259 ξι

325 1264 362 1299 in
381 1276 429 1314 γ,
449 1273 485 1300 et
506 1264 534 1302 ὃ
554 1267 593 1302 in
613 1280 636 1302 τ
656 1276 830 1303 mutatur.

377 1358 460 1392 CAP.
484 1360 627 1395 XXIV.
659 1361 807 1395 Essuos.
843 1361 934 1395 Vide
957 1374 1064 1408 supra
1085 1361 1268 1404 Sesuvios,
1295 1369 1371 1396 not.
1414 1363 1449 1396 in
1480 1362 1617 1397 librum
1648 1375 1704 1405 11,

325 1431 403 1466 cap.
424 1432 555 1455 xxxw.

381 1514 615 1563 Ambiorigis.
636 1517 752 1563 Hujus
781 1530 952 1552 nummus
976 1525 1111 1562 exstat,
1130 1518 1227 1565 apud
1251 1518 1365 1553 Eckel
1393 1516 1545 1563 (Doctr.
1569 1530 1703 1552 numm.

327 1582 414 1617 vet,
438 1582 464 1609 t.
486 1588 499 1609 1
513 1602 522 1618 ‚
541 1589 576 1623 p.
601 1577 667 1620 76)
689 1585 725 1612 et
746 1579 845 1625 apud
863 1580 909 1613 D.
923 1579 1096 1613 Mionnet
1115 1577 1236 1626 (Dese.
1260 1580 1325 1613 des
1344 1580 1461 1621 rne'd„
1483 1586 1507 1612 t.
1522 1592 1535 1612 1
1549 1606 1557 1622 ,
1576 1591 1612 1625 p.
1629 1578 1704 1625 83).

329 1636 412 1669 Pars
436 1635 556 1671 antica
580 1637 689 1672 offert
708 1639 868 1673 Palladis
899 1646 1008 1688 caput
1037 1640 1240 1686 galeatum,
1263 1640 1405 1686 postica
1433 1640 1593 1686 equitem
1618 1640 1704 1673 has-

330 1701 443 1729 tatum
455 1722 465 1739 ,
483 1709 566 1732 cum
584 1698 788 1747 epigraphe
808 1701 981 1736 EBVRO.
997 1713 1067 1748 pro
1082 1702 1347 1737 EBVRONES.
1370 1701 1522 1748 Legitur
1541 1701 1709 1748 quando-

329 1768 399 1802 que
420 1755 460 1790 in
477 1765 582 1803 parte
607 1760 727 1794 antica
752 1761 996 1795 AMBIORIX
1018 1762 1076 1796 vel
1100 1763 1294 1796 TAMBIL.
1319 1762 1531 1804 Ambiorix,
1558 1762 1708 1796 Eburo-

329 1829 418 1851 num
439 1818 628 1866 princeps,
657 1820 864 1868 significare
893 1822 1006 1856 debet
1029 1823 1296 1857 Ambianorum
1325 1835 1412 1864 ream·
1432 1830 1493 1856 aut
1515 1823 1668 1864 rectius,
1690 1836 1708 1856 a

329 1890 448 1924 graeco
462 1878 571 1924 ἀμφὶ,
585 1881 697 1917 latine
712 1883 836 1924 amb-‚
858 1883 994 1917 circum
1005 1910 1014 1925 .‚
1035 1881 1095 1928 ἰὸς,
1107 1884 1284 1929 jaculum,
1298 1880 1366 1927 ἱέω,
1380 1884 1542 1926 mittere3
1557 1885 1637 1918 Rex
1649 1884 1711 1930 qui

331 1940 677 1988 circumjicitjacula
694 1944 754 1978 vel
773 1944 922 1991 sagittas
934 1971 943 1989 ‚
962 1945 1057 1980 sicut
1075 1942 1161 1982 ἶήϊος
1174 1946 1234 1980 vel
1254 1943 1342 1989 iiix„
1357 1945 1509 1992 Apollo,
1524 1944 1711 1990 jaculandi

330 2001 491 2047 peritus,
511 2004 609 2039 unde
628 2011 664 2039 et
679 2005 859 2039 Ambiani
866 2019 879 2048 ,·
904 2006 996 2041 sicut
1018 2006 1170 2042 Sanctus
1198 2008 1392 2053 Quintinus
1402 2034 1414 2050 ,
1444 2006 1710 2041 Ambianorum

331 2070 366 2096 et
385 2063 738 2100 veromanduorum
757 2068 964 2113 aposlolus,
984 2070 1098 2103 contis
1119 2068 1334 2112 transfixus,
1355 2076 1391 2103 et
1413 2068 1511 2114 cujus
1530 2079 1668 2102 nomen
1692 2079 1710 2102 a

332 2122 470 2169 κὸντος,
495 2128 755 2170 contu.5‚hasta
776 2129 890 2175 longa
914 2135 950 2163 et
972 2130 1126 2165 robusta
1151 2131 1313 2174 nautica,
1338 2130 1542 2172 derivatum
1568 2131 1600 2164 T
1599 2129 1713 2164 ambil

336 2198 421 2221 vero
447 2199 517 2233 pro
547 2189 748 2233 Tambc'los,
773 2197 963 2237 stuporem
982 2190 1166 2237 injiciens,
1190 2193 1281 2227 sicut
1300 2192 1460 2227 Palladis
1473 2192 1531 2227 vel
1551 2191 1712 2226 Medusae

333 2255 439 2295 caput
453 2275 463 2292 ,
485 2260 505 2284 a
531 2262 622 2286 voce
643 2262 761 2297 graeca
784 2248 1003 2299 Θαμβαὶέες.

386 2349 470 2384 Cap,
489 2350 582 2384 LIV.
610 2350 848 2399 ffiIoritasgus.
864 2352 919 2386 Ex
933 2352 1055 2387 multis
1070 2353 1374 2400 inscriptionibus
1389 2353 1537 2398 conjicit
1551 2353 1712 2387 Thomas

336 2410 547 2455 Reinesius‚
567 2411 723 2458 epistola
744 2412 790 2456 67
805 2440 814 2456 ‚
841 2413 1037 2459 quemdam
1064 2415 1255 2449 Gallorum
1279 2414 1386 2449 fuisse
1411 2415 1495 2448 huic
1519 2412 1712 2460 cognomi—

336 2484 430 2505 nem.
451 2472 561 2507 Unde
580 2473 721 2520 colligit
744 2474 841 2508 idem
865 2474 1025 2521 aliquem
1050 2472 1234 2521 ὁμώνυμον
1255 2488 1274 2509 e
1299 2475 1500 2521 majoribus
1518 2473 1713 2519 Moritasgi

337 2533 453 2567 nostri
467 2545 488 2568 a
500 2533 572 2568 suis
587 2534 637 2568 ob
650 2535 781 2570 merita
798 2548 869 2581 pro
888 2536 960 2570 deo
979 2537 1146 2571 habitum
1170 2537 1296 2579 fuisse3
1314 2537 1363 2571 ita
1382 2536 1561 2571 Davisius.
1581 2534 1713 2569 Alesiae»

336 2601 478 2639 reperta
504 2594 589 2637 fuit,
611 2608 710 2630 anno
734 2595 830 2631 1652
844 2624 853 2640 ,
879 2597 1071 2644 inscriptio
1098 2599 1135 2632 in
1155 2611 1225 2645 qua
1244 2598 1408 2645 porticus
1427 2598 1495 2631 deo
1506 2596 1711 2643 stlon‘tasgo

339 2655 449 2700 positi
468 2656 606 2690 mentio
629 2655 679 2690 fit.
708 2657 852 2692 Broticr
877 2658 984 2692 (lcum
1010 2659 1110 2693 illum
1132 2673 1208 2693 csse
1235 2659 1354 2705 ipsum
1374 2658 1634 2704 Morssasgum,
1656 2670 1713 2691 rc-
