1972 3356
570 291 636 326 DE
665 289 825 325 BELLO
856 286 1071 323 GALLICO
1099 286 1192 322 LIB.
1218 284 1282 320 VI.
1553 285 1623 327 ¹49

223 376 372 422 cendae
391 393 440 421 ae
463 375 639 421 desidiae
663 373 915 419 minuendae
936 389 1066 417 causa
1081 372 1174 416 fieri
1200 369 1452 432 praedicant.
1478 369 1624 426 Atque

225 458 301 502 ubi
326 459 423 519 quis
447 475 500 502 ex
523 456 798 519 principibus
824 456 869 498 in
893 453 1084 498 concilio
1109 453 1241 509 dixit,
1265 468 1309 495 se
1331 449 1488 494 ducem
1512 447 1626 500 fore,

222 540 298 600 qui
329 540 451 600 sequi
477 537 632 595 velint,
664 537 979 598 profiteantur,
1004 543 1281 594 consurgunt
1305 533 1334 575 ii
1363 531 1440 592 qui
1462 539 1506 574 et
1521 544 1624 573 cau-

224 637 316 664 sam
345 630 388 664 et
413 620 640 674 hominem
669 617 882 679 probant,
913 630 1133 675 suumque
1169 611 1384 657 auxilium
1415 609 1628 672 pollicen-

223 711 316 757 tur,
341 709 474 760 atque
499 699 553 743 ab
574 697 864 742 multitudine
882 695 1196 741 collaudantur
1220 710 1230 737 ε
1253 693 1331 755 qui
1350 709 1402 736 ex
1418 692 1470 735 iis
1494 691 1631 735 secuti

222 798 312 825 non
336 790 462 837 sunt,
487 781 533 823 in
559 780 836 823 desertorum
860 794 912 821 ae
935 775 1219 839 proditorum
1243 789 1433 818 numero
1459 772 1631 816 ducun-

223 872 315 918 tur,
341 862 632 922 omniumque
656 861 708 905 iis
730 877 882 905 rerum
911 868 1064 921 postea
1091 857 1200 902 fides
1227 856 1485 919 derogatur.
1515 855 1633 897 Hos-

221 944 334 1005 pites
358 941 551 999 violare,
585 942 647 987 fas
678 959 769 986 non
793 951 957 1003 putant
984 958 993 985 ε
1024 940 1100 1001 qui
1129 955 1306 1001 quaque
1333 937 1387 982 de
1415 953 1548 982 causa
1577 934 1633 978 ad

222 1041 295 1069 eos
315 1024 547 1079 venerint,
576 1024 629 1067 ab
658 1024 820 1085 injuria
850 1023 1116 1084 prohibent,
1142 1030 1408 1081 sanctosque
1437 1018 1633 1072 habent3

224 1109 273 1152 iis
299 1106 502 1150 omnium
527 1105 685 1149 domus
709 1114 888 1166 patent,
914 1106 1146 1164 vietusque
1171 1101 1546 1147 communicatur.

286 1189 453 1231 XXIV.
481 1189 544 1231 Ae
573 1186 658 1230 fuit
689 1195 820 1230 antea
849 1196 1046 1246 tempus,
1077 1201 1216 1245 quum
1243 1184 1495 1228 Germanos
1516 1178 1635 1224 Galli

224 1269 390 1312 virtute
414 1276 696 1328 superarent,
723 1266 842 1311 ultro
870 1265 987 1310 bella
1015 1265 1252 1322 inferrent,
1280 1272 1465 1326 propter
1490 1262 1636 1306 homi-

228 1366 334 1393 uum
354 1347 696 1392 multitudinem
715 1348 899 1410 agrique
923 1349 1120 1408 inopiam
1147 1357 1267 1390 trans
1286 1345 1497 1391 Rhenum
1518 1341 1636 1387 colo-

228 1430 321 1473 nias
345 1429 586 1473 mitterent.
611 1431 768 1489 Itaque
793 1445 867 1485 ea,
886 1445 984 1489 quae
1008 1425 1281 1472 fertilissima
1304 1435 1429 1481 sunt,
1449 1426 1637 1468 Germa·

227 1511 308 1554 niae
338 1509 435 1554 loca
466 1511 635 1554 circum
666 1510 935 1571 Hercyniam
967 1509 1123 1554 silvam
1158 1509 1318 1570 <quam
1351 1506 1637 1552 Eratostheni

226 1602 268 1637 et
295 1591 560 1653 quibusdam
587 1592 753 1636 Graecis
782 1591 898 1636 fama
928 1601 1082 1635 notam
1111 1607 1203 1634 esse
1227 1590 1381 1644 video,
1407 1605 1542 1650 quam
1574 1586 1638 1631 illi

226 1674 467 1735 Orcyniam
499 1671 776 1736 appellant),
810 1672 959 1719 Voleae
983 1676 1248 1735 Tectosages
1277 1679 1638 1732 occupaverunt,

225 1767 357 1818 atque
381 1757 439 1800 ibi
461 1756 773 1800 consederunt.
800 1758 913 1815 Quae
938 1775 1045 1819 gens
1069 1757 1124 1801 ad
1145 1757 1230 1800 hoe
1250 1765 1428 1815 tempus
1452 1753 1504 1796 iis
1524 1752 1639 1796 sedi-

224 1839 307 1882 bus
330 1855 422 1883 sese
445 1839 670 1892 continet,
700 1855 1011 1899 summamque
1036 1839 1169 1882 habet
1189 1836 1372 1898 justitiae
1399 1845 1444 1879 et
1472 1833 1639 1878 bellicae

227 1920 368 1964 laudis
392 1920 650 1981 opinionem
677 1937 685 1963 ε
717 1936 838 1964 nune
863 1937 1042 1982 quoque
1072 1922 1117 1964 in
1147 1919 1301 1963 eadem
1325 1919 1496 1980 inopia,
1520 1935 1641 1980 eges-

226 2011 340 2059 tate,
366 2002 602 2062 patientia,
631 2018 719 2062 qua
744 2003 987 2060 Germani,
1013 2010 1304 2064 permanent,
1334 1999 1489 2044 eodem
1515 2000 1639 2043 victu

227 2093 270 2127 et
296 2081 421 2126 cultu
451 2083 652 2143 corporis
683 2092 886 2127 utuntur.
912 2083 1054 2128 Gallis
1084 2093 1232 2127 autem
1262 2081 1508 2126 Provinciae
1534 2097 1637 2141 pro-

228 2165 475 2225 pinquitas,
508 2174 551 2208 et
583 2166 984 2210 transmarinarum
1014 2182 1163 2210 rerum
1196 2165 1380 2221 notitia,
1413 2160 1557 2205 multa
1583 2158 1638 2203 ad

226 2246 401 2307 copiam
436 2256 568 2307 atque
603 2263 708 2291 usus
744 2246 944 2309 largitur.
984 2246 1206 2293 Paulatim
1242 2244 1475 2290 assuefacti
1510 2258 1640 2304 supe-

229 2328 340 2384 rari,
372 2326 613 2388 multisque
640 2329 746 2373 vieti
772 2329 964 2390 proeliis,
989 2346 1044 2374 ne
1075 2346 1119 2373 se
1145 2327 1326 2389 quidem
1352 2327 1434 2388 ipsi
1463 2342 1565 2370 cum
1594 2324 1640 2368 il-

228 2407 279 2452 lis
302 2409 469 2453 virtute
494 2421 771 2471 comparant.

294 2494 439 2537 XXV.
465 2493 609 2553 Hujus
634 2495 865 2555 Hercyniae
890 2494 1029 2552 silvae,
1054 2512 1152 2555 quae
1173 2510 1309 2554 supra
1333 2492 1641 2536 demonstrata

228 2584 315 2627 est,
348 2573 539 2618 latitudo
584 2593 743 2620 novem
786 2577 958 2621 dierum
991 2578 1075 2621 iter
1109 2575 1317 2637 expedito
1348 2584 1470 2634 patet
1502 2590 1511 2616 :
1549 2590 1637 2617 non

227 2658 347 2707 enim
365 2655 493 2700 aliter
515 2656 633 2701 finiri
658 2667 822 2718 potest,
843 2676 987 2719 neque
1012 2674 1244 2703 mensuras
1265 2658 1477 2700 itinerum
1502 2671 1640 2698 nove·

236 2746 350 2780 runt.
378 2739 536 2782 Oritur
560 2739 612 2782 ab
637 2738 944 2784 Helvetiorum
963 2777 973 2790 ,
996 2750 1036 2784 et
1057 2742 1300 2784 Nemetum
1315 2773 1325 2791 ,
1347 2747 1391 2781 et
1414 2739 1642 2781 Rauraco-
