1972 3356
528 266 596 301 DE
627 267 783 303 BELLO
812 268 1023 305 GALLICO
1054 269 1142 304 LIB.
1171 270 1214 305 V.
1500 282 1569 318 ως)

182 347 327 391 Caesar
356 348 556 392 consulto
583 351 751 410 equites
781 352 953 407 cedere,
981 369 1111 412 seque
1136 354 1179 396 in
1210 362 1351 397 castra
1377 354 1571 414 recipere

176 426 325 486 jubet3
347 428 475 472 simul
494 446 544 472 ex
566 431 770 474 omnibus
789 432 985 491 partibus
1009 441 1148 476 castra
1168 432 1324 477 altiore
1343 432 1459 477 vallo
1477 450 1571 477 mu-

181 509 287 564 niri,
310 518 547 569 portasque
574 509 761 565 obstrui,
786 521 917 570 atque
947 513 991 554 in
1027 512 1094 555 his
1126 512 1482 557 administrandis
1505 529 1571 556 re·

181 590 261 633 bus
289 606 420 649 quam
449 589 637 632 maxime
660 591 934 645 concursari,
963 600 1003 633 ct
1030 607 1130 634 cum
1147 592 1426 637 simulatione
1445 595 1569 638 timo-

184 670 239 712 ris
263 669 332 730 agi
350 669 488 728 jubet.

243 750 315 791 LI.
335 748 511 805 Quibus
529 750 734 794 omnibus
759 751 887 793 rebus
908 751 1055 794 hostes
1072 751 1243 795 invitati
1266 752 1411 813 copias
1431 763 1571 797 trans-

177 828 370 884 ducunt,
396 830 622 890 aciemque
650 830 802 891 iniquo
833 829 929 874 loco
958 832 1255 888 constituunt3
1284 833 1444 876 nostris
1468 849 1573 877 vero

177 909 309 952 etiam
338 909 391 953 de
417 908 530 953 vallo
555 909 774 966 deductis,
800 913 982 971 propius
1012 912 1253 969 accedunt,
1279 922 1321 956 et
1348 912 1434 956 tela
1459 914 1572 957 intra

177 990 470 1033 munitionem
509 1007 560 1033 ex
591 991 796 1035 omnibus
826 991 1024 1052 partibus
1056 993 1325 1053 conjiciunt,
1358 992 1572 1053 proeconi-

178 1070 346 1131 busque
390 1071 556 1115 circum
602 1072 770 1128 missis,
821 1074 1096 1132 pronuntiari
1132 1074 1311 1133 jubent,
1356 1091 1429 1117 seu
1475 1074 1572 1134 quis

178 1148 358 1207 Gallus,
397 1168 471 1194 seu
513 1154 740 1195 Romanus
775 1151 879 1195 velit
913 1164 1014 1196 aute
1046 1153 1201 1197 horam
1231 1155 1404 1198 tertiam
1439 1154 1493 1198 ad
1530 1172 1573 1198 se

179 1231 383 1287 transire,
409 1232 502 1274 sine
537 1230 735 1292 periculo
772 1231 923 1288 licere;
953 1243 1051 1292 post
1075 1233 1119 1276 id
1152 1243 1324 1294 tempus
1359 1252 1447 1278 non
1481 1234 1574 1278 fore

177 1320 461 1371 potestatem;
491 1329 541 1356 ac
574 1313 633 1356 sic
658 1309 832 1356 nostros
859 1323 1247 1374 contempserunt,
1273 1324 1350 1371 ut,
1374 1315 1570 1358 obstruc-

177 1392 230 1435 tis
254 1393 299 1435 in
331 1393 520 1454 speciem
551 1395 691 1453 portis
720 1392 902 1454 singulis
933 1394 1163 1438 ordinibus
1187 1396 1403 1455 cespitum
1420 1430 1431 1450 ,
1455 1395 1571 1455 quod

175 1488 224 1516 ea
242 1489 331 1516 non
351 1490 477 1534 posse
502 1475 829 1534 introrumpere
853 1474 1137 1530 videbantur,
1156 1473 1229 1518 alii
1249 1474 1414 1519 vallum
1439 1492 1570 1520 manu

175 1554 393 1611 scindere,
424 1553 497 1598 alii
534 1554 669 1599 fossas
703 1554 924 1616 complere
960 1556 1221 1616 inciperent.
1261 1558 1375 1600 Tum
1408 1559 1572 1614 Caesar,

175 1635 381 1679 omnibus
401 1636 540 1696 portis
568 1636 801 1697 eruptione
824 1636 956 1692 facta,
982 1638 1271 1697 equitatuque
1292 1638 1450 1682 emisso
1465 1673 1476 1694 ,
1506 1655 1572 1682 ce-

175 1713 325 1760 leriter
352 1716 499 1760 hostes
536 1716 611 1760 dat
646 1717 690 1760 in
720 1717 891 1778 fugam,
921 1717 1002 1773 sic,
1033 1717 1096 1760 uti
1127 1719 1310 1762 omnino
1343 1721 1568 1780 pugnandi

172 1813 302 1842 causa
317 1798 541 1842 resisteret
569 1814 724 1854 nemo,
753 1814 1052 1859 magnumque
1082 1815 1135 1841 ex
1157 1799 1218 1842 eis
1240 1813 1475 1843 numerum
1498 1816 1571 1843 oc-

173 1877 300 1935 cidit,
324 1888 456 1939 atque
485 1894 638 1921 omnes
660 1878 794 1921 armis
817 1878 950 1921 exuit.

239 1960 335 2002 LII.
373 1959 571 2019 Longius
604 1958 809 2018 prosequi
844 1958 1029 2013 veritus,
1064 1958 1183 2018 quod
1224 1958 1341 2002 silvae
1374 1959 1575 2020 paludes-

174 2055 259 2099 que
292 2038 645 2094 intercedebant,
673 2053 817 2097 neque
847 2037 977 2081 etiam
1007 2038 1193 2098 parvulo
1225 2038 1487 2083 detrimento
1522 2040 1572 2083 il-

173 2117 318 2161 lorum
347 2117 495 2161 locum
525 2116 715 2177 relinqui
751 2116 953 2173 videbat,
989 2118 1194 2162 omnibus
1225 2119 1313 2162 suis
1343 2120 1571 2165 incolumi-

174 2198 255 2241 bus
279 2198 439 2259 copiis,
465 2197 619 2242 eodem
644 2198 714 2242 die
736 2198 792 2242 ad
816 2199 1078 2243 Ciceronem
1102 2200 1318 2259 pervenit.
1340 2203 1570 2246 Institutas

172 2288 343 2335 turres,
375 2278 644 2336 testudines,
680 2279 1037 2339 munitionesque
1066 2279 1261 2324 hostium
1291 2280 1536 2326 admiratur
1561 2300 1570 2325 ε

176 2359 394 2420 producta
415 2358 587 2421 legione
610 2361 855 2421 cognoscit,
875 2377 965 2403 non
992 2359 1213 2403 decimum
1237 2377 1457 2422 quemque
1482 2379 1572 2406 esse

174 2439 383 2484 relictum
415 2439 600 2484 militem
634 2442 726 2484 sine
756 2439 952 2484 vulnere.
981 2443 1045 2484 Ex
1075 2440 1142 2483 his
1171 2441 1378 2486 omnibus
1403 2442 1572 2503 judicat

176 2522 326 2578 rebus,
351 2530 518 2582 quanto
546 2537 646 2565 cum
676 2520 875 2582 periculo
904 2531 948 2565 et
974 2532 1141 2581 quanta
1165 2539 1267 2566 cum
1292 2523 1456 2566 virtute
1483 2523 1572 2566 sint

173 2617 240 2645 res
266 2601 581 2646 administratae
605 2619 614 2644 t
641 2603 901 2646 Ciceronem
924 2619 1004 2662 pro
1030 2603 1122 2663 ejus
1148 2603 1306 2646 merito
1333 2598 1572 2664 legionem-

172 2696 258 2737 que
288 2681 537 2737 collaudat,
569 2683 848 2727 centuriones
878 2681 1101 2743 sigillatim
1133 2683 1423 2743 tribunosque
1455 2682 1570 2727 mili-

375 2765 404 2785 Ῐ.
1353 2769 1376 2802 9
