1972 3356
398 318 469 355 140
605 313 643 347 C.
677 314 804 349 JULII
835 315 1053 350 CAESARIS
1084 315 1574 352 COMMENTARIORUM

395 407 458 451 ct,
485 398 633 457 paucis
660 399 816 442 turmis
840 399 1041 460 praesidio
1065 399 1120 443 ad
1147 400 1464 460 impedimenta
1488 401 1697 457 dimissis,
1724 418 1787 445 re-

393 477 533 538 liquos
570 480 738 539 equites
768 479 821 523 ad
850 479 986 524 latera
1023 480 1231 541 disponit.
1269 481 1482 527 Celeriter
1513 483 1671 535 nostri,
1703 482 1788 525 cla-

392 576 514 603 more
545 558 744 617 sublato,
774 557 864 619 pila
888 562 932 604 in
955 561 1100 605 hostes
1133 562 1392 606 immittunt.
1416 561 1508 617 Illi,
1534 562 1609 606 ubi
1629 573 1785 623 praeter

391 656 532 699 spem,
572 656 682 700 quos
719 641 868 702 fugere
898 642 1153 699 credebant,
1188 643 1352 686 infestis
1388 643 1524 703 signis
1559 642 1615 686 ad
1649 659 1693 687 se
1724 645 1787 686 ire

388 720 615 779 viderunt,
637 722 852 782 impetum
872 723 1004 766 modo
1030 723 1144 767 ferre
1166 741 1255 767 non
1279 732 1540 784 potuerunt,
1566 740 1615 767 ac
1643 724 1787 784 primo

388 817 609 846 concursu
634 803 678 846 in
702 802 850 864 fugam
874 805 1082 865 conjecti,
1106 805 1328 865 proximas
1352 804 1481 849 silvas
1503 805 1783 865 petiverunt:

390 900 500 942 quos
526 884 747 927 Labienus
776 886 974 945 equitatu
999 895 1300 942 consectatus,
1327 903 1488 947 magno
1512 902 1698 929 numero
1720 885 1788 928 in·

389 963 596 1021 terfecto,
627 965 930 1026 compluribus
956 967 1116 1027 captis,
1142 968 1292 1027 paucis
1319 977 1417 1027 post
1444 966 1598 1010 diebus
1633 965 1786 1009 civita-

387 1054 478 1088 tem
506 1047 670 1106 recepit
695 1063 703 1089 :
732 1064 835 1090 nam
863 1048 1096 1104 Germani,
1123 1048 1198 1107 qui
1224 1047 1387 1091 auxilio
1410 1047 1665 1104 veniebant,
1686 1063 1786 1107 per-

388 1135 514 1185 cepta
537 1127 823 1170 Trevirorum
855 1127 978 1189 fuga,
1006 1145 1098 1172 sese
1127 1128 1309 1172 domum
1340 1127 1638 1172 contulerunt.
1670 1128 1786 1171 Cum

389 1206 440 1249 iis
463 1208 703 1267 propinqui
728 1207 1044 1265 Indutiomari,
1069 1209 1145 1269 qui
1174 1208 1435 1252 defectionis
1459 1218 1661 1252 auctores
1691 1207 1785 1251 fue·

388 1297 512 1344 rant,
542 1290 739 1333 comitati
775 1306 875 1346 eos,
910 1307 962 1333 ex
996 1291 1174 1334 civitate
1215 1307 1452 1334 excessere.
1483 1288 1784 1350 Cingetorigi,

388 1384 520 1427 quem
550 1370 604 1413 ab
630 1371 756 1414 initio
787 1372 1078 1431 permansisse
1109 1373 1153 1415 in
1188 1371 1331 1416 officio
1361 1371 1784 1425 demonstravimus,

387 1450 661 1511 principatus
690 1461 823 1512 atque
853 1454 1088 1514 imperium
1116 1463 1181 1497 est
1212 1453 1438 1497 traditum.

452 1532 530 1574 IX.
562 1533 727 1586 Caesar,
755 1544 988 1594 postquam
1020 1552 1072 1578 ex
1095 1535 1316 1595 Menapiis
1347 1536 1391 1578 in
1415 1534 1620 1578 Treviros
1643 1532 1783 1588 venit,

387 1609 557 1655 duabus
586 1612 639 1655 de
669 1614 810 1656 causis
835 1615 1042 1658 Rhenum
1076 1616 1264 1659 transire
1293 1615 1524 1659 constituit
1553 1630 1561 1656 :
1595 1629 1784 1673 quarum

388 1701 481 1735 erat
513 1691 675 1747 altera,
709 1694 829 1754 quod
861 1694 1024 1738 auxilia
1055 1706 1208 1739 contra
1245 1713 1289 1739 se
1317 1695 1512 1740 Treviris
1544 1695 1784 1748 miserant3

385 1771 541 1829 altera,
569 1791 623 1817 ne
646 1775 876 1819 Ambiorix
904 1776 958 1819 ad
981 1793 1054 1820 eos
1083 1787 1311 1838 receptum
1342 1777 1536 1820 haberet.
1567 1775 1647 1819 His
1679 1791 1785 1819 con-

385 1854 550 1897 stitutis
577 1856 729 1912 rebus,
754 1856 935 1917 paulum
961 1873 1092 1917 supra
1119 1875 1218 1901 eum
1245 1857 1393 1901 locum
1418 1874 1506 1917 quo
1529 1867 1630 1901 ante
1657 1873 1783 1901 exer-

387 1934 523 1977 citum
555 1936 883 1994 transduxerat,
906 1937 1048 1981 facere
1074 1948 1256 1999 pontem
1286 1939 1492 1982 instituit.
1515 1939 1634 1983 Nota
1653 1947 1785 1998 atque

386 2016 586 2060 instituta
614 2019 806 2074 ratione,
833 2036 996 2081 magno
1025 2019 1217 2064 militum
1251 2020 1425 2075 studio,
1453 2020 1603 2080 paucis
1631 2018 1785 2062 diebus

384 2113 494 2157 opus
529 2098 731 2143 efficitur.
771 2101 921 2144 Firmo
962 2102 1006 2144 in
1041 2102 1235 2145 Treviris
1270 2100 1473 2162 praesidio
1516 2099 1572 2144 ad
1602 2109 1783 2160 pontem

384 2178 560 2234 relicto,
595 2197 649 2223 ne
679 2182 777 2241 quis
810 2182 865 2225 ab
899 2183 948 2226 iis
986 2183 1133 2226 subito
1163 2193 1311 2227 motus
1340 2181 1554 2238 oriretur,
1593 2180 1784 2240 reliquas

384 2261 532 2321 copias
562 2263 899 2323 equitatumque
933 2264 1191 2308 transducit.
1217 2264 1343 2320 Ubii,
1374 2263 1451 2324 qui
1482 2272 1584 2307 ante
1611 2260 1784 2305 obsides

383 2341 617 2398 dederant,
647 2354 779 2404 atque
809 2345 853 2387 in
887 2344 1158 2389 deditionem
1191 2355 1424 2401 venerant,
1460 2341 1678 2405 purgandi
1715 2342 1783 2384 sui

383 2441 512 2468 causa
543 2424 598 2468 ad
631 2442 733 2468 eum
767 2424 934 2487 legatos
968 2427 1175 2482 mittunt,
1202 2428 1278 2487 qui
1315 2426 1523 2479 doceant,
1554 2439 1695 2483 neque
1729 2438 1781 2465 ex

383 2522 460 2549 sua
480 2506 658 2551 civitate
677 2506 841 2551 auxilia
868 2508 914 2551 in
933 2508 1139 2552 Treviros
1165 2509 1316 2563 missa,
1341 2523 1484 2566 neque
1504 2505 1557 2548 ab
1581 2520 1625 2547 se
1647 2502 1780 2547 fidem

382 2585 526 2631 laesam
551 2605 559 2631 ε
592 2598 752 2648 petunt
776 2599 910 2649 atque
928 2599 1078 2645 orant,
1101 2599 1147 2633 ut
1173 2589 1255 2633 sibi
1275 2597 1446 2649 parcat,
1474 2601 1529 2629 ne
1552 2583 1780 2628 communi

383 2665 483 2710 odio
503 2669 833 2713 Germanorum
856 2671 1116 2713 innocentes
1132 2687 1213 2730 pro
1229 2667 1492 2712 nocentibus
1507 2682 1655 2727 poenas
1669 2680 1780 2726 pen-

384 2746 489 2789 dant
522 2765 529 2789 :
567 2750 600 2791 si
630 2749 819 2809 amplius
851 2750 1054 2794 obsidum
1088 2749 1213 2805 velit,
1245 2749 1347 2792 dare
1381 2746 1662 2807 pollicentur.
1693 2738 1781 2790 Go-
