1972 3356
358 251 432 299 298
589 248 628 282 C.
657 246 786 281 JULII
816 245 1032 280 CAESARIS
1063 245 1323 280 COMMENT.
1352 248 1495 282 LIBER

357 350 478 388 nam,
503 347 638 391 quum
658 331 748 391 jam
775 337 1096 390 repugnarent,
1119 338 1260 372 turres
1286 330 1339 372 ex'
1360 339 1481 390 parte
1499 340 1538 374 et
1557 347 1731 376 murum

354 421 637 474 occuparunt.
666 413 826 456 Denuo
847 409 1011 471 legatos
1035 408 1088 453 ad
1110 411 1321 455 Caesarem
1351 410 1554 468 mittunt,
1582 421 1629 456 ut
1653 413 1733 456 sibi

354 493 545 555 legiones
571 491 764 537 subsidio
790 492 1114 536 intromitteret.
1138 494 1232 535 Hoc
1257 508 1394 552 quum
1418 492 1736 536 animadverte-

355 574 661 619 renthomines
684 573 876 635 fugitivi,
898 572 1111 634 oppidum
1127 571 1360 616 incendere
1374 581 1612 633 coeperunt.
1643 573 1733 630 Qui

354 655 542 716 superati
563 671 587 698 a
609 655 770 699 nostris
798 663 899 698 sunt
925 652 1168 708 interfecti,
1197 651 1426 696 hominum
1451 651 1587 697 millia
1611 670 1706 697 xxn
1723 687 1735 709 ,

353 745 639 797 praeterquam
668 745 788 780 extra
812 751 989 778 murum
1014 734 1086 795 qui
1117 735 1356 795 perierunt.
1388 735 1455 777 Ita
1484 735 1627 778 Caesar
1655 750 1735 795 op-

353 815 456 877 pido
478 817 654 877 potitus.
677 818 794 861 Dum
812 816 882 860 hic
901 815 1149 871 detinetur,
1174 831 1224 858 ex
1247 812 1399 875 proelio
1422 831 1531 875 quos
1554 815 1737 859 circum-

354 897 546 940 munitos
569 897 769 958 superius
788 895 1202 950 demonstravimus,
1223 894 1498 955 eruptionem
1518 894 1735 951 fecerunt,

352 987 392 1020 et
419 976 529 1020 bene
557 975 704 1020 multis
730 975 968 1019 interfectis
992 1010 1002 1030 ‚
1029 976 1072 1018 in
1096 974 1306 1035 oppidum
1330 984 1432 1019 sunt
1458 974 1636 1019 redacti.

416 1059 606 1101 XXXV.
653 1058 798 1100 Caesar
828 1052 1042 1116 Hispalim
1079 1071 1213 1115 quum
1252 1054 1570 1110 contendisset,
1607 1053 1735 1116 legati

351 1139 634 1199 deprecatum
679 1146 904 1181 venerunt.
936 1139 1003 1180 Ita
1047 1152 1183 1196 quum
1228 1134 1442 1196 oppidum
1486 1151 1577 1179 sese
1625 1136 1734 1179 tueri

352 1220 550 1275 dixisset,
591 1218 827 1263 Caninium
869 1216 1060 1278 legatum
1088 1233 1188 1260 cum
1229 1215 1428 1276 praesidio
1464 1216 1735 1259 intromittit.

350 1302 448 1360 Ipse
474 1309 615 1344 castra
637 1299 691 1343 ad
715 1297 926 1360 oppidum
947 1298 1085 1360 ponit.
1119 1300 1227 1341 Erat
1249 1296 1358 1340 bene
1384 1313 1593 1358 magnum
1621 1297 1736 1340 intra

351 1381 716 1441 Pompeianarum
744 1380 934 1440 partium
964 1378 1239 1439 praesidium,
1267 1377 1386 1438 quod
1414 1378 1597 1422 Caesaris
1624 1394 1735 1438 prae-

351 1461 508 1505 sidium
535 1470 755 1522 receptum
780 1459 1084 1521 indignaretur
1097 1458 1207 1502 clam
1227 1457 1459 1519 quemdam
1478 1456 1706 1502 Philonem
1725 1493 1737 1515 ,

352 1540 474 1585 illum
492 1576 503 1598 ‚
527 1542 600 1602 qui
625 1541 993 1601 Pompeianarum
1025 1540 1212 1600 partium
1233 1539 1380 1583 fuisset
1403 1538 1736 1583 defensoracer-

352 1623 501 1666 rimus.
531 1625 569 1666 ls
598 1631 686 1665 tota
715 1621 941 1665 Lusitania
968 1620 1220 1663 notissimus
1245 1629 1349 1663 erat.
1378 1621 1459 1663 Hic
1486 1619 1597 1663 clam
1625 1636 1737 1680 prae-

352 1701 459 1747 sidia
479 1701 749 1745 Lusitaniam
773 1700 1090 1761 proficiscitur,
1114 1708 1155 1742 et
1183 1698 1407 1744 Caecilium
1434 1699 1645 1760 Nigrum,
1666 1699 1739 1743 ho-

352 1784 510 1826 minem
521 1782 777 1836 barbarum,
791 1780 846 1823 ad
864 1782 1050 1822 Lenium
1068 1780 1297 1835 convenit3
1311 1780 1385 1839 qui
1401 1780 1512 1824 bene
1533 1795 1737 1841 magnam

352 1879 526 1905 manum
552 1861 864 1906 Lusitanorum
898 1859 1091 1903 haberet.
1135 1861 1306 1903 Rursus
1340 1860 1381 1903 in
1413 1860 1628 1921 Hispalim
1661 1876 1738 1920 op·

351 1942 503 2003 pidum
528 1941 671 1985 denuo
699 1950 830 1985 noctu
855 1956 934 2001 per
976 1957 1150 1984 murum
1192 1940 1402 2001 recipitur
1435 1958 1444 1983 :
1486 1940 1736 2001 praesidium

352 2021 590 2084 vigilesque
613 2020 846 2083 jugulant,
878 2029 1023 2082 portas
1050 2019 1352 2081 praecludunt,
1377 2020 1430 2064 de
1458 2021 1629 2082 integro
1657 2037 1738 2082 pu-

351 2120 484 2165 gnare
511 2112 752 2163 coeperunt.

413 2186 621 2229 XXXVI.
661 2186 781 2228 Dum
815 2184 906 2227 haec
940 2193 1179 2244 geruntur,
1208 2181 1336 2244 legati
1373 2180 1632 2227 carteienses
1666 2199 1734 2226 re-

352 2265 636 2317 nuntiarunt,
663 2263 781 2324 quod
822 2263 1079 2324 Pompeium
1124 2264 1167 2307 in
1210 2273 1467 2325 potestatem
1507 2263 1735 2307 haberent.

351 2344 483 2404 Quod
527 2354 628 2389 ante
675 2344 836 2389 Caesari
871 2352 1017 2404 portas
1052 2343 1391 2404 praeclusissent,
1422 2342 1495 2388 illo
1524 2342 1736 2387 beneficio

353 2443 480 2471 suum
522 2424 780 2469 maleficium
811 2423 1117 2468 existimabant
1154 2442 1198 2468 se
1230 2423 1497 2468 lucrifacere.
1536 2422 1732 2468 Lusitani

353 2505 519 2568 Hispali
540 2522 733 2567 pugnare
761 2503 882 2550 nullo
906 2514 1099 2565 tempore
1125 2504 1403 2549 desistebant.
1430 2503 1564 2562 Quod
1590 2506 1736 2549 Caesar

357 2604 489 2647 quum
517 2585 905 2640 animadverteret,
933 2585 966 2628 si
994 2585 1203 2646 oppidum
1235 2601 1389 2646 capere
1424 2582 1706 2629 contenderet
1730 2610 1740 2624 ,

357 2678 403 2711 ut
428 2667 624 2711 homines
654 2666 810 2728 perditi
838 2664 1143 2721 incenderent,
1169 2676 1207 2709 et
1241 2666 1395 2710 moenia
1424 2664 1615 2710 delerent
1640 2698 1650 2719 ‚
1681 2665 1740 2707 ita
