1972 3356
231 269 809 287 mmmmm
816 274 1631 292 mmmmWWWWWWWMQM³

519 481 593 548 C.
630 480 883 549 JULII
922 481 1339 552 CAESARIS

312 711 1540 807 COMMENTARIORUM

541 955 639 1011 DE
678 955 923 1011 BELLO
955 956 1281 1014 GALLICO

669 1162 852 1206 LIBER
890 1161 1129 1207 SEXTUS.

780 1388 1077 1400 *ᾧ

201 1594 240 1635 l.
268 1550 495 1636 lvlnms
527 1588 581 1632 de
617 1589 761 1633 causis
791 1590 969 1645 Caesar,
1001 1587 1217 1649 majorem
1246 1587 1407 1634 Galliae
1448 1601 1621 1637 motum

205 1679 486 1732 exspectans,
529 1686 607 1732 per
644 1671 707 1714 M.
745 1668 969 1727 Silanum,
1005 1671 1056 1715 C.
1094 1672 1339 1716 Antistium
1376 1673 1621 1734 Reginum,

202 1752 251 1794 T.
291 1752 519 1808 Sextium,
558 1750 755 1813 legatos,
784 1750 998 1796 dilectum
1034 1752 1198 1796 habere
1223 1754 1418 1797 instituit
1452 1771 1461 1797 ε
1491 1754 1621 1799 simul

199 1832 255 1876 ab
285 1835 367 1879 Cn.
407 1833 621 1894 Pompeio
651 1832 923 1895 proconsule
946 1834 1080 1894 petit,
1106 1836 1319 1894 quoniam
1347 1836 1439 1896 ipse
1463 1835 1518 1880 ad
1546 1853 1620 1880 ur-

200 1914 300 1958 bem
337 1932 439 1959 cum
481 1915 671 1976 imperio
697 1913 954 1975 reipublicae
988 1931 1121 1959 causa
1158 1927 1378 1971 maneret,
1422 1933 1531 1978 quos
1569 1935 1621 1962 ex

200 1994 428 2057 Cisalpina
484 1994 631 2041 Gallia
675 1993 869 2039 consulis
925 2005 1205 2040 sacramento
1254 1997 1517 2058 rogavisset,
1564 1999 1619 2043 ad

199 2078 324 2143 signa
354 2078 620 2133 convenire,
650 2087 692 2121 et
720 2076 775 2121 ad
803 2093 848 2120 se
879 2076 1101 2137 proficisci
1129 2077 1309 2138 juberet
1333 2094 1342 2121 z
1373 2080 1524 2139 magni
1552 2080 1619 2123 iu-

199 2170 360 2204 teresse
389 2159 522 2203 etiam
557 2160 602 2202 in
632 2157 854 2219 reliquum
890 2167 1066 2219 tempus
1096 2158 1151 2202 ad
1175 2159 1437 2219 opinionem
1461 2158 1618 2204 Galliae

206 2241 475 2296 existimans,
508 2249 651 2284 tantas
691 2239 832 2283 videri
862 2239 1001 2284 Italiae
1035 2239 1289 2296 facultates,
1322 2251 1399 2296 ut,
1435 2242 1470 2284 si
1509 2241 1617 2302 quid

196 2332 309 2367 esset
333 2323 379 2366 in
406 2319 522 2368 bello
551 2321 811 2366 detrimenti
842 2331 1098 2383 acceptum,
1132 2339 1222 2367 non
1253 2322 1386 2367 modo
1417 2323 1461 2366 id
1489 2323 1616 2367 brevi

195 2412 399 2465 tempore
438 2403 611 2460 sarciri,
653 2402 729 2447 sed
767 2400 902 2447 etiam
940 2403 1185 2465 majoribus
1227 2404 1437 2466 adaugeri
1476 2405 1614 2465 copiis

196 2495 355 2543 posset.
385 2484 522 2544 Quod
547 2501 687 2546 quum
715 2486 957 2546 Pompeius
985 2495 1029 2529 et
1052 2484 1309 2546 reipublicae
1339 2495 1381 2530 et
1408 2487 1614 2530 amicitiae

192 2567 440 2623 tribuisset,
464 2565 666 2611 celeriter
688 2566 891 2611 consecto
911 2583 990 2628 per
1008 2583 1111 2612 suos
1129 2566 1323 2624 delectu,
1347 2567 1489 2611 tribus
1510 2577 1614 2612 ante

189 2658 393 2693 exactam
429 2648 621 2693 hiemem
652 2658 696 2692 et
733 2649 987 2693 constitutis
1023 2659 1067 2694 et
1102 2648 1307 2693 adductis
1341 2648 1612 2713 legionibus,

191 2728 506 2791 duplicatoque
527 2747 681 2775 earum
703 2730 958 2774 cohortium
981 2747 1190 2787 numero,
1213 2749 1320 2793 quas
1337 2749 1439 2775 cum
1463 2733 1521 2790 Q.
1540 2732 1611 2775 Ti-
