1972 3356
571 249 640 284 DE
669 250 834 286 BELLO
865 251 1019 286 CIVILI
1048 249 1141 286 LIB.
1166 250 1238 285 111.
1534 252 1605 288 115

201 341 418 377 statuerat
440 350 529 378 non
558 351 648 380 esse
676 334 942 380 faciendum.
969 334 1337 397 Relinquebatur,
1363 346 1432 391 ut,
1459 347 1604 382 extre-

200 431 319 458 mam
345 415 566 460 rationem
593 415 697 460 belli
728 433 913 478 sequens
930 451 941 473 ,
971 433 1104 478 quam
1129 415 1345 479 plurimos
1373 417 1505 464 colles
1532 436 1606 464 oc-

199 506 408 558 cuparet,
438 506 482 542 et
510 513 644 559 quam
675 496 908 542 latissimas
935 499 1140 560 regiones
1165 499 1381 560 praesidiis
1410 512 1604 560 teneret,

200 580 472 641 Caesarisque
495 580 667 642 copias,
698 596 832 641 quam
860 581 1050 624 maxime
1074 592 1247 642 posset,
1276 582 1533 642 distineret3
1560 585 1605 629 id

199 661 320 723 quod
341 660 515 707 accidit.
539 659 741 707 Castellis
764 662 883 706 enim
907 677 1016 706 xxxv
1038 662 1233 718 effectis,
1258 680 1315 707 xv
1339 663 1476 709 millia
1504 682 1602 726 pas-

199 760 327 788 suum
360 743 406 787 in
441 743 634 787 circuitu
670 741 902 804 amplexus
923 778 934 799 ,
970 743 1056 788 hoc
1094 745 1238 805 spatio
1272 744 1601 806 pabulabatur3

198 823 426 885 multaque
451 833 577 869 erant
600 823 719 868 intra
744 840 845 868 eum
869 822 1017 869 locum
1042 841 1176 869 manu
1204 835 1323 882 sata,
1350 827 1512 887 quibus
1540 828 1604 872 in-

197 906 324 951 terim
348 905 552 967 jumenta
581 916 794 968 pasceret.
823 909 968 967 Atque
1001 916 1050 951 ut
1079 907 1218 952 nostri
1246 918 1482 970 perpetuas
1507 927 1603 955 mu-

197 987 386 1032 nitiones
411 987 658 1044 habebant,
684 987 1010 1050 perductasque
1035 1005 1087 1033 ex
1112 987 1302 1034 castellis
1329 991 1373 1034 in
1401 993 1603 1053 proxima

195 1069 397 1126 castella,
423 1087 479 1115 ne
505 1088 595 1132 quo
621 1070 719 1116 loco
741 1081 1026 1133 erumperent
1053 1073 1334 1134 Pompeiani,
1359 1083 1402 1117 et
1428 1083 1602 1118 nostros

195 1163 296 1216 post
330 1163 507 1216 tergum
545 1153 855 1211 adorirentur,
893 1156 954 1199 ita
990 1153 1053 1199 illi
1085 1156 1296 1200 interiore
1327 1157 1470 1217 spatio
1503 1173 1602 1219 per-

197 1245 350 1297 petuas
387 1236 661 1280 munitiones
698 1235 974 1291 efficiebant,
1006 1252 1059 1280 ne
1095 1253 1184 1298 quo
1221 1234 1317 1281 loco
1356 1239 1494 1282 nostri
1532 1239 1600 1282 in-

197 1327 335 1373 trare,
361 1327 495 1379 atque
521 1318 638 1380 ipsos
661 1335 684 1362 a
711 1328 836 1380 tergo
857 1319 1180 1363 circumvenire
1205 1328 1398 1380 possent.
1424 1319 1508 1364 Sed
1537 1318 1600 1363 illi

195 1400 406 1461 operibus
436 1400 700 1456 vincebant,
739 1399 859 1461 quod
893 1410 935 1444 et
970 1416 1158 1444 numero
1191 1399 1381 1444 militum
1421 1411 1602 1462 praesta-

194 1481 328 1538 bant,
356 1491 400 1525 et
430 1482 642 1525 interiore
668 1482 812 1542 spatio
843 1481 1062 1525 minorem
1092 1482 1329 1525 circuitum
1364 1481 1600 1526 habebant.

193 1564 306 1621 Quae
337 1580 475 1624 quum
502 1573 630 1607 erant
662 1562 757 1607 loca
794 1564 957 1608 Caesari
986 1562 1226 1624 capienda,
1253 1564 1332 1608 etsi
1363 1564 1602 1625 prohibere

199 1645 437 1707 Pompeius
466 1646 569 1690 totis
599 1646 737 1707 copiis
763 1656 808 1690 et
837 1645 1049 1691 dimicare
1075 1662 1165 1690 non
1190 1646 1505 1703 constituerat,
1536 1656 1600 1690 ta·

193 1745 294 1772 men
322 1729 412 1773 suis
442 1727 549 1773 locis
578 1729 832 1790 sagittarios
860 1727 1199 1789 funditoresque
1232 1728 1461 1785 mittebat,
1489 1745 1602 1790 quo·

198 1826 298 1854 rum
327 1826 538 1872 magnum
573 1810 766 1854 habebat
796 1826 1060 1864 numerum,
1088 1809 1309 1870 multique
1344 1827 1397 1854 ex
1435 1812 1598 1855 nostris

197 1890 570 1948 vulnerabantur3
594 1907 870 1953 magnusque
894 1891 1128 1935 incesserat
1152 1891 1285 1935 timor
1309 1893 1570 1953 sagittarum
1586 1927 1598 1948 ,

196 1982 328 2034 atque
356 1990 510 2018 omnes
543 1972 632 2018 fere
659 1971 821 2018 milites
853 1982 929 2017 aut
960 1989 1011 2016 ex
1039 1972 1228 2029 coactis,
1261 1983 1339 2017 aut
1367 1990 1419 2017 ex
1446 1983 1599 2018 cento-

196 2055 354 2110 nibus,
389 2065 465 2100 aut
499 2072 552 2100 ex
591 2056 721 2100 coriis
759 2056 960 2112 tunicas,
987 2065 1065 2100 aut
1105 2055 1340 2117 tegimenta
1373 2054 1599 2111 fecerant,

194 2137 356 2199 quibus
385 2137 470 2183 tela
497 2139 701 2183 vitarent.

260 2221 401 2266 XLV.
427 2222 477 2264 In
503 2219 775 2282 occupandis
799 2220 1011 2283 praesidiis
1032 2237 1193 2283 magna
1214 2220 1256 2263 vi
1280 2230 1466 2280 uterque
1489 2220 1599 2263 nite-

194 2303 346 2361 batur,
377 2305 544 2359 Caesar,
575 2314 626 2348 ut
656 2321 789 2366 quam
818 2304 1128 2366 angustissime
1163 2303 1423 2364 Pompeium
1458 2302 1600 2346 conti-

194 2395 339 2442 neret,
355 2386 615 2448 Pompeius,
633 2395 833 2448 utquam
855 2384 1072 2447 plurimos
1091 2383 1224 2430 colles
1250 2401 1383 2445 quam
1405 2382 1598 2428 maximo

193 2466 383 2513 circuitu
425 2477 691 2530 occuparet,
731 2468 972 2530 crebraque
1005 2468 1064 2512 ob
1101 2483 1198 2511 eam
1234 2483 1412 2512 causam
1445 2464 1600 2528 proelia

195 2548 373 2594 fiebant.
390 2552 443 2594 In
466 2550 534 2595 his
547 2567 685 2611 quum
702 2548 819 2612 legio
833 2551 1017 2596 Caesaris
1038 2567 1087 2596 lx
1103 2548 1359 2612 praesidium
1372 2547 1599 2609 quoddam

194 2634 518 2694 occupavisset,
540 2643 583 2678 et
604 2633 780 2678 munire
804 2634 1026 2696 coepisset,
1047 2634 1150 2678 huic
1175 2631 1272 2677 loco
1295 2631 1598 2694 propinquum

197 2722 239 2757 et
274 2716 546 2760 contrarium
577 2713 735 2761 collem
763 2717 1002 2778 Pompeius
1036 2715 1301 2778 occupavit,
1333 2723 1598 2774 nostrosque

1374 2794 1415 2839 8.
