1972 3356
548 255 614 291 DE
643 256 802 292 BELLO
831 256 1047 292 GALLICO
1076 256 1167 292 LIB.
1195 257 1237 290 V.
1522 269 1590 299 τιὴ

196 348 368 383 nostras
394 340 602 384 victorias
633 357 642 384 :
674 341 828 385 ardere
853 340 1072 397 Galliam,
1109 350 1175 384 tot
1207 340 1487 385 contumeliis
1521 358 1592 384 ac-

198 420 335 481 ceptis
357 421 435 465 sub
458 419 612 481 populi
635 422 807 465 romani
827 422 1063 481 imperium
1086 420 1338 476 redactam,
1364 421 1592 481 superiore

198 498 337 560 gioria
357 501 419 544 rei
442 500 643 545 militaris
657 502 883 544 exstincta.
907 503 1158 555 Postremo,
1177 501 1274 560 quis
1295 501 1380 545 hoc
1398 501 1480 545 sibi
1500 518 1594 562 per-

198 580 420 636 suaderet,
449 581 540 624 sine
569 590 689 624 certa
716 597 763 623 re
789 581 1094 642 Ambiorigem
1122 580 1177 624 ad
1203 581 1420 640 ejusmodi
1451 583 1594 626 consi-

197 658 306 703 lium
330 659 628 704 descendisse?
652 662 785 704 Suam
808 662 1070 705 sententiam
1094 662 1139 704 in
1162 670 1399 721 utramque
1423 671 1594 722 partem

196 757 288 784 esse
314 749 454 784 tutam
481 758 490 783 :
519 742 554 784 si
579 740 689 785 nihil
718 742 772 785 sit
796 741 968 796 durius,
997 740 1120 784 nullo
1150 740 1351 802 periculo
1372 741 1427 785 ad
1449 743 1595 802 proxi—

197 836 312 865 mam
344 819 563 882 legionem
600 831 911 882 perventuros3
945 823 978 865 si
1007 820 1153 867 Gallia
1182 823 1326 866 omnis
1352 839 1454 866 cum
1481 824 1594 867 Ger-

196 903 336 946 manis
360 903 630 959 consentiat,
656 919 790 946 unam
815 920 907 947 esse
931 903 977 945 in
1005 902 1230 947 celeritate
1256 904 1447 964 positam
1480 902 1596 947 salu-

198 993 301 1026 tem.
324 985 466 1027 Cottae
490 983 669 1044 quidem
696 993 827 1044 atque
855 1000 1030 1040 eorum,
1055 984 1130 1043 qui
1155 983 1461 1039 dissentirent,
1492 998 1595 1027 con-

197 1062 344 1108 silium
384 1081 517 1124 quem
557 1064 740 1107 haberet
777 1063 976 1108 exitum?
1011 1065 1056 1107 in
1086 1081 1174 1124 quo
1209 1065 1244 1108 si
1282 1082 1372 1109 non
1405 1081 1596 1126 praesens

197 1144 470 1206 periculum,
492 1156 536 1190 at
554 1155 671 1189 certe
695 1145 937 1206 longinqua
960 1145 1189 1189 obsidione
1213 1145 1348 1190 fames
1373 1155 1484 1190 esset
1504 1163 1598 1207 per-

196 1227 478 1271 timescenda.

260 1311 404 1353 XXX.
441 1311 534 1353 Hac
564 1311 607 1353 in
637 1320 872 1371 utramque
899 1321 1070 1371 partem
1095 1311 1394 1372 disputatione
1427 1312 1595 1366 habita,

196 1407 333 1451 quum
357 1406 381 1433 a
405 1391 538 1434 Cotta
568 1392 811 1451 primisque
839 1391 1070 1435 ordinibus
1097 1394 1257 1436 acriter
1285 1394 1593 1436 resisteretur:

196 1492 216 1512 «
239 1472 444 1527 Vincite,
474 1471 646 1531 inquit,
678 1472 712 1515 si
741 1472 800 1515 ita
830 1469 988 1529 vultis,
1017 1472 1232 1529 Sabinus,
1267 1481 1309 1515 et
1338 1472 1383 1516 id
1411 1471 1597 1516 clariore

197 1570 320 1610 voce,
346 1563 394 1597 ut
419 1569 578 1615 magna
602 1570 702 1614 pars
732 1552 922 1597 militum
951 1554 1179 1598 exaudiret
1208 1572 1217 1597 z
1247 1571 1392 1615 neque
1419 1555 1454 1598 is
1476 1571 1593 1609 sum,

197 1635 368 1695 inquit,
392 1635 467 1694 qui
499 1635 755 1696 gravissime
776 1652 826 1680 ex
845 1635 970 1679 vobis
1000 1638 1152 1679 mortis
1177 1635 1376 1697 periculo
1402 1646 1593 1680 terrear:

194 1716 239 1759 hi
260 1716 454 1777 sapient,
477 1726 520 1760 et
544 1717 578 1760 si
607 1716 784 1778 gravius
813 1716 920 1777 quid
950 1717 1178 1773 acciderit,
1208 1718 1283 1761 abs
1310 1728 1352 1761 te
1376 1720 1595 1762 rationem

194 1807 446 1858 reposcent:
467 1798 562 1857 qui,
588 1799 622 1841 si
644 1815 722 1858 per
742 1810 783 1841 te
801 1796 950 1855 iiceat,
972 1797 1219 1858 perendino
1238 1798 1308 1842 die
1326 1816 1427 1843 cum
1449 1801 1595 1860 proxi-

194 1879 277 1923 mis
305 1879 504 1922 hibernis
535 1879 789 1939 conjuncti,
825 1895 1108 1922 communem
1143 1895 1244 1922 cum
1276 1879 1457 1941 reliquis
1490 1879 1594 1924 belli

193 1976 343 2003 casum
364 1960 630 2014 sustineant,
654 1976 736 2002 nec
759 1959 907 2019 rejecti
930 1968 971 2002 et
999 1958 1179 2021 relegati
1204 1958 1336 2022 longe
1365 1962 1417 2004 ab
1441 1963 1594 2005 ceteris

194 2049 269 2084 aut
294 2039 412 2084 ferro
436 2050 514 2084 aut
537 2040 651 2084 fame
679 2041 911 2084 intereant.
932 2061 953 2082 n

259 2122 430 2165 XXXI.
442 2121 740 2183 Consurgitur
752 2138 801 2165 ex
817 2119 1021 2178 consili03
1035 2123 1419 2184 comprehendunt
1429 2134 1593 2168 utrum-

194 2220 279 2264 que
307 2212 348 2246 et
376 2212 531 2258 orant,
560 2220 656 2246 «ne
691 2220 767 2247 sua
794 2203 1064 2248 dissensione
1088 2214 1131 2247 et
1154 2205 1397 2264 pertinacia
1425 2222 1516 2249 rem
1547 2207 1590 2249 i11

193 2300 417 2327 summum
440 2282 686 2344 periculum
708 2283 927 2328 deducant
948 2302 956 2328 :
977 2284 1150 2329 facilem
1169 2301 1258 2329 esse
1277 2302 1388 2340 rem,
1405 2302 1477 2330 seu
1502 2304 1592 2330 ma-

194 2374 348 2421 neant,
373 2381 450 2408 seu
472 2364 831 2425 proficiscantur,
853 2367 887 2409 si
908 2365 1040 2410 modo
1064 2383 1201 2410 unum
1226 2383 1379 2410 omnes
1402 2368 1591 2412 sentiant

194 2463 243 2490 ac
265 2446 477 2507 probent2
497 2456 653 2490 contra
673 2447 718 2490 in
737 2446 1007 2492 dissensione
1030 2446 1197 2492 nullam
1221 2465 1265 2492 se
1288 2447 1474 2494 salutem
1496 2467 1591 2511 per-

194 2527 416 2587 spicere.»
442 2529 528 2571 Res
555 2526 854 2588 disputatione
883 2528 938 2572 ad
962 2529 1151 2573 mediam
1180 2538 1355 2573 noctem
1384 2530 1589 2591 perduci-

194 2618 280 2652 tur.
310 2608 509 2652 Tandem
539 2608 613 2652 dat
645 2611 775 2654 Cotta
803 2620 1030 2670 permotus
1060 2627 1215 2654 manus
1245 2628 1254 2652 :
1285 2620 1464 2672 superat
1491 2628 1588 2655 sen-

196 2690 331 2733 tentia
356 2690 506 2734 Sabini
533 2708 540 2733 :
570 2691 905 2751 pronuntiatur,
937 2692 1077 2753 prima
1107 2690 1203 2736 lucc
1231 2692 1369 2736 ituros
1395 2710 1402 2735 :
1429 2710 1588 2737 consu-
