1972 3356
370 227 441 262 108
577 227 615 262 C.
641 225 770 261 JULII
799 224 1016 260 CAESARIS
1048 224 1533 262 COMMENTARIORUM

365 311 456 354 (leae
491 319 667 353 statuas.
707 309 860 366 Quum
893 309 938 352 in
970 308 1119 353 fanum
1161 319 1340 354 ventum
1375 319 1511 364 esset,
1541 310 1748 356 adhibitis

365 389 668 451 compluribus
692 391 899 434 senatorii
923 390 1114 446 ordinis,
1135 407 1245 452 quos
1268 390 1558 435 advocaverat
1578 392 1750 453 Scipio,

364 470 520 515 litterae
549 472 588 515 ei
619 470 869 516 redduntur
896 488 920 515 a
951 472 1188 534 Pompeio,
1220 492 1240 514 α
1264 488 1384 516 mare
1413 473 1619 516 transisse
1650 488 1749 516 cum

364 551 611 614 legionibus
634 554 852 598 Caesarem
876 571 884 596 :
909 563 1169 615 properaret
1193 553 1249 598 ad
1271 570 1315 598 se
1339 570 1438 598 cum
1464 554 1655 598 exercitu
1679 570 1752 598 ve·

363 634 480 691 nire,
502 635 739 695 omniaque
762 635 1060 695 posthaberet.
1081 655 1102 676 »
1124 636 1204 679 His
1227 633 1385 680 litteris
1409 635 1618 696 acceptis,
1642 651 1752 696 quos

360 714 681 772 advocaverat,
709 715 892 760 dimittit
915 733 925 760 ε
953 717 1046 778 ipse
1072 717 1156 760 iter
1185 718 1229 760 in
1256 716 1564 761 Macedoniam
1597 732 1753 778 parare

364 797 543 857 incipit,
572 798 811 858 paucisque
849 807 950 859 post
990 797 1142 842 diebus
1181 808 1246 842 est
1273 797 1509 859 profectus.
1547 800 1650 842 Haec
1687 814 1753 842 res

361 877 550 938 ephesiae
577 879 773 939 pecuniae
799 877 984 923 salutem
1012 878 1172 924 attulit.

426 961 638 1003 XXXIV.
660 960 826 1015 Caesar,
848 961 1028 1004 Antonii
1057 962 1248 1004 exercitu
1280 962 1541 1022 conjuncto,
1567 960 1754 1005 deducta

362 1041 500 1084 Orico
524 1039 716 1101 legione,
738 1057 870 1100 quam
894 1040 1067 1085 tuendae
1087 1058 1175 1086 orae
1196 1044 1426 1087 maritimae
1447 1059 1577 1087 causa
1598 1059 1750 1104 posue-

362 1130 449 1177 rat,
471 1120 702 1164 tentandas
728 1121 807 1165 sibi
835 1122 1110 1182 provincias,
1133 1121 1397 1184 longiusque
1424 1123 1750 1184 procedendum

361 1202 658 1256 existimabat3
676 1212 718 1247 et
741 1219 880 1263 quum
903 1202 957 1246 ad
978 1220 1079 1247 eum
1106 1220 1158 1247 ex
1178 1203 1403 1248 Thessalia
1426 1203 1674 1265 AEtoliaque
1697 1203 1755 1248 le-

359 1283 447 1343 gati
478 1284 724 1341 venissent,
748 1285 822 1345 qui
849 1284 1053 1346 praesidio
1076 1287 1210 1330 misso
1240 1285 1576 1347 pollicerentur,
1602 1302 1752 1331 earum

359 1366 555 1425 gentium
586 1366 785 1410 civitates
811 1365 1027 1427 imperata
1053 1366 1266 1423 facturas,
1293 1370 1343 1412 L.
1367 1369 1567 1414 Cassium
1593 1369 1754 1430 Longi-

362 1462 467 1489 num
495 1463 595 1490 eum
621 1445 795 1508 legione
819 1448 1037 1504 tironum,
1061 1465 1158 1508 quae
1183 1448 1493 1510 appellabatur
1514 1465 1638 1494 xxvn
1654 1484 1665 1503 ,
1690 1459 1755 1493 at-

359 1543 445 1586 que
469 1526 692 1588 equitibus
716 1543 770 1572 cc
799 1527 843 1571 in
867 1527 1163 1584 Thessaliam;
1191 1532 1238 1574 C.
1267 1527 1508 1574 Calvisium
1539 1530 1752 1574 Sabinum

359 1625 460 1652 eum
483 1607 740 1653 cohortibus
760 1625 787 1652 v
805 1610 1045 1671 paucisque
1067 1610 1291 1671 equitibus
1313 1611 1354 1653 in
1378 1610 1582 1656 AEtoliam
1608 1611 1726 1655 misit
1745 1628 1752 1652 :

360 1689 637 1751 maximeque
664 1707 761 1747 eos,
787 1691 906 1751 quod
931 1701 1056 1735 erant
1086 1693 1346 1753 propinquae
1375 1692 1601 1753 regiones,
1625 1691 1681 1736 de
1708 1708 1755 1735 re

359 1771 648 1815 frumentaria
670 1781 717 1815 ut
743 1771 1047 1832 providerent,
1071 1773 1274 1817 hortatus
1295 1782 1371 1816 est.
1394 1774 1478 1817 Cn.
1503 1773 1753 1817 Domitium

359 1850 592 1895 (lalvinum
622 1868 722 1895 cuni
751 1851 1000 1912 legionibus
1027 1852 1222 1908 duabus,
1252 1870 1298 1898 xi
1327 1863 1369 1897 et
1404 1870 1467 1898 xii
1486 1888 1497 1908 ,
1526 1863 1569 1897 et
1598 1854 1756 1914 equiti-

358 1932 439 1976 bus
466 1949 496 1977 ι)
525 1933 569 1976 in
597 1932 905 1978 Macedoniam
937 1932 1151 1995 proficisci
1175 1935 1300 1995 jubet
1324 1951 1333 1978 :
1359 1935 1485 1995 cujus
1513 1935 1755 1996 provinciae

358 2013 412 2057 ab
437 2030 487 2057 ea
517 2023 641 2075 parte
658 2049 669 2071 ,
697 2030 794 2074 quae
814 2013 976 2058 Libera
1003 2014 1270 2077 appellatur,
1294 2015 1605 2072 Menedemus,
1632 2016 1756 2077 prin-

358 2111 459 2156 ceps
482 2112 633 2140 earum
661 2096 918 2157 regionum,
946 2099 1103 2142 missus
1129 2096 1323 2159 legatuS‚
1349 2099 1548 2142 omnium
1572 2113 1754 2142 suorum

359 2175 575 2221 excellens
602 2177 798 2222 studium
828 2177 1133 2238 profitebatur.

423 2259 609 2302 XXXV.
636 2261 700 2303 Ex
727 2259 793 2303 his
815 2258 1054 2315 Calvisius,
1079 2262 1225 2322 primo
1247 2262 1441 2307 adventu
1467 2279 1638 2307 summa
1664 2277 1756 2305 om-

359 2341 481 2384 nium
512 2339 760 2385 AEtolorum
788 2352 990 2403 receptus
1026 2343 1281 2401 voluntate,
1313 2345 1526 2406 praesidiis
1554 2345 1756 2390 adversa-

360 2422 527 2465 riorum
550 2421 777 2483 Calydone
802 2432 844 2467 et
867 2423 1102 2486 Naupacto
1127 2425 1320 2486 rejectis,
1346 2428 1466 2471 omni
1491 2424 1651 2471 AEtolia
1677 2442 1756 2487 po-

360 2504 464 2547 titus
493 2513 569 2546 est.
600 2505 778 2548 Cassius
813 2504 856 2547 in
891 2504 1163 2550 Thessaliam
1204 2524 1304 2551 cum
1339 2506 1511 2569 legione
1541 2506 1752 2568 pervenit.

359 2585 441 2627 llic
467 2601 606 2644 quum
634 2595 776 2629 essent
807 2584 1017 2630 factiones
1043 2587 1166 2644 duze,
1198 2589 1316 2632 varia
1349 2586 1576 2632 voluntate
1600 2588 1754 2631 civita·

361 2674 452 2708 tuin
498 2665 714 2710 utebatur.
760 2668 1083 2728 Hegesarctos,
1128 2669 1286 2713 veteris
1329 2669 1462 2712 homo
1513 2669 1755 2729 potentiae,
