1972 3356
334 260 407 298 224
544 257 583 290 C.
615 257 740 292 JULII
770 256 987 292 CAESARIS
1017 257 1508 294 COMMENTARIORUM

331 336 587 393 contulisse,
620 337 867 398 complures
896 356 986 383 esse
1016 340 1237 400 principes
1267 339 1372 383 belli
1400 351 1619 398 auctores,
1650 342 1721 385 sed

329 419 658 465 multitudinem
703 423 893 466 maxime
937 424 1102 466 Correo
1149 422 1476 482 obtemperare,
1523 423 1640 482 quod
1686 425 1721 466 ei

327 517 500 544 summo
531 518 623 545 esse
651 501 754 545 odio
786 519 949 545 nomen
980 501 1132 562 populi
1180 503 1352 546 romani
1383 501 1723 555 intellexissent;

325 581 475 640 paucis
503 591 604 625 ante
636 581 788 626 diebus
819 599 871 626 ex
902 583 970 626 his
1004 583 1159 626 castris
1187 583 1441 626 Atrebatem
1470 583 1721 627 Commium

324 660 591 718 discessisse,
615 662 671 706 ad
694 662 855 706 auxilia
878 664 1209 707 Germanorum
1233 662 1515 719 adducenda,
1535 679 1724 723 quorum

323 753 364 785 et
394 743 597 787 vicinitas
623 745 893 804 propinqua,
925 754 968 787 et
992 743 1231 788 multitudo
1255 754 1367 788 esset
1396 743 1597 799 infinita3
1623 760 1726 788 con-

323 824 514 867 stituisse
533 834 681 868 autem
697 824 972 881 Bellovacos,
994 826 1193 868 omnium
1213 825 1464 885 principum
1489 829 1724 880 consensu,

323 920 493 947 summa
523 904 662 964 plebis
695 905 956 966 cupiditate,
991 906 1047 961 si,
1082 915 1131 949 ut
1163 905 1415 962 dicebatur,
1445 907 1591 949 Caesar
1624 922 1724 949 cum

322 985 462 1028 tribus
493 984 740 1046 legionibus
767 987 954 1040 veniret,
984 985 1144 1029 offerre
1171 1002 1214 1029 se
1239 985 1292 1028 ad
1323 985 1650 1043 dimicandum,
1671 1003 1725 1030 ne

321 1065 547 1108 miseriore
571 1081 620 1107 ac
644 1065 823 1108 duriore
843 1074 994 1125 postea
1016 1065 1271 1108 conditione
1291 1082 1390 1108 cum
1416 1075 1509 1109 toto
1528 1067 1723 1110 exercitu

321 1144 544 1189 decertare
579 1155 870 1207 cogerentur,
907 1147 940 1189 si
980 1146 1170 1206 majores
1202 1146 1350 1206 copias
1387 1156 1562 1206 ageret,
1596 1147 1640 1189 in
1673 1164 1724 1190 eo

321 1224 416 1269 loco
450 1242 712 1286 permanere
749 1243 880 1287 quem
910 1225 1195 1288 delegissent,
1227 1225 1513 1286 pabulatione
1547 1236 1724 1282 autem,

320 1322 416 1366 quae
453 1316 638 1367 propter
677 1308 781 1350 anni
821 1317 994 1368 tempus
1030 1324 1168 1367 quum
1215 1309 1371 1368 exigua
1412 1316 1505 1350 tum
1544 1307 1725 1367 disjecta

319 1397 451 1443 esset,
483 1400 527 1432 et
554 1387 899 1432 frumentatione
927 1398 968 1432 et
994 1387 1166 1449 reliquo
1192 1398 1442 1432 commeatu
1472 1405 1525 1431 ex
1552 1387 1722 1431 insidiis

320 1469 555 1528 prohibere
577 1471 816 1513 Romanos.

386 1550 509 1593 VIII.
539 1551 651 1607 Quae
677 1552 822 1594 Caesar
851 1550 1232 1594 consentientibus
1262 1549 1462 1611 pluribus
1491 1567 1629 1610 quum
1656 1567 1726 1594 co-

320 1631 560 1691 gnovisset,
592 1640 724 1691 atque
764 1647 815 1674 ea
844 1647 939 1691 quae
977 1639 1338 1691 proponerentur
1375 1629 1556 1674 consilia
1592 1629 1724 1691 plena

319 1711 565 1771 prudentiae
607 1710 826 1772 longeque
863 1728 885 1754 a
928 1712 1176 1755 temeritate
1216 1711 1511 1755 barbarorum
1552 1722 1722 1755 remota

319 1808 410 1836 esse
437 1791 681 1852 judicaret,
713 1792 842 1835 rebus
868 1792 1074 1835 omnibus
1102 1792 1432 1835 inserviendum
1457 1793 1610 1836 statuit
1633 1809 1723 1852 quo

318 1871 501 1916 celerius
525 1872 692 1930 hostes,
716 1882 971 1933 contempta
1003 1889 1186 1916 suorum
1214 1873 1464 1933 paucitate,
1490 1872 1724 1933 prodirent

316 1954 359 1996 in
381 1954 534 1997 aciem.
558 1952 803 2015 Singularis
818 1954 936 1997 enim
956 1953 1134 1997 virtutis
1149 1954 1408 1997 veterrimas
1427 1951 1622 2014 legiones
1638 1970 1722 2010 vn,

315 2050 396 2078 v111
422 2044 463 2078 et
483 2050 529 2079 lx
550 2035 759 2091 habebat3
785 2051 965 2078 summae
989 2035 1079 2096 spei
1105 2033 1371 2096 delectaeque
1388 2035 1634 2095 juventutis
1652 2051 1722 2091 xl,

315 2133 431 2176 quae,
458 2125 617 2160 octavo
639 2117 730 2177 jam
759 2116 982 2176 stipendio
1006 2116 1175 2172 functa,
1199 2126 1347 2159 tamen
1368 2113 1606 2160 collatione
1627 2114 1723 2159 reli-

315 2213 506 2257 quarum
541 2197 742 2241 nondum
773 2196 973 2241 eamdem
1003 2197 1232 2241 vetustatis
1261 2213 1311 2240 ac
1338 2197 1515 2240 virtutis
1545 2207 1723 2258 ceperat

313 2278 584 2338 opinionem.
614 2281 790 2338 Itaque,
817 2276 1005 2322 concilio
1033 2277 1265 2334 advocato,
1297 2277 1426 2321 rebus
1456 2278 1508 2321 iis
1537 2294 1633 2339 quae
1663 2277 1718 2321 ad

312 2375 356 2403 se
379 2369 525 2403 essent
549 2358 703 2403 delatae
727 2359 933 2403 omnibus
958 2360 1192 2420 expositis,
1216 2359 1388 2403 animos
1416 2358 1718 2403 multitudinis

312 2439 560 2484 confirmat.
588 2442 633 2484 Si
653 2440 766 2484 forte
785 2439 932 2484 hostes
956 2443 1091 2483 trium
1113 2438 1338 2500 legionum
1363 2457 1550 2484 numero
1571 2449 1717 2500 posset

312 2520 468 2565 elicere
509 2521 564 2564 ad
592 2520 914 2576 dimicandum,
947 2521 1136 2582 agminis
1165 2520 1366 2564 ordinem
1399 2522 1457 2564 ita
1487 2520 1717 2563 constituit

314 2611 360 2644 ut
395 2600 510 2664 legio
544 2618 635 2659 vn,
672 2595 783 2659 viu,
816 2619 863 2646 lx
894 2612 996 2645 ante
1033 2603 1180 2646 onmia
1218 2605 1333 2645 irent
1372 2600 1716 2661 impedimenta3

313 2681 473 2727 deinde
508 2685 709 2728 omnium
748 2682 1173 2744 impedimentorum
1203 2700 1358 2744 agmen
1393 2681 1537 2743 (quod
1569 2691 1714 2725 tamen
