1972 3356
289 294 335 338 54
483 302 522 335 C.
559 300 689 335 JULII
719 300 935 335 CAESAms
963 298 1446 334 COMMENTARIORUM

287 393 387 422 vare
430 391 633 441 cuperet,
671 381 853 441 paulum
896 382 1090 426 hostium
1127 382 1316 442 impetus
1350 380 1544 424 tardatus
1584 385 1659 419 est.

348 461 509 504 XXVI.
547 462 713 519 Caesar,
734 478 869 522 quum
900 463 1130 524 septimam
1158 460 1399 523 legionem,
1423 475 1518 520 quae
1539 458 1662 519 juxta

283 539 558 597 constiterat,
581 541 688 585 item
710 543 858 604 urgeri
881 543 934 587 ab
959 544 1085 587 hoste
1108 542 1305 599 vidisset,
1330 541 1531 586 tribunos
1552 540 1662 604 mili-=

284 628 377 661 tum
402 621 593 678 monuit,
620 632 669 666 ut
691 621 902 683 paulatim
927 640 1017 667 sese
1045 621 1238 684 legiones
1265 623 1606 683 conjungerent,
1625 626 1666 661 et

284 715 493 744 conversa
514 701 639 763 signa
657 703 703 746 in
716 703 864 747 hostes
885 702 1108 747 inferrent.
1128 703 1230 760 Quo
1253 702 1367 747 facto
1381 716 1542 761 ,quum
1559 696 1668 744 alius

285 779 357 824 alii
397 780 642 826 subsidium
674 781 863 837 ferrent,
903 798 1046 842 neque
1082 786 1313 835 timerent,
1347 797 1400 824 ne
1435 780 1575 822 aversi
1614 781 1665 823 ad

287 859 411 905 hoste
431 862 877 919 circumvenirentur,
898 861 1106 906 audacius
1126 861 1324 905 resistere
1343 876 1392 903 ac
1414 858 1571 902 fortius
1593 875 1666 919 pu-

287 957 420 1003 gnare
443 953 681 1004 coeperunt.
707 943 892 988 Interim
915 941 1074 987 milites
1098 941 1321 1003 legionum
1347 939 1556 995 duarum,
1578 954 1674 998 quae

290 1021 334 1064 in
354 1022 593 1067 novissimo
609 1024 782 1084 agmine
801 1022 1000 1083 praesidio
1020 1020 1344 1083 impedimentis
1360 1019 1553 1076 fuerant,
1568 1034 1674 1079 proe-

290 1099 349 1145 lio
374 1104 600 1156 nuntiato,
626 1120 758 1147 cursu
779 1103 984 1154 incitato,
1006 1103 1049 1146 in
1077 1118 1249 1146 summo
1272 1099 1382 1144 colle
1402 1100 1455 1144 ab
1478 1100 1677 1143 hostibus

291 1183 689 1243 conspiciebantur.
724 1185 780 1227 Et
811 1186 860 1227 T.
889 1183 1128 1237 Labienus,
1158 1182 1309 1225 castris
1340 1181 1535 1224 hostium
1565 1182 1678 1241 poti-

291 1270 380 1318 tus,
404 1272 449 1305 et
474 1279 525 1306 ex
553 1261 652 1307 loco
680 1265 924 1324 superiore,
949 1280 1044 1323 quae
1068 1279 1136 1306 res
1167 1263 1209 1306 in
1240 1262 1400 1305 nostris
1424 1262 1578 1305 castris
1605 1277 1679 1322 ge-

292 1351 515 1396 rerentur,
542 1343 842 1404 conspicatus,
871 1343 1086 1387 decimam
1114 1341 1332 1404 legionem
1360 1340 1553 1385 subsidio
1581 1358 1681 1385 nos-

295 1421 372 1465 tris
395 1422 525 1466 misit.
551 1424 664 1481 Qui,
687 1440 825 1484 quum
850 1441 901 1468 ex
925 1424 1124 1484 equitum
1149 1432 1191 1467 et
1213 1421 1417 1466 calonum
1440 1422 1568 1484 fuga,
1595 1439 1683 1484 quo

296 1502 339 1544 in
363 1500 461 1546 loco
485 1519 553 1547 res
581 1513 718 1560 esset,
741 1513 997 1564 quantoque
1020 1504 1065 1547 in
1093 1502 1289 1564 periculo
1309 1513 1352 1546 ct
1369 1513 1511 1547 castra
1526 1538 1537 1560 ,
1558 1512 1600 1547 et
1624 1501 1683 1546 le-

295 1583 470 1644 giones,
497 1593 542 1628 et
567 1585 808 1645 imperator
837 1592 1105 1640 versaretur,
1137 1584 1469 1645 cognovissent,
1495 1582 1603 1627 nihil
1631 1583 1685 1627 ad

297 1662 564 1708 celeritatem
586 1665 668 1708 sibi
692 1663 850 1724 reliqui
869 1665 1079 1709 fecerunt.

361 1747 548 1791 XXVII.
574 1748 747 1789 Horum
765 1745 958 1790 adventu
988 1755 1109 1790 tanta
1135 1762 1284 1790 rerum
1313 1745 1603 1789 commutatio
1625 1754 1686 1788 est

301 1825 432 1882 facta,
463 1836 511 1870 ut
549 1827 709 1883 nostri,
741 1827 874 1870 etiam
906 1827 982 1887 qui
1013 1825 1268 1870 vulneribus
1305 1825 1493 1869 confecti
1532 1841 1690 1885 procu-

301 1907 520 1961 buissent,
543 1907 676 1951 scutis
700 1907 858 1963 innixi,
880 1905 1085 1967 proelium
1108 1906 1481 1968 redintegrarent3
1506 1915 1599 1949 tum
1624 1921 1690 1949 ca-

305 1985 446 2043 lones,
476 1989 733 2048 perterritos
770 1988 917 2031 hostes
949 1988 1212 2048 conspicati,
1241 1988 1372 2031 etiam
1401 1988 1591 2031 inermes
1623 2003 1691 2031 ar-

305 2066 432 2110 matis
460 2077 768 2123 occurrerent,
795 2069 963 2128 equites
992 2084 1117 2123 vero,
1147 2077 1195 2112 ut
1225 2067 1545 2128 turpitudinem
1578 2067 1693 2129 fugae

307 2148 469 2193 virtute
495 2147 693 2193 delerent
709 2184 721 2207 ,
751 2149 957 2193 omnibus
981 2150 1026 2193 in
1054 2149 1159 2194 locis
1188 2166 1347 2211 pugnae
1374 2166 1418 2193 se
1444 2148 1692 2211 legionariis

309 2229 520 2276 militibus
540 2231 810 2292 praeferrent.
834 2234 889 2276 At
908 2231 1074 2286 hostes,
1096 2232 1226 2275 etiam
1246 2232 1291 2275 in
1315 2241 1510 2276 extrema
1533 2247 1607 2291 spe
1630 2247 1693 2274 sa-

309 2309 430 2367 lutis,
455 2320 622 2356 tantam
644 2313 853 2357 virtutem
875 2312 1192 2372 praestiterunt,
1219 2321 1286 2369 ut,
1311 2328 1449 2372 quum
1474 2311 1604 2372 primi
1622 2326 1693 2354 eo-

310 2407 408 2434 rum
435 2392 711 2450 cecidissent,
746 2394 935 2455 proximi
964 2393 1213 2455 jacentibus
1251 2393 1528 2449 insisterent,
1563 2401 1695 2452 atquc

313 2488 363 2515 ex
387 2488 540 2517 eorum
563 2476 821 2536 corporibus
843 2485 1113 2538 pugnarent;
1139 2475 1206 2519 his
1235 2474 1432 2536 dejectis,
1455 2483 1499 2517 et
1521 2489 1695 2516 coacer-

317 2552 423 2595 vatis
453 2554 753 2613 cadaveribus,
784 2557 861 2617 qui
895 2567 1195 2618 superessent,
1225 2566 1274 2600 ut
1302 2573 1354 2599 ex
1383 2552 1574 2609 tumulo,
1611 2552 1697 2597 tcla

316 2630 359 2672 in
398 2643 568 2677 nostros
597 2637 888 2696 conjicerent,
925 2648 968 2681 et
999 2637 1085 2699 pila
1123 2639 1364 2696 intercepta
1397 2635 1695 2690 remitterent3

316 2716 363 2748 ut
388 2723 475 2751 non
502 2715 796 2775 nequidquam
826 2727 953 2761 tantae
977 2719 1148 2762 virtutis
1181 2717 1377 2760 hominos
1400 2714 1587 2775 jiulicari
1623 2715 1695 2758 ‹le-
