1972 3356
249 272 298 308 68
461 275 499 310 C.
531 274 657 310 JULII
688 272 905 329 CAESARIS
936 270 1417 306 COMMENTARIORUM

248 369 401 402 tennas
436 356 491 401 ad
525 355 663 399 malos
696 354 993 411 destinabant,
1030 353 1335 414 comprehensi
1372 352 1642 411 adductique

248 448 396 491 erant,
431 437 606 497 navigio
639 436 771 479 remis
807 435 989 478 incitato
1014 433 1439 495 praerumpebantur.
1465 433 1640 490 Quibus

247 517 442 571 abscisis,
465 525 669 560 antennae
692 515 937 559 necessario
957 513 1266 570 concidebant,
1291 523 1358 569 ut,
1387 528 1523 573 quum
1553 528 1642 555 om-

247 598 313 641 nis
337 595 518 641 Gallicis
541 596 727 641 navibus
751 613 847 657 spes
875 596 920 639 in
946 594 1054 639 velis
1077 594 1451 654 armamentisque
1475 594 1641 638 consis-

247 687 384 734 teret,
409 678 476 721 his
506 677 690 738 ereptis,
715 677 859 721 omnis
883 692 984 721 usus
1006 677 1187 719 navium
1212 692 1301 718 uno
1330 685 1531 736 tempore
1555 675 1640 718 eri·

247 767 439 819 peretur.
456 757 697 818 Reliquum
715 766 809 801 erat
829 766 1050 800 certamen
1070 757 1263 816 positum
1286 756 1327 798 in
1350 757 1535 811 virtute,
1553 771 1640 815 qua

247 838 387 883 nostri
413 837 573 882 milites
603 836 728 882 facile
761 837 1046 898 superabant,
1084 846 1217 896 atque
1248 852 1300 879 eo
1329 836 1493 896 magis,
1518 835 1638 895 quod

246 920 291 963 in
317 928 556 980 conspectu
586 919 768 962 Caesaris
796 927 927 978 atque
951 917 1094 961 omnis
1119 917 1334 961 exercitus
1360 932 1428 960 res
1458 915 1638 977 gereba-

245 1010 336 1056 tur,
369 1009 418 1043 ut
438 998 610 1044 nullum
635 997 767 1059 paulo
794 997 950 1042 fortius
979 997 1144 1042 factum
1171 996 1304 1041 latere
1332 1007 1482 1058 posset
1509 1014 1517 1040 z
1541 1013 1637 1040 om-

245 1096 322 1124 nes
347 1081 464 1124 enim
486 1078 618 1123 colles
641 1095 690 1122 ac
714 1077 808 1122 loca
834 1079 1080 1140 superiora,
1106 1077 1222 1122 unde
1247 1087 1339 1121 erat
1361 1078 1639 1139 propinquus

245 1161 474 1223 despectus
498 1161 542 1203 in
566 1176 706 1216 mare,
737 1160 790 1203 ab
816 1161 1011 1203 exercitu
1037 1159 1314 1203 tenebantur.

310 1243 407 1286 XV.
437 1241 659 1302 DejectiS,
692 1251 741 1284 ut
768 1240 982 1296 diximus,
1018 1240 1249 1294 antennis,
1283 1256 1419 1299 quum
1446 1238 1639 1300 singulas

245 1323 357 1366 binae
380 1338 429 1366 ac
458 1331 592 1366 ternae
619 1338 750 1365 naves
780 1321 1186 1375 circumsteterant,
1215 1319 1374 1364 milites
1399 1337 1571 1364 summa
1599 1322 1639 1364 vi

247 1401 555 1447 transcendere
578 1402 624 1444 in
644 1402 839 1445 hostium
855 1417 986 1445 naves
1010 1400 1351 1444 contendebant.
1371 1401 1504 1458 Quod
1522 1411 1641 1462 post-

246 1500 379 1545 quam
399 1482 577 1526 barbari
596 1481 689 1526 fieri
709 1481 1137 1538 animadverterunt,
1162 1483 1422 1543 expugnatis
1441 1481 1640 1543 complu-

244 1564 367 1608 ribus
384 1563 589 1619 navibus‚
613 1579 750 1623 quum
769 1563 807 1605 ei
826 1563 889 1605 rei
914 1561 1086 1606 nullum
1110 1563 1377 1623 reperiretur
1400 1561 1610 1606 auxilium
1626 1599 1637 1616 ,

245 1645 347 1706 fuga
377 1642 561 1689 salutem
584 1653 732 1705 petere
756 1642 1080 1686 contenderunt
1107 1660 1116 1686 :
1138 1659 1209 1699 ac,
1228 1644 1320 1704 jam
1347 1644 1568 1687 conversis
1594 1644 1636 1687 in

244 1742 340 1769 eam
379 1735 547 1786 partem
582 1725 788 1780 navibus,
820 1740 908 1784 quo
938 1733 1095 1768 ventus
1122 1723 1306 1780 ferebat,
1340 1733 1463 1768 tanta
1493 1724 1638 1768 subito

244 1804 428 1850 malacia
458 1823 507 1849 ac
543 1804 841 1866 tranquillitas
869 1805 1058 1860 exstitit,
1091 1814 1141 1848 ut
1173 1821 1216 1848 sc
1251 1821 1302 1847 ex
1331 1803 1426 1848 loco
1460 1821 1637 1849 movere

244 1903 332 1931 non
351 1896 541 1948 possent.
568 1888 680 1944 Quae
704 1885 881 1946 quidem
906 1902 973 1929 res
987 1884 1043 1928 ad
1067 1887 1293 1946 negotium
1314 1884 1635 1929 conficiendum

242 1968 432 2012 maxime
457 1967 539 2010 fuit
565 1976 818 2027 opportuna
848 1983 856 2008 τ
882 1981 983 2008 nam
1009 1964 1203 2027 singulas
1232 1966 1371 2009 nostri
1395 1967 1634 2010 consectati

242 2057 629 2109 expugnaverunt,
665 2056 714 2090 ut
752 2063 980 2107 perpaucae
1013 2062 1064 2089 ex
1101 2047 1221 2089 omni
1251 2062 1462 2099 numero,
1495 2048 1636 2091 noctis

243 2130 515 2184 interventu,
549 2127 603 2171 ad
633 2138 796 2171 terram
830 2127 1130 2187 pervenerint,
1166 2143 1303 2186 quum
1332 2127 1384 2170 ab
1415 2126 1523 2171 hora
1546 2127 1634 2172 fere

242 2218 397 2268 quarta
424 2225 562 2269 usque
585 2207 639 2251 ad
666 2207 768 2251 solis
796 2223 1000 2251 occasum
1029 2217 1315 2268 pugnaretur.

305 2291 424 2334 XVI.
464 2290 566 2347 Quo
601 2286 757 2349 proelio
793 2286 957 2331 bellum
990 2290 1264 2331 Venetorum
1300 2289 1521 2349 totiusque
1549 2305 1634 2332 orae

241 2370 471 2413 maritimae
507 2369 756 2413 confectum
794 2378 870 2412 est.
912 2369 1026 2414 Nam
1063 2384 1200 2427 quum
1235 2369 1377 2412 omnis
1404 2369 1633 2428 juventus,

241 2466 392 2494 omnes
415 2451 547 2494 etiam
574 2450 787 2511 gravioris
812 2450 972 2505 aetatis,
1001 2449 1045 2492 in
1071 2449 1229 2509 quibus
1267 2447 1433 2509 aliquid
1461 2447 1630 2492 consilii

241 2540 316 2574 aut
339 2530 564 2591 diguitatis
590 2529 698 2585 fuit,
728 2546 779 2574 eo
808 2538 1132 2583 convenerant;
1162 2539 1254 2573 tum
1272 2563 1282 2583 ,
1307 2529 1485 2572 navium
1513 2529 1631 2589 quod

244 2610 404 2671 ubique
425 2610 585 2665 fuerat,
607 2627 745 2655 unum
766 2611 810 2653 in
829 2609 976 2654 locum
995 2619 1253 2671 coegerant:
1271 2608 1429 2669 quibus
1444 2609 1631 2664 amissis,

244 2687 426 2749 reliqui,
452 2707 594 2751 neque
619 2708 705 2750 quo
727 2708 770 2734 se
796 2691 1065 2750 reciperent,
1092 2705 1233 2749 neque
1257 2687 1631 2748 quemadmodum
