<?xml version="1.0" encoding="UTF-8"?>
<!DOCTYPE html PUBLIC "-//W3C//DTD XHTML 1.0 Transitional//EN"
    "http://www.w3.org/TR/xhtml1/DTD/xhtml1-transitional.dtd">
<html xmlns="http://www.w3.org/1999/xhtml" xml:lang="en" lang="en">
 <head>
  <title>
</title>
<meta http-equiv="Content-Type" content="text/html;charset=utf-8" />
  <meta name='ocr-system' content='tesseract 3.04.00' />
  <meta name='ocr-capabilities' content='ocr_page ocr_carea ocr_par ocr_line ocrx_word'/>
</head>
<body>
  <div class='ocr_page' id='page_1' title='image "./operajoh0102caesuoft_0484.png"; bbox 0 0 1972 3356; ppageno 0'>
   <div class='ocr_carea' id='block_1_1' title="bbox 425 280 1546 332">
    <p class='ocr_par' dir='ltr' id='par_1_1' title="bbox 425 280 1546 332">
     <span class='ocr_line' id='line_1_1' title="bbox 425 280 1546 332; baseline -0.006 -10"><span class='ocrx_word' id='word_1_1' title='bbox 425 287 493 332; x_wconf 80' lang='lat'>178</span> <span class='ocrx_word' id='word_1_2' title='bbox 645 284 684 319; x_wconf 92' lang='lat' dir='ltr'>C.</span> <span class='ocrx_word' id='word_1_3' title='bbox 712 283 838 318; x_wconf 88' lang='lat' dir='ltr'>JULII</span> <span class='ocrx_word' id='word_1_4' title='bbox 866 280 1084 316; x_wconf 84' lang='lat' dir='ltr'><strong>CAESARIS</strong></span> <span class='ocrx_word' id='word_1_5' title='bbox 1115 280 1372 315; x_wconf 84' lang='lat' dir='ltr'><strong>COMMENT.</strong></span> <span class='ocrx_word' id='word_1_6' title='bbox 1404 281 1546 315; x_wconf 85' lang='lat' dir='ltr'><strong>LIBER</strong></span> 
     </span>
    </p>
   </div>
   <div class='ocr_carea' id='block_1_2' title="bbox 418 361 1797 2735">
    <p class='ocr_par' dir='ltr' id='par_1_2' title="bbox 418 361 1797 1699">
     <span class='ocr_line' id='line_1_2' title="bbox 419 361 1785 426; baseline -0.001 -14"><span class='ocrx_word' id='word_1_7' title='bbox 419 367 701 426; x_wconf 82' lang='lat' dir='ltr'>Ciliciamque</span> <span class='ocrx_word' id='word_1_8' title='bbox 714 365 839 409; x_wconf 88' lang='lat' dir='ltr'>initio</span> <span class='ocrx_word' id='word_1_9' title='bbox 853 362 955 408; x_wconf 89' lang='lat' dir='ltr'>belli</span> <span class='ocrx_word' id='word_1_10' title='bbox 971 362 1240 407; x_wconf 80' lang='lat' dir='ltr'>alexandrini</span> <span class='ocrx_word' id='word_1_11' title='bbox 1256 361 1309 406; x_wconf 93' lang='lat' dir='ltr'>ad</span> <span class='ocrx_word' id='word_1_12' title='bbox 1328 361 1487 406; x_wconf 85' lang='lat' dir='ltr'>auxilia</span> <span class='ocrx_word' id='word_1_13' title='bbox 1511 367 1762 410; x_wconf 88' lang='lat' dir='ltr'>arcessenda</span> <span class='ocrx_word' id='word_1_14' title='bbox 1775 402 1785 421; x_wconf 82' lang='lat'>,</span> 
     </span>
     <span class='ocr_line' id='line_1_3' title="bbox 419 441 1788 507; baseline -0.001 -17"><span class='ocrx_word' id='word_1_15' title='bbox 419 461 594 507; x_wconf 83' lang='lat' dir='ltr'>magnas</span> <span class='ocrx_word' id='word_1_16' title='bbox 619 445 765 505; x_wconf 88' lang='lat' dir='ltr'>copias</span> <span class='ocrx_word' id='word_1_17' title='bbox 792 445 924 504; x_wconf 90' lang='lat' dir='ltr'>(quas</span> <span class='ocrx_word' id='word_1_18' title='bbox 949 441 1163 497; x_wconf 68' lang='lat' dir='ltr'>celeriter,</span> <span class='ocrx_word' id='word_1_19' title='bbox 1197 451 1240 486; x_wconf 90' lang='lat' dir='ltr'>et</span> <span class='ocrx_word' id='word_1_20' title='bbox 1272 442 1608 502; x_wconf 86' lang='lat' dir='ltr'>propensissima</span> <span class='ocrx_word' id='word_1_21' title='bbox 1638 444 1788 489; x_wconf 85' lang='lat' dir='ltr'>civita·</span> 
     </span>
     <span class='ocr_line' id='line_1_4' title="bbox 418 521 1790 584; baseline -0.001 -15"><span class='ocrx_word' id='word_1_22' title='bbox 418 537 510 569; x_wconf 81' lang='lat' dir='ltr'>tuin</span> <span class='ocrx_word' id='word_1_23' title='bbox 536 524 778 582; x_wconf 88' lang='lat' dir='ltr'>voluntate,</span> <span class='ocrx_word' id='word_1_24' title='bbox 804 534 846 568; x_wconf 91' lang='lat' dir='ltr'>et</span> <span class='ocrx_word' id='word_1_25' title='bbox 869 541 945 568; x_wconf 89' lang='lat' dir='ltr'>sua</span> <span class='ocrx_word' id='word_1_26' title='bbox 971 521 1216 584; x_wconf 83' lang='lat' dir='ltr'>diligentia,</span> <span class='ocrx_word' id='word_1_27' title='bbox 1244 521 1511 582; x_wconf 77' lang='lat' dir='ltr'>confecerat)</span> <span class='ocrx_word' id='word_1_28' title='bbox 1539 522 1692 567; x_wconf 89' lang='lat' dir='ltr'>itinere</span> <span class='ocrx_word' id='word_1_29' title='bbox 1718 541 1790 584; x_wconf 92' lang='lat' dir='ltr'>pe-</span> 
     </span>
     <span class='ocr_line' id='line_1_5' title="bbox 419 600 1789 666; baseline -0.001 -17"><span class='ocrx_word' id='word_1_30' title='bbox 419 605 573 661; x_wconf 88' lang='lat' dir='ltr'>destri,</span> <span class='ocrx_word' id='word_1_31' title='bbox 615 621 702 666; x_wconf 90' lang='lat' dir='ltr'>quo</span> <span class='ocrx_word' id='word_1_32' title='bbox 728 605 1010 665; x_wconf 85' lang='lat' dir='ltr'>conjungitur</span> <span class='ocrx_word' id='word_1_33' title='bbox 1038 604 1246 664; x_wconf 83' lang='lat' dir='ltr'>AEgyptus</span> <span class='ocrx_word' id='word_1_34' title='bbox 1279 602 1430 662; x_wconf 87' lang='lat' dir='ltr'>Syriae,</span> <span class='ocrx_word' id='word_1_35' title='bbox 1462 600 1682 646; x_wconf 89' lang='lat' dir='ltr'>Pelusium</span> <span class='ocrx_word' id='word_1_36' title='bbox 1713 603 1789 647; x_wconf 85' lang='lat' dir='ltr'>ad-</span> 
     </span>
     <span class='ocr_line' id='line_1_6' title="bbox 420 680 1791 746; baseline -0.002 -17"><span class='ocrx_word' id='word_1_37' title='bbox 420 685 543 729; x_wconf 82' lang='lat' dir='ltr'>duxit</span> <span class='ocrx_word' id='word_1_38' title='bbox 563 703 572 728; x_wconf 90' lang='lat'><strong>:</strong></span> <span class='ocrx_word' id='word_1_39' title='bbox 592 685 721 745; x_wconf 90' lang='lat' dir='ltr'>idque</span> <span class='ocrx_word' id='word_1_40' title='bbox 735 684 965 746; x_wconf 84' lang='lat' dir='ltr'>oppidum,</span> <span class='ocrx_word' id='word_1_41' title='bbox 982 682 1108 726; x_wconf 78' lang='lat' dir='ltr'>firmo</span> <span class='ocrx_word' id='word_1_42' title='bbox 1126 681 1324 743; x_wconf 80' lang='lat' dir='ltr'>praesidio</span> <span class='ocrx_word' id='word_1_43' title='bbox 1337 690 1595 742; x_wconf 89' lang='lat' dir='ltr'>occupatum</span> <span class='ocrx_word' id='word_1_44' title='bbox 1614 680 1791 726; x_wconf 81' lang='lat' dir='ltr'>Achillae</span> 
     </span>
     <span class='ocr_line' id='line_1_7' title="bbox 421 762 1792 826; baseline -0.003 -16"><span class='ocrx_word' id='word_1_45' title='bbox 421 775 596 826; x_wconf 87' lang='lat' dir='ltr'>propter</span> <span class='ocrx_word' id='word_1_46' title='bbox 619 764 991 826; x_wconf 79' lang='lat' dir='ltr'>opportunitatem</span> <span class='ocrx_word' id='word_1_47' title='bbox 1014 762 1096 806; x_wconf 88' lang='lat' dir='ltr'>loci</span> <span class='ocrx_word' id='word_1_48' title='bbox 1119 762 1331 824; x_wconf 85' lang='lat' dir='ltr'>(namque</span> <span class='ocrx_word' id='word_1_49' title='bbox 1355 771 1443 805; x_wconf 84' lang='lat' dir='ltr'>tota</span> <span class='ocrx_word' id='word_1_50' title='bbox 1470 763 1681 823; x_wconf 85' lang='lat' dir='ltr'>AEgyptus</span> <span class='ocrx_word' id='word_1_51' title='bbox 1708 779 1792 806; x_wconf 88' lang='lat' dir='ltr'>ma-</span> 
     </span>
     <span class='ocr_line' id='line_1_8' title="bbox 420 840 1790 903; baseline -0.001 -16"><span class='ocrx_word' id='word_1_52' title='bbox 420 845 566 889; x_wconf 91' lang='lat' dir='ltr'>ritimo</span> <span class='ocrx_word' id='word_1_53' title='bbox 591 860 765 889; x_wconf 88' lang='lat' dir='ltr'>accessu</span> <span class='ocrx_word' id='word_1_54' title='bbox 793 844 957 899; x_wconf 88' lang='lat' dir='ltr'>Pharo,</span> <span class='ocrx_word' id='word_1_55' title='bbox 986 842 1174 903; x_wconf 87' lang='lat' dir='ltr'>pedestri</span> <span class='ocrx_word' id='word_1_56' title='bbox 1200 840 1394 896; x_wconf 91' lang='lat' dir='ltr'>Pelusio,</span> <span class='ocrx_word' id='word_1_57' title='bbox 1421 840 1538 885; x_wconf 92' lang='lat' dir='ltr'>velut</span> <span class='ocrx_word' id='word_1_58' title='bbox 1569 841 1790 897; x_wconf 85' lang='lat' dir='ltr'>claustris,</span> 
     </span>
     <span class='ocr_line' id='line_1_9' title="bbox 421 921 1792 983; baseline -0.001 -15"><span class='ocrx_word' id='word_1_59' title='bbox 421 925 585 968; x_wconf 85' lang='lat' dir='ltr'>munita</span> <span class='ocrx_word' id='word_1_60' title='bbox 609 922 923 983; x_wconf 81' lang='lat' dir='ltr'>existimatur),</span> <span class='ocrx_word' id='word_1_61' title='bbox 958 931 1134 983; x_wconf 86' lang='lat' dir='ltr'>repente</span> <span class='ocrx_word' id='word_1_62' title='bbox 1171 922 1339 982; x_wconf 86' lang='lat' dir='ltr'>magnis</span> <span class='ocrx_word' id='word_1_63' title='bbox 1369 921 1683 966; x_wconf 88' lang='lat' dir='ltr'>circumdatum</span> <span class='ocrx_word' id='word_1_64' title='bbox 1720 938 1792 966; x_wconf 85' lang='lat' dir='ltr'>co-</span> 
     </span>
     <span class='ocr_line' id='line_1_10' title="bbox 421 1001 1792 1064; baseline -0.001 -16"><span class='ocrx_word' id='word_1_65' title='bbox 421 1004 523 1064; x_wconf 81' lang='lat' dir='ltr'>piis,</span> <span class='ocrx_word' id='word_1_66' title='bbox 565 1001 793 1063; x_wconf 85' lang='lat' dir='ltr'>multiplici</span> <span class='ocrx_word' id='word_1_67' title='bbox 836 1001 1032 1062; x_wconf 85' lang='lat' dir='ltr'>praesidio</span> <span class='ocrx_word' id='word_1_68' title='bbox 1067 1001 1347 1061; x_wconf 82' lang='lat' dir='ltr'>pertinaciter</span> <span class='ocrx_word' id='word_1_69' title='bbox 1392 1002 1792 1062; x_wconf 84' lang='lat' dir='ltr'>propugnantibus,</span> 
     </span>
     <span class='ocr_line' id='line_1_11' title="bbox 420 1080 1791 1144; baseline -0.001 -17"><span class='ocrx_word' id='word_1_70' title='bbox 420 1093 462 1127; x_wconf 88' lang='lat' dir='ltr'>et</span> <span class='ocrx_word' id='word_1_71' title='bbox 486 1084 711 1144; x_wconf 90' lang='lat' dir='ltr'>copiarum</span> <span class='ocrx_word' id='word_1_72' title='bbox 740 1080 1061 1142; x_wconf 85' lang='lat' dir='ltr'>magnitudine,</span> <span class='ocrx_word' id='word_1_73' title='bbox 1087 1096 1194 1140; x_wconf 86' lang='lat' dir='ltr'>quas</span> <span class='ocrx_word' id='word_1_74' title='bbox 1223 1081 1413 1141; x_wconf 84' lang='lat' dir='ltr'>integras</span> <span class='ocrx_word' id='word_1_75' title='bbox 1441 1080 1674 1124; x_wconf 88' lang='lat' dir='ltr'>vulneratis</span> <span class='ocrx_word' id='word_1_76' title='bbox 1715 1081 1791 1125; x_wconf 89' lang='lat' dir='ltr'>de-</span> 
     </span>
     <span class='ocr_line' id='line_1_12' title="bbox 420 1160 1795 1222; baseline -0.001 -16"><span class='ocrx_word' id='word_1_77' title='bbox 420 1162 626 1222; x_wconf 88' lang='lat' dir='ltr'>fessisque</span> <span class='ocrx_word' id='word_1_78' title='bbox 651 1160 927 1221; x_wconf 86' lang='lat' dir='ltr'>subjiciebat,</span> <span class='ocrx_word' id='word_1_79' title='bbox 952 1170 994 1203; x_wconf 90' lang='lat' dir='ltr'>et</span> <span class='ocrx_word' id='word_1_80' title='bbox 1021 1160 1341 1220; x_wconf 89' lang='lat' dir='ltr'>perseverantia</span> <span class='ocrx_word' id='word_1_81' title='bbox 1364 1160 1690 1220; x_wconf 86' lang='lat' dir='ltr'>constantiaque</span> <span class='ocrx_word' id='word_1_82' title='bbox 1722 1177 1795 1222; x_wconf 91' lang='lat' dir='ltr'>op-</span> 
     </span>
     <span class='ocr_line' id='line_1_13' title="bbox 421 1239 1793 1302; baseline -0.002 -17"><span class='ocrx_word' id='word_1_83' title='bbox 421 1240 641 1302; x_wconf 88' lang='lat' dir='ltr'>pugnandi</span> <span class='ocrx_word' id='word_1_84' title='bbox 664 1276 675 1296; x_wconf 91' lang='lat'>,</span> <span class='ocrx_word' id='word_1_85' title='bbox 701 1257 787 1301; x_wconf 91' lang='lat' dir='ltr'>quo</span> <span class='ocrx_word' id='word_1_86' title='bbox 811 1240 879 1284; x_wconf 90' lang='lat' dir='ltr'>die</span> <span class='ocrx_word' id='word_1_87' title='bbox 904 1249 966 1284; x_wconf 86' lang='lat' dir='ltr'>est</span> <span class='ocrx_word' id='word_1_88' title='bbox 990 1256 1236 1302; x_wconf 84' lang='lat' dir='ltr'>aggressus,</span> <span class='ocrx_word' id='word_1_89' title='bbox 1274 1240 1317 1283; x_wconf 91' lang='lat' dir='ltr'>in</span> <span class='ocrx_word' id='word_1_90' title='bbox 1357 1255 1477 1283; x_wconf 89' lang='lat' dir='ltr'>suam</span> <span class='ocrx_word' id='word_1_91' title='bbox 1516 1239 1680 1301; x_wconf 85' lang='lat' dir='ltr'>redegit</span> <span class='ocrx_word' id='word_1_92' title='bbox 1714 1256 1793 1300; x_wconf 90' lang='lat' dir='ltr'>po-</span> 
     </span>
     <span class='ocr_line' id='line_1_14' title="bbox 422 1318 1795 1382; baseline -0.001 -16"><span class='ocrx_word' id='word_1_93' title='bbox 422 1330 636 1377; x_wconf 84' lang='lat' dir='ltr'>testatem,</span> <span class='ocrx_word' id='word_1_94' title='bbox 666 1320 1001 1382; x_wconf 86' lang='lat' dir='ltr'>praesidiumque</span> <span class='ocrx_word' id='word_1_95' title='bbox 1038 1319 1097 1363; x_wconf 87' lang='lat' dir='ltr'>ibi</span> <span class='ocrx_word' id='word_1_96' title='bbox 1136 1336 1262 1363; x_wconf 89' lang='lat' dir='ltr'>suum</span> <span class='ocrx_word' id='word_1_97' title='bbox 1298 1318 1540 1363; x_wconf 89' lang='lat' dir='ltr'>collocavit.</span> <span class='ocrx_word' id='word_1_98' title='bbox 1578 1319 1705 1376; x_wconf 92' lang='lat' dir='ltr'>Inde,</span> <span class='ocrx_word' id='word_1_99' title='bbox 1749 1337 1795 1364; x_wconf 86' lang='lat' dir='ltr'>re</span> 
     </span>
     <span class='ocr_line' id='line_1_15' title="bbox 423 1399 1797 1462; baseline 0 -18"><span class='ocrx_word' id='word_1_100' title='bbox 423 1401 531 1445; x_wconf 88' lang='lat' dir='ltr'>bene</span> <span class='ocrx_word' id='word_1_101' title='bbox 554 1411 694 1462; x_wconf 85' lang='lat' dir='ltr'>gesta,</span> <span class='ocrx_word' id='word_1_102' title='bbox 718 1399 1025 1446; x_wconf 85' lang='lat' dir='ltr'>Alexandriam</span> <span class='ocrx_word' id='word_1_103' title='bbox 1046 1399 1099 1444; x_wconf 89' lang='lat' dir='ltr'>ad</span> <span class='ocrx_word' id='word_1_104' title='bbox 1122 1403 1337 1445; x_wconf 83' lang='lat' dir='ltr'>Caesarem</span> <span class='ocrx_word' id='word_1_105' title='bbox 1359 1399 1584 1444; x_wconf 86' lang='lat' dir='ltr'>contendit</span> <span class='ocrx_word' id='word_1_106' title='bbox 1598 1434 1610 1457; x_wconf 93' lang='lat'>,</span> <span class='ocrx_word' id='word_1_107' title='bbox 1631 1416 1797 1444; x_wconf 87' lang='lat' dir='ltr'>omnes-</span> 
     </span>
     <span class='ocr_line' id='line_1_16' title="bbox 422 1479 1796 1542; baseline 0 -18"><span class='ocrx_word' id='word_1_108' title='bbox 422 1498 504 1540; x_wconf 87' lang='lat' dir='ltr'>que</span> <span class='ocrx_word' id='word_1_109' title='bbox 528 1497 597 1524; x_wconf 90' lang='lat' dir='ltr'>eas</span> <span class='ocrx_word' id='word_1_110' title='bbox 622 1481 838 1542; x_wconf 83' lang='lat' dir='ltr'>regiones,</span> <span class='ocrx_word' id='word_1_111' title='bbox 867 1496 944 1539; x_wconf 86' lang='lat' dir='ltr'>per</span> <span class='ocrx_word' id='word_1_112' title='bbox 969 1496 1076 1539; x_wconf 89' lang='lat' dir='ltr'>quas</span> <span class='ocrx_word' id='word_1_113' title='bbox 1102 1480 1183 1523; x_wconf 89' lang='lat' dir='ltr'>iter</span> <span class='ocrx_word' id='word_1_114' title='bbox 1206 1479 1407 1534; x_wconf 87' lang='lat' dir='ltr'>faciebat,</span> <span class='ocrx_word' id='word_1_115' title='bbox 1434 1480 1694 1524; x_wconf 87' lang='lat' dir='ltr'>auctoritate</span> <span class='ocrx_word' id='word_1_116' title='bbox 1726 1497 1796 1536; x_wconf 90' lang='lat' dir='ltr'>ea,</span> 
     </span>
     <span class='ocr_line' id='line_1_17' title="bbox 423 1559 1796 1620; baseline -0.001 -16"><span class='ocrx_word' id='word_1_117' title='bbox 423 1575 516 1620; x_wconf 72' lang='lat' dir='ltr'>quac</span> <span class='ocrx_word' id='word_1_118' title='bbox 543 1560 798 1620; x_wconf 86' lang='lat' dir='ltr'>plerumque</span> <span class='ocrx_word' id='word_1_119' title='bbox 822 1559 942 1602; x_wconf 86' lang='lat' dir='ltr'>adest</span> <span class='ocrx_word' id='word_1_120' title='bbox 977 1559 1151 1614; x_wconf 88' lang='lat' dir='ltr'>victori,</span> <span class='ocrx_word' id='word_1_121' title='bbox 1185 1569 1379 1619; x_wconf 87' lang='lat' dir='ltr'>pacarat,</span> <span class='ocrx_word' id='word_1_122' title='bbox 1415 1569 1545 1618; x_wconf 89' lang='lat' dir='ltr'>atque</span> <span class='ocrx_word' id='word_1_123' title='bbox 1580 1560 1623 1603; x_wconf 86' lang='lat' dir='ltr'>in</span> <span class='ocrx_word' id='word_1_124' title='bbox 1656 1560 1796 1603; x_wconf 88' lang='lat' dir='ltr'>amici-</span> 
     </span>
     <span class='ocr_line' id='line_1_18' title="bbox 424 1637 988 1699; baseline 0 -18"><span class='ocrx_word' id='word_1_125' title='bbox 424 1639 526 1681; x_wconf 83' lang='lat' dir='ltr'>tiam</span> <span class='ocrx_word' id='word_1_126' title='bbox 550 1639 730 1683; x_wconf 77' lang='lat' dir='ltr'>Caesaris</span> <span class='ocrx_word' id='word_1_127' title='bbox 753 1637 988 1699; x_wconf 86' lang='lat' dir='ltr'>redegerat.</span> 
     </span>
    </p>

    <p class='ocr_par' dir='ltr' id='par_1_3' title="bbox 423 1717 1797 2735">
     <span class='ocr_line' id='line_1_19' title="bbox 488 1717 1797 1778; baseline 0.002 -17"><span class='ocrx_word' id='word_1_128' title='bbox 488 1719 669 1762; x_wconf 76' lang='lat' dir='ltr'>XXVII.</span> <span class='ocrx_word' id='word_1_129' title='bbox 713 1720 856 1761; x_wconf 88' lang='lat' dir='ltr'>Locus</span> <span class='ocrx_word' id='word_1_130' title='bbox 888 1727 950 1761; x_wconf 88' lang='lat' dir='ltr'>est</span> <span class='ocrx_word' id='word_1_131' title='bbox 993 1718 1079 1761; x_wconf 88' lang='lat' dir='ltr'>fere</span> <span class='ocrx_word' id='word_1_132' title='bbox 1117 1719 1343 1778; x_wconf 86' lang='lat' dir='ltr'>regionum</span> <span class='ocrx_word' id='word_1_133' title='bbox 1373 1717 1543 1762; x_wconf 86' lang='lat' dir='ltr'>illarum</span> <span class='ocrx_word' id='word_1_134' title='bbox 1583 1718 1797 1764; x_wconf 86' lang='lat' dir='ltr'>nobilissi-</span> 
     </span>
     <span class='ocr_line' id='line_1_20' title="bbox 425 1796 1794 1857; baseline 0.002 -17"><span class='ocrx_word' id='word_1_135' title='bbox 425 1815 539 1846; x_wconf 85' lang='lat' dir='ltr'>mus,</span> <span class='ocrx_word' id='word_1_136' title='bbox 562 1798 724 1840; x_wconf 88' lang='lat' dir='ltr'>nonita</span> <span class='ocrx_word' id='word_1_137' title='bbox 743 1796 871 1857; x_wconf 87' lang='lat' dir='ltr'>longe</span> <span class='ocrx_word' id='word_1_138' title='bbox 891 1797 944 1839; x_wconf 88' lang='lat' dir='ltr'>ab</span> <span class='ocrx_word' id='word_1_139' title='bbox 967 1796 1245 1851; x_wconf 86' lang='lat' dir='ltr'>Alexandria,</span> <span class='ocrx_word' id='word_1_140' title='bbox 1272 1798 1346 1857; x_wconf 92' lang='lat' dir='ltr'>qui</span> <span class='ocrx_word' id='word_1_141' title='bbox 1371 1798 1623 1842; x_wconf 89' lang='lat' dir='ltr'>nominatur</span> <span class='ocrx_word' id='word_1_142' title='bbox 1642 1798 1794 1852; x_wconf 88' lang='lat' dir='ltr'>Delta,</span> 
     </span>
     <span class='ocr_line' id='line_1_21' title="bbox 424 1875 1795 1938; baseline 0.001 -18"><span class='ocrx_word' id='word_1_143' title='bbox 424 1876 541 1936; x_wconf 84' lang='lat' dir='ltr'>quod</span> <span class='ocrx_word' id='word_1_144' title='bbox 570 1892 725 1920; x_wconf 87' lang='lat' dir='ltr'>nomen</span> <span class='ocrx_word' id='word_1_145' title='bbox 751 1893 775 1920; x_wconf 91' lang='lat' dir='ltr'>a</span> <span class='ocrx_word' id='word_1_146' title='bbox 795 1875 1078 1920; x_wconf 85' lang='lat' dir='ltr'>similitudine</span> <span class='ocrx_word' id='word_1_147' title='bbox 1098 1875 1250 1920; x_wconf 65' lang='lat' dir='ltr'>litterae.</span> <span class='ocrx_word' id='word_1_148' title='bbox 1267 1877 1381 1937; x_wconf 86' lang='lat' dir='ltr'>cepit</span> <span class='ocrx_word' id='word_1_149' title='bbox 1404 1894 1413 1920; x_wconf 77' lang='grc' dir='ltr'>ε</span> <span class='ocrx_word' id='word_1_150' title='bbox 1445 1894 1542 1921; x_wconf 88' lang='lat' dir='ltr'>nam</span> <span class='ocrx_word' id='word_1_151' title='bbox 1564 1894 1663 1938; x_wconf 89' lang='lat' dir='ltr'>pars</span> <span class='ocrx_word' id='word_1_152' title='bbox 1687 1895 1795 1938; x_wconf 84' lang='lat' dir='ltr'>quae-</span> 
     </span>
     <span class='ocr_line' id='line_1_22' title="bbox 424 1955 1797 2013; baseline 0.001 -13"><span class='ocrx_word' id='word_1_153' title='bbox 424 1957 519 2000; x_wconf 83' lang='lat' dir='ltr'>dam</span> <span class='ocrx_word' id='word_1_154' title='bbox 551 1955 740 2000; x_wconf 82' lang='lat' dir='ltr'>fluminis</span> <span class='ocrx_word' id='word_1_155' title='bbox 766 1955 881 2011; x_wconf 89' lang='lat' dir='ltr'>Nili,</span> <span class='ocrx_word' id='word_1_156' title='bbox 906 1957 1014 1999; x_wconf 84' lang='lat' dir='ltr'>mire</span> <span class='ocrx_word' id='word_1_157' title='bbox 1038 1955 1229 2000; x_wconf 88' lang='lat' dir='ltr'>derivata</span> <span class='ocrx_word' id='word_1_158' title='bbox 1257 1957 1370 2001; x_wconf 90' lang='lat' dir='ltr'>inter</span> <span class='ocrx_word' id='word_1_159' title='bbox 1393 1973 1456 2013; x_wconf 87' lang='lat' dir='ltr'>se,</span> <span class='ocrx_word' id='word_1_160' title='bbox 1477 1956 1647 2002; x_wconf 82' lang='lat' dir='ltr'>duobus</span> <span class='ocrx_word' id='word_1_161' title='bbox 1670 1958 1797 2002; x_wconf 89' lang='lat' dir='ltr'>itine-</span> 
     </span>
     <span class='ocr_line' id='line_1_23' title="bbox 423 2034 1796 2098; baseline 0.001 -19"><span class='ocrx_word' id='word_1_162' title='bbox 423 2036 543 2080; x_wconf 81' lang='lat' dir='ltr'>ribus</span> <span class='ocrx_word' id='word_1_163' title='bbox 583 2034 791 2097; x_wconf 83' lang='lat' dir='ltr'>paulatiin</span> <span class='ocrx_word' id='word_1_164' title='bbox 841 2035 1032 2079; x_wconf 86' lang='lat' dir='ltr'>medium</span> <span class='ocrx_word' id='word_1_165' title='bbox 1075 2037 1187 2080; x_wconf 84' lang='lat' dir='ltr'>inter</span> <span class='ocrx_word' id='word_1_166' title='bbox 1224 2053 1268 2080; x_wconf 88' lang='lat' dir='ltr'>se</span> <span class='ocrx_word' id='word_1_167' title='bbox 1304 2037 1489 2097; x_wconf 86' lang='lat' dir='ltr'>spatium</span> <span class='ocrx_word' id='word_1_168' title='bbox 1523 2037 1796 2098; x_wconf 91' lang='lat' dir='ltr'>relinquens,</span> 
     </span>
     <span class='ocr_line' id='line_1_24' title="bbox 425 2114 1797 2179; baseline 0.001 -20"><span class='ocrx_word' id='word_1_169' title='bbox 425 2115 716 2159; x_wconf 86' lang='lat' dir='ltr'>diversissimo</span> <span class='ocrx_word' id='word_1_170' title='bbox 746 2116 800 2159; x_wconf 88' lang='lat' dir='ltr'>ad</span> <span class='ocrx_word' id='word_1_171' title='bbox 839 2114 939 2159; x_wconf 89' lang='lat' dir='ltr'>litus</span> <span class='ocrx_word' id='word_1_172' title='bbox 971 2115 1200 2160; x_wconf 85' lang='lat' dir='ltr'>intervallo</span> <span class='ocrx_word' id='word_1_173' title='bbox 1234 2117 1339 2160; x_wconf 88' lang='lat' dir='ltr'>mari</span> <span class='ocrx_word' id='word_1_174' title='bbox 1379 2117 1672 2179; x_wconf 87' lang='lat' dir='ltr'>conjungitur.</span> <span class='ocrx_word' id='word_1_175' title='bbox 1712 2118 1797 2162; x_wconf 91' lang='lat' dir='ltr'>Cui</span> 
     </span>
     <span class='ocr_line' id='line_1_25' title="bbox 425 2194 1796 2258; baseline 0.003 -21"><span class='ocrx_word' id='word_1_176' title='bbox 425 2194 520 2239; x_wconf 86' lang='lat' dir='ltr'>loco</span> <span class='ocrx_word' id='word_1_177' title='bbox 548 2211 682 2256; x_wconf 88' lang='lat' dir='ltr'>quum</span> <span class='ocrx_word' id='word_1_178' title='bbox 711 2196 1060 2256; x_wconf 86' lang='lat' dir='ltr'>appropinquare</span> <span class='ocrx_word' id='word_1_179' title='bbox 1085 2195 1371 2240; x_wconf 83' lang='lat' dir='ltr'>Mithridaten</span> <span class='ocrx_word' id='word_1_180' title='bbox 1396 2213 1470 2240; x_wconf 86' lang='lat' dir='ltr'>rex</span> <span class='ocrx_word' id='word_1_181' title='bbox 1493 2197 1796 2258; x_wconf 87' lang='lat' dir='ltr'>cognovisset,</span> 
     </span>
     <span class='ocr_line' id='line_1_26' title="bbox 424 2275 1796 2338; baseline 0.001 -20"><span class='ocrx_word' id='word_1_182' title='bbox 424 2284 464 2318; x_wconf 89' lang='lat' dir='ltr'>et</span> <span class='ocrx_word' id='word_1_183' title='bbox 489 2275 805 2319; x_wconf 87' lang='lat' dir='ltr'>transeundum</span> <span class='ocrx_word' id='word_1_184' title='bbox 833 2275 869 2319; x_wconf 91' lang='lat' dir='ltr'>ei</span> <span class='ocrx_word' id='word_1_185' title='bbox 896 2275 1057 2318; x_wconf 85' lang='lat' dir='ltr'>flumen</span> <span class='ocrx_word' id='word_1_186' title='bbox 1081 2277 1210 2320; x_wconf 87' lang='lat' dir='ltr'>sciret</span> <span class='ocrx_word' id='word_1_187' title='bbox 1227 2311 1238 2333; x_wconf 95' lang='lat'>,</span> <span class='ocrx_word' id='word_1_188' title='bbox 1262 2292 1440 2338; x_wconf 84' lang='lat' dir='ltr'>magnas</span> <span class='ocrx_word' id='word_1_189' title='bbox 1463 2275 1667 2321; x_wconf 85' lang='lat' dir='ltr'>adversus</span> <span class='ocrx_word' id='word_1_190' title='bbox 1695 2293 1796 2320; x_wconf 87' lang='lat' dir='ltr'>eum</span> 
     </span>
     <span class='ocr_line' id='line_1_27' title="bbox 426 2353 1796 2417; baseline 0.002 -20"><span class='ocrx_word' id='word_1_191' title='bbox 426 2355 570 2414; x_wconf 89' lang='lat' dir='ltr'>copias</span> <span class='ocrx_word' id='word_1_192' title='bbox 590 2355 725 2409; x_wconf 88' lang='lat' dir='ltr'>misit,</span> <span class='ocrx_word' id='word_1_193' title='bbox 753 2354 910 2415; x_wconf 90' lang='lat' dir='ltr'>quibus</span> <span class='ocrx_word' id='word_1_194' title='bbox 934 2353 998 2398; x_wconf 92' lang='lat' dir='ltr'>vel</span> <span class='ocrx_word' id='word_1_195' title='bbox 1020 2356 1215 2417; x_wconf 87' lang='lat' dir='ltr'>superari</span> <span class='ocrx_word' id='word_1_196' title='bbox 1239 2355 1459 2417; x_wconf 90' lang='lat' dir='ltr'>delerique</span> <span class='ocrx_word' id='word_1_197' title='bbox 1481 2356 1769 2401; x_wconf 85' lang='lat' dir='ltr'>Mithridaten</span> <span class='ocrx_word' id='word_1_198' title='bbox 1785 2390 1796 2412; x_wconf 91' lang='lat'>,</span> 
     </span>
     <span class='ocr_line' id='line_1_28' title="bbox 427 2433 1796 2495; baseline 0.001 -18"><span class='ocrx_word' id='word_1_199' title='bbox 427 2433 490 2477; x_wconf 92' lang='lat' dir='ltr'>vel</span> <span class='ocrx_word' id='word_1_200' title='bbox 523 2434 613 2477; x_wconf 89' lang='lat' dir='ltr'>sine</span> <span class='ocrx_word' id='word_1_201' title='bbox 639 2434 773 2478; x_wconf 90' lang='lat' dir='ltr'>dubio</span> <span class='ocrx_word' id='word_1_202' title='bbox 805 2436 980 2478; x_wconf 89' lang='lat' dir='ltr'>retineri</span> <span class='ocrx_word' id='word_1_203' title='bbox 1013 2452 1135 2495; x_wconf 86' lang='lat' dir='ltr'>posse</span> <span class='ocrx_word' id='word_1_204' title='bbox 1164 2436 1377 2480; x_wconf 86' lang='lat' dir='ltr'>credebat.</span> <span class='ocrx_word' id='word_1_205' title='bbox 1416 2435 1796 2493; x_wconf 83' lang='lat' dir='ltr'>Quemadmodum</span> 
     </span>
     <span class='ocr_line' id='line_1_29' title="bbox 426 2513 1793 2573; baseline 0.001 -18"><span class='ocrx_word' id='word_1_206' title='bbox 426 2522 567 2556; x_wconf 88' lang='lat' dir='ltr'>autem</span> <span class='ocrx_word' id='word_1_207' title='bbox 591 2514 768 2573; x_wconf 87' lang='lat' dir='ltr'>optabat</span> <span class='ocrx_word' id='word_1_208' title='bbox 795 2530 892 2558; x_wconf 91' lang='lat' dir='ltr'>eum</span> <span class='ocrx_word' id='word_1_209' title='bbox 917 2514 1053 2570; x_wconf 89' lang='lat' dir='ltr'>vinci,</span> <span class='ocrx_word' id='word_1_210' title='bbox 1075 2515 1134 2558; x_wconf 88' lang='lat' dir='ltr'>sic</span> <span class='ocrx_word' id='word_1_211' title='bbox 1160 2515 1262 2558; x_wconf 89' lang='lat' dir='ltr'>satis</span> <span class='ocrx_word' id='word_1_212' title='bbox 1282 2515 1487 2571; x_wconf 89' lang='lat' dir='ltr'>habebat,</span> <span class='ocrx_word' id='word_1_213' title='bbox 1509 2513 1793 2558; x_wconf 88' lang='lat' dir='ltr'>interclusum</span> 
     </span>
     <span class='ocr_line' id='line_1_30' title="bbox 425 2592 1796 2655; baseline 0.001 -21"><span class='ocrx_word' id='word_1_214' title='bbox 425 2607 446 2633; x_wconf 86' lang='lat' dir='ltr'>a</span> <span class='ocrx_word' id='word_1_215' title='bbox 478 2594 643 2637; x_wconf 79' lang='lat' dir='ltr'>Caesare</span> <span class='ocrx_word' id='word_1_216' title='bbox 663 2610 685 2636; x_wconf 87' lang='lat' dir='ltr'>a</span> <span class='ocrx_word' id='word_1_217' title='bbox 709 2610 752 2637; x_wconf 92' lang='lat' dir='ltr'>se</span> <span class='ocrx_word' id='word_1_218' title='bbox 769 2594 956 2638; x_wconf 90' lang='lat' dir='ltr'>retineri.</span> <span class='ocrx_word' id='word_1_219' title='bbox 982 2593 1092 2650; x_wconf 78' lang='lat' dir='ltr'>Quae</span> <span class='ocrx_word' id='word_1_220' title='bbox 1116 2596 1264 2655; x_wconf 69' lang='lat' dir='ltr'>primae</span> <span class='ocrx_word' id='word_1_221' title='bbox 1284 2595 1417 2655; x_wconf 82' lang='lat' dir='ltr'>copiae</span> <span class='ocrx_word' id='word_1_222' title='bbox 1440 2593 1598 2637; x_wconf 84' lang='lat' dir='ltr'>flumen</span> <span class='ocrx_word' id='word_1_223' title='bbox 1621 2609 1644 2637; x_wconf 92' lang='lat' dir='ltr'>a</span> <span class='ocrx_word' id='word_1_224' title='bbox 1664 2592 1796 2638; x_wconf 90' lang='lat' dir='ltr'>Delta</span> 
     </span>
     <span class='ocr_line' id='line_1_31' title="bbox 427 2672 1794 2735; baseline 0.003 -23"><span class='ocrx_word' id='word_1_225' title='bbox 427 2674 629 2730; x_wconf 81' lang='lat' dir='ltr'>transire,</span> <span class='ocrx_word' id='word_1_226' title='bbox 670 2683 712 2716; x_wconf 86' lang='lat' dir='ltr'>et</span> <span class='ocrx_word' id='word_1_227' title='bbox 749 2673 992 2718; x_wconf 87' lang='lat' dir='ltr'>Mithridati</span> <span class='ocrx_word' id='word_1_228' title='bbox 1025 2690 1251 2718; x_wconf 86' lang='lat' dir='ltr'>occurrere</span> <span class='ocrx_word' id='word_1_229' title='bbox 1301 2683 1556 2734; x_wconf 86' lang='lat' dir='ltr'>potuerunt,</span> <span class='ocrx_word' id='word_1_230' title='bbox 1591 2672 1794 2735; x_wconf 85' lang='lat' dir='ltr'>proelium</span> 
     </span>
    </p>
   </div>
  </div>
 </body>
</html>
