1972 3356
610 233 677 268 DE
706 233 869 269 BELLo
900 235 1171 271 AFR1cANo.
1267 213 1271 215 ’
1512 238 1582 278 241

191 332 244 361 ex
271 317 358 361 tuis
386 317 615 362 cohortem
646 335 804 374 unam,
834 334 964 378 quam
994 329 1121 379 putas
1150 334 1241 362 esse
1270 317 1586 379 firmissimam,

192 407 235 442 et
262 399 481 443 constitue
509 409 662 443 contra
689 415 758 442 me
787 416 796 442 :
827 415 907 459 ego
935 409 1084 442 autem
1112 416 1165 442 ex
1190 399 1296 443 meis
1323 400 1587 446 commilito-

191 479 339 536 nibus,
369 496 479 540 quos
508 496 625 523 nunc
660 480 702 522 in
740 488 815 522 tua
849 488 971 521 tenes
1002 489 1239 539 potestate,
1272 497 1361 524 non
1401 481 1588 543 amplius

191 560 343 604 decem
371 576 540 604 sumam
569 577 578 603 :
609 569 714 602 tunc
746 574 798 601 ex
843 559 1001 601 virtute
1037 568 1185 602 nostra
1217 559 1452 622 intelliges,
1483 563 1587 623 quid

192 657 245 685 ex
274 641 361 685 tuis
390 641 527 701 copiis
555 655 731 701 sperare
757 638 927 682 debeas.
957 657 977 678 »

255 724 414 766 XLVI.
452 723 694 781 Postquam
722 720 813 764 haec
852 721 1053 764 centurio
1087 722 1289 781 praesenti
1324 723 1473 767 animo
1513 725 1589 768 ad-

190 819 338 848 versus
361 803 618 863 opinionem
642 801 736 860 ejus
773 809 836 844 est
870 799 1065 855 locutus,
1103 802 1166 845 ira
1192 803 1382 862 percitus
1418 805 1588 865 Scipio,

188 893 320 944 atque
345 883 478 926 animi
502 880 654 925 dolore
676 882 902 936 incensus,
924 883 1081 926 annuit
1104 884 1460 942 centurionibus,
1483 887 1589 946 quid

189 964 285 1008 fieri
309 962 466 1019 vellet3
493 973 625 1023 atque
649 973 751 1006 ante
780 962 910 1023 pedes
936 965 1238 1009 centurionem
1264 966 1492 1024 interficit,
1520 985 1590 1012 re-

189 1043 418 1106 liquosque
443 1053 670 1088 veteranos
691 1060 715 1087 a
736 1044 1090 1105 tironibusjubet
1106 1048 1288 1091 secerni.
1308 1066 1328 1088 ‹<
1345 1048 1589 1106 Abducite,

189 1126 352 1187 inquit,
382 1125 486 1170 istos
520 1124 687 1169 nefario
727 1124 888 1170 scelere
922 1128 1265 1184 contaminatos,
1286 1136 1340 1172 ‘et
1376 1129 1492 1175 caede
1530 1132 1590 1175 ci-

188 1208 309 1251 vium
331 1208 564 1269 saginatos.
591 1226 612 1249 »
635 1207 707 1251 Sic
730 1217 853 1251 extra
877 1206 1037 1251 vallum
1066 1207 1245 1252 deducti
1271 1220 1394 1266 sunt,
1418 1220 1459 1254 et
1487 1228 1589 1256 cru-

191 1287 407 1334 ciabiliter
442 1287 672 1332 interfecti.
719 1289 904 1333 Tirones
932 1299 1079 1333 autem
1103 1289 1228 1350 jubet
1257 1291 1370 1335 inter
1398 1290 1591 1353 legiones

191 1369 438 1431 dispertiri,
458 1379 500 1413 et
521 1369 776 1414 Cominium
795 1386 896 1414 cum
914 1369 1067 1414 Ticida
1092 1370 1135 1414 in
1157 1382 1442 1432 conspectum
1461 1389 1589 1417 suum

191 1450 396 1512 prohibet
422 1449 596 1494 adduci.
631 1451 733 1507 Qua
754 1467 807 1493 ex
830 1467 876 1494 re
899 1452 1044 1496 Caesar
1064 1462 1312 1496 commotus
1328 1487 1339 1510 ,
1355 1470 1452 1510 eos,
1480 1470 1591 1514 quos

192 1532 237 1575 in
261 1531 524 1576 stationibus
548 1548 649 1575 cum
674 1530 817 1592 longis
845 1532 1030 1576 navibus
1056 1532 1174 1593 apud
1195 1533 1422 1594 Thapsum
1449 1545 1594 1579 custo-

192 1612 273 1656 diae
297 1628 425 1656 causa
452 1613 495 1656 in
521 1610 612 1656 salo
642 1628 733 1656 esse
758 1612 972 1672 jusserat,
1003 1623 1051 1658 ut
1077 1615 1166 1657 suis
1197 1615 1410 1659 onerariis
1436 1614 1595 1676 longis-

191 1710 278 1754 que
302 1693 487 1737 navibus
518 1692 720 1755 praesidio
755 1703 925 1749 essent,
954 1694 1010 1738 ob
1051 1694 1363 1756 negligentiam
1406 1696 1594 1757 ignomi-

192 1775 275 1818 niae
302 1790 431 1818 causa
458 1773 743 1818 dimittendos
781 1774 835 1817 ab
865 1775 1084 1829 exercitu,
1124 1777 1522 1836 gravissimumque
1548 1778 1593 1820 in

194 1872 266 1899 eos
292 1855 484 1900 edictum
511 1855 850 1917 proponendum
878 1848 1064 1899 curavit.

259 1938 441 1982 XLVII.
468 1938 552 1981 Per
580 1936 621 1980 id
651 1947 826 1998 tempus
852 1936 941 1981 fere
965 1937 1149 1981 Caesaris
1176 1939 1387 1982 exercitui
1420 1955 1488 1982 res
1524 1955 1594 1983 ac-

196 2017 302 2063 cidit
326 2016 596 2062 incredibilis
619 2017 786 2062 auditu.
814 2019 1018 2077 Namque
1038 2016 1329 2079 Virgiliarum
1349 2019 1476 2080 signo
1498 2036 1597 2064 con-

196 2099 331 2155 fecto,
359 2099 533 2143 circiter
558 2097 706 2161 vigilia
736 2098 926 2143 secunda
952 2099 1112 2155 noctis,
1142 2099 1318 2144 nimbus
1345 2116 1445 2144 cum
1471 2117 1597 2145 saxea

203 2180 418 2243 grandine
446 2180 592 2224 subito
625 2190 690 2224 est
716 2190 894 2224 exortus
926 2181 1093 2242 ingens.
1131 2179 1199 2225 Ad
1231 2180 1315 2225 hoc
1350 2190 1496 2225 autem
1532 2182 1598 2225 in-

200 2262 482 2307 commodum
507 2273 772 2320 accesserat,
799 2263 917 2323 quod
941 2264 1088 2307 Caesar
1109 2280 1198 2307 non
1214 2297 1225 2319 ,
1252 2280 1374 2307 more
1400 2263 1599 2323 superio-

201 2361 301 2389 rum
318 2345 658 2406 imperatorum,
679 2345 725 2388 in
742 2344 939 2389 hibernis
959 2344 1201 2389 exercitum
1224 2344 1502 2398 continebat,
1523 2342 1600 2387 sed

201 2427 246 2470 in
272 2427 402 2470 tertio
429 2436 678 2487 quartoque
703 2425 799 2482 die,
824 2425 1102 2487 procedendo
1129 2426 1402 2487 propiusque
1428 2425 1599 2469 hostem

203 2506 478 2564 accedendo,
498 2517 637 2552 castra
659 2507 1012 2564 communiebat3
1033 2522 1255 2568 opereque
1273 2506 1496 2561 faciendo,
1520 2505 1603 2549 mi-

204 2586 300 2632 lites
325 2605 370 2632 se
399 2587 782 2648 circumspiciendi
815 2605 904 2632 non
941 2588 1162 2632 habebant
1189 2586 1458 2631 facultatem.
1487 2588 1603 2631 Prae-

206 2677 322 2713 terea
349 2670 408 2713 ita
423 2686 475 2713 ex
497 2669 645 2714 Sicilia
668 2669 909 2713 exercitum
932 2678 1336 2730 transportaverat,
1352 2679 1421 2724 ut,
1445 2676 1604 2729 praeter

403 2765 449 2793 11.
1366 2748 1420 2795 16
