1972 3356
50 3180 58 3356 ——z——.-
50 3084 54 3168 -
51 3043 53 3050 ,

619 263 685 297 DE
714 261 875 297 BELLO
904 260 1240 297 HISPANIENSI.
1549 259 1622 304 317

279 343 363 378 CAP.
387 342 575 378 LXXXV.
600 341 798 376 Neminem
817 352 898 376 esse
925 339 979 375 ibi
992 339 1193 388 praesidio.
1215 338 1411 387 Siquidem
1432 338 1627 383 Afranius,

227 405 376 453 Scipio,
394 405 583 453 ceterique
611 404 723 440 duces
751 403 988 450 aufugerint,
1015 410 1056 438 ut
1081 409 1185 450 patet
1210 415 1230 438 e
1253 416 1334 450 cap.
1355 416 1402 451 91
1429 410 1465 438 et
1485 403 1547 451 96.

278 469 363 506 Cap.
385 469 599 504 LXXXVI.
627 466 758 503 Coesar
777 465 883 500 trinis
909 465 1044 500 castris
1062 466 1217 512 potitus.
1245 467 1375 502 Castra
1402 465 1496 501 dicit
1518 466 1627 502 Afra-

227 530 301 574 nii,
327 530 450 571 Jubae,
470 529 671 577 Scipionis.

279 593 364 628 Cn».
396 593 624 628 LXXXVII.
655 592 819 639 Propter
843 589 1061 636 beneficium
1095 590 1191 637 legis
1225 590 1353 626 Julioe.
1383 591 1464 636 Qua
1492 589 1628 641 populi

226 654 338 690 liberi
369 655 482 702 plane
523 660 559 690 et
587 665 675 689 vere
705 659 813 689 erant
847 651 978 696 liberi,
1006 658 1100 687 teste
1124 651 1210 700 ipso
1237 652 1384 698 Tullio,
1410 654 1447 689 z'n
1473 655 1626 697 Piston„

225 730 305 765 cap.
337 718 395 753 16.

279 781 366 816 Cap.
388 781 639 816 LXXXVIII.
670 781 753 816 Una
779 793 861 815 cum
887 792 955 815 ccc
996 779 1105 815 Cives
1128 778 1300 827 intellige
1329 791 1533 827 romanos,
1564 779 1628 828 qui

225 850 472 879 mercaturam
499 843 537 877 in
563 842 690 878 Africa
717 842 923 890 gerebant,
939 849 975 879 et
1003 854 1166 890 quorum
1196 854 1311 890 opera
1333 843 1427 877 Cato
1442 843 1626 878 utebatur.

225 906 282 940 De
305 905 443 952 quibus
458 905 575 949 infra,
596 917 676 952 cap.
699 917 761 953 90.
786 905 840 940 Cf.
864 905 977 941 etiam
996 907 1237 949 memcn„
1265 904 1370 949 Cat.,
1395 903 1443 954 59
1464 912 1500 941 et
1520 905 1581 942 61.

276 969 318 1002 L.
343 968 498 1003 Coesan'.
519 969 558 1006 L.
587 968 690 1004 Julio
718 968 873 1013 Caesari,
898 976 1025 1017 partes
1044 967 1293 1016 Pompeianas
1313 969 1501 1016 amplexo.
1530 969 1629 1005 Vide

226 1031 322 1066 Bell.
349 1030 444 1075 Cio„
461 1031 526 1067 lib.
549 1045 582 1075 1,
609 1044 688 1079 cap.
719 1031 753 1067 8.

280 1093 365 1129 Cn.
397 1094 612 1130 LXXXIX.
635 1094 679 1140 Q.
704 1095 874 1143 Legario.
900 1096 1024 1141 Quem
1046 1094 1180 1131 Cicero
1206 1094 1348 1143 insigni
1374 1095 1548 1131 oratione
1563 1094 1628 1131 dc-

227 1154 368 1200 fendit,
387 1156 497 1203 hujus
527 1156 668 1204 Ligarii
697 1157 851 1193 fratrem
867 1185 876 1200 ‚
902 1158 950 1194 de
974 1170 1050 1206 quo
1080 1170 1214 1207 supra,
1238 1170 1318 1206 cap.
1342 1156 1402 1201 54.

281 1219 367 1254 CAP.
390 1218 528 1254 XCIII.
558 1220 799 1268 Domitiique.
827 1221 883 1255 De
919 1233 994 1268 quo
1017 1220 1105 1256 vide
1137 1234 1271 1269 supra,
1295 1233 1374 1269 cap.
1410 1220 1539 1256 86.-
1556 1220 1629 1256 Co-

221 1281 314 1328 pias
327 1281 375 1316 ab
403 1281 497 1317 Sz'tz'o
523 1294 605 1317 esse
635 1283 795 1318 deletas.
816 1283 867 1318 Ut
890 1296 1002 1331 supra
1031 1283 1214 1328 vidimus,
1243 1296 1324 1331 cap.
1347 1282 1421 1329 36,
1449 1283 1510 1326 [08.

280 1344 366 1379 CAP.
387 1344 506 1380 XCV.
530 1345 668 1380 Incidit
688 1346 725 1380 in
745 1347 938 1382 Faustum.
961 1347 1004 1382 L.
1026 1347 1247 1382 Cornelium
1273 1347 1416 1382 Sullam
1431 1348 1607 1383 Faustum
1623 1375 1631 1389 ‚

227 1406 274 1441 de
295 1419 370 1454 quo
398 1407 542 1442 mentio
569 1408 656 1453 fuit,
685 1410 783 1444 Bell.
812 1409 885 1446 Cio.
903 1437 914 1452 ‚
942 1409 1008 1445 lib.
1031 1423 1063 1454 1,
1096 1422 1176 1458 cap.
1199 1422 1235 1458 9.
1256 1411 1382 1445 Gener
1410 1416 1534 1445 autem
1555 1417 1631 1445 erat

229 1469 400 1517 Pompeii
421 1470 573 1518 Magni,
597 1469 772 1519 filiusque
798 1472 909 1507 Sullae
935 1472 1143 1509 dictatoris.

279 1532 365 1567 Cn.
391 1532 524 1569 XCVI.
554 1533 677 1578 Quum
704 1534 938 1582 Hispaniam
965 1543 1147 1583 peterent.
1174 1535 1281 1570 Tunc
1316 1534 1417 1570 enim
1448 1536 1633 1584 temporis

229 1595 266 1629 in
300 1595 482 1643 Hispania
517 1596 689 1644 Pompeii
721 1595 819 1632 filius
844 1604 942 1643 erat,
979 1598 1044 1646 qui
1078 1597 1206 1645 copias
1242 1597 1422 1634 adversus
1452 1598 1631 1634 Caesarem

227 1657 433 1706 colligeret.

281 1721 367 1758 Cap.
391 1721 562 1758 XCVIII.
583 1723 649 1758 Ad
672 1722 798 1758 urbem
827 1723 986 1757 Romam
1022 1722 1138 1758 venit.
1166 1722 1345 1771 Quinque
1373 1736 1520 1759 menses
1546 1723 1630 1758 bel—

227 1786 304 1820 lum
334 1784 536 1821 duraverat
563 1784 796 1820 Africanum.
826 1785 969 1827 Caesar,
992 1785 1154 1820 Romam
1174 1797 1364 1829 reversus,
1391 1792 1552 1833 quatuor
1577 1785 1631 1820 ibi

227 1847 440 1895 triumphos
463 1846 563 1895 egit,
593 1847 640 1883 de
675 1847 814 1891 Gallis,
842 1847 1057 1891 Pharnace,
1094 1848 1282 1895 AEgypto,
1319 1848 1491 1895 Jubaque
1530 1859 1630 1895 rege.

229 1909 325 1945 Huic
343 1916 469 1946 autem
496 1922 598 1945 anno
625 1909 876 1945 adscribenda
901 1917 977 1956 est,
1004 1922 1116 1957 quam
1144 1910 1254 1955 fecit,
1273 1909 1494 1946 calendarii
1506 1910 1630 1945 refor-

227 1972 355 2009 matio.
382 1974 465 2019 Qua
493 1973 648 2021 quidem
667 1980 704 2009 et
725 1972 806 2008 aliis
825 1972 864 2008 in
891 1972 1222 2008 administratione
1242 1972 1423 2008 confectis
1449 1972 1631 2008 mutatio—

228 2035 363 2082 nibus,
389 2036 488 2084 ipse,
515 2049 616 2071 anno
643 2035 833 2084 sequenti,
863 2035 901 2070 in
927 2034 1152 2083 Hispaniam
1174 2033 1446 2084 proficiscitur,
1464 2035 1633 2083 Pompeii

228 2097 327 2136 filios
353 2099 620 2135 debellaturus.

285 2347 350 2392 IN
379 2347 835 2391 COMMENTARIA
862 2348 942 2391 DE
965 2346 1162 2390 BELLO
1187 2345 1573 2389 HISPANIENSI.

284 2518 340 2553 De
369 2516 479 2564 hujus
517 2517 608 2554 libri
645 2524 797 2553 auctore
828 2517 958 2553 videas
992 2530 1073 2565 quae
1101 2516 1309 2553 dixerimus
1348 2516 1385 2551 iu
1423 2522 1551 2552 nostra
1587 2515 1634 2550 do

235 2581 345 2616 Bello
370 2579 556 2627 Africano
587 2580 845 2617 adnotatione.
873 2582 1001 2626 Quum
1026 2594 1118 2617 vero
1143 2581 1270 2628 plures
1296 2580 1333 2615 in
1356 2580 1473 2614 hocce
1499 2578 1635 2614 ultimo

234 2643 334 2679 libro
361 2644 500 2679 laeuuae
527 2656 605 2679 esse
628 2643 848 2689 videantur,
874 2644 1098 2692 scriptores,
1125 2656 1220 2692 quos
1246 2656 1291 2679 eo
1312 2642 1358 2678 de
1378 2641 1480 2678 bello
1501 2641 1634 2677 confe—
1669 2660 1671 2662 ·

234 2716 316 2750 ras,
340 2705 480 2742 nostris
500 2705 752 2742 indicabimus
780 2707 935 2741 notulis.
