1972 3356
358 252 404 294 64
565 252 603 285 C.
635 251 764 286 JULII
796 249 1009 283 CAESARIS
1041 250 1534 287 COMMENTARIORUM

357 354 453 380 sum
473 337 672 389 mittunt,
695 336 728 377 si
750 332 855 376 velit
875 349 974 376 suos
999 335 1212 394 recipere,
1233 334 1405 378 obsides
1429 335 1512 379 sibi
1533 335 1741 378 remittat.

420 418 496 460 IX.
531 416 706 473 Quibus
739 414 792 457 de
820 414 950 457 rebus
980 415 1127 457 Caesar
1151 432 1174 457 a
1207 417 1366 459 Crasso
1394 415 1556 458 certior
1582 414 1743 469 factus,

357 496 474 557 quod
499 498 589 556 ipse
607 496 756 539 aberat
780 493 976 556 longius,
1000 511 1130 538 naves
1159 495 1336 538 interim
1365 493 1519 556 longas
1543 493 1746 537 aedificari

358 578 401 619 in
435 576 616 620 flumine
649 576 816 637 Ligeri,
852 575 970 636 quod
1007 576 1153 619 influit
1189 577 1438 630 Oceanum,
1478 574 1663 635 remiges
1697 589 1748 617 ex

354 658 585 702 Provincia
628 659 826 713 institui,
866 667 1021 701 nautas
1059 657 1462 716 gubernatoresque
1501 655 1747 715 comparari

353 739 490 798 jubet.
519 739 596 782 His
619 739 748 782 rebus
777 738 979 782 celeriter
1002 737 1336 793 administratis,
1356 737 1468 797 ipsc,
1489 753 1625 796 quum
1657 735 1748 796 pri-

355 836 478 863 mum
507 836 583 880 per
614 821 716 863 anni
746 829 919 880 tempus
953 819 1120 879 potuit,
1147 818 1200 861 ad
1233 818 1473 861 exercitum
1505 816 1745 860 contendit.

356 902 536 956 Veneti,
571 899 837 961 reliquaeque
863 901 969 943 item
1002 899 1222 953 civitates,
1257 899 1434 961 cognito
1460 899 1643 942 Caesaris
1671 897 1747 940 ad-

355 991 509 1039 ventu,
539 980 669 1025 simul
700 980 838 1042 quod,
868 990 1085 1041 quantum
1119 981 1163 1023 in
1191 997 1234 1024 se
1262 980 1429 1024 facinus
1453 978 1749 1035 admisissent,

356 1060 665 1123 intelligebant
688 1061 899 1122 (legatos,
922 1062 1041 1122 quod
1061 1078 1222 1105 nomen
1243 1062 1362 1122 apud
1381 1078 1533 1105 omnes
1548 1061 1751 1105 nationes

356 1153 557 1186 sanctum
595 1141 944 1202 inviolatumque
975 1159 1147 1203 semper
1179 1142 1352 1197 fuisset,
1390 1152 1583 1186 retentos
1615 1142 1669 1185 ab
1709 1158 1751 1185 se

356 1234 398 1267 et
422 1225 466 1266 in
503 1222 682 1267 vincula
716 1224 984 1285 conjectos),
1009 1240 1090 1283 pro
1118 1223 1423 1285 magnitudine
1449 1221 1633 1282 periculi
1664 1221 1753 1265 bel-

355 1303 446 1347 lum
470 1321 651 1365 parare,
680 1314 723 1347 et
750 1305 941 1347 maxime
956 1320 1024 1358 ea,
1054 1320 1150 1363 quae
1173 1304 1228 1347 ad
1254 1320 1383 1347 usum
1409 1303 1587 1346 navium
1616 1303 1753 1363 perti-

355 1395 481 1441 nent,
519 1385 751 1445 providere
778 1386 1038 1439 instituunt,
1066 1385 1150 1427 hoc
1177 1385 1344 1445 majore
1368 1400 1442 1444 spe
1459 1418 1469 1435 ,
1494 1382 1614 1443 quod
1638 1382 1753 1427 mul-

356 1475 451 1508 tum
482 1475 641 1508 natura
664 1464 749 1508 loci
773 1464 1067 1508 confidebant.
1098 1464 1325 1508 Pedestria
1354 1482 1446 1509 esse
1469 1465 1628 1508 itinera
1647 1480 1753 1507 con-

355 1546 444 1590 cisa
468 1546 699 1602 aestuariis,
725 1546 1053 1607 navigationem
1079 1545 1337 1606 impeditam
1360 1556 1542 1606 propter
1565 1544 1753 1588 inscien-

356 1628 462 1670 tiam
495 1625 695 1670 locorum
727 1627 1082 1687 paucitatemque
1110 1636 1322 1687 portuum
1353 1626 1545 1670 sciebant
1573 1643 1581 1669 :
1612 1642 1754 1686 neque

358 1717 529 1751 nostros
549 1709 765 1751 exercitus
786 1717 967 1768 propter
991 1707 1203 1750 frumenti
1227 1708 1422 1767 inopiam
1447 1707 1613 1750 diutius
1637 1706 1752 1767 apud

357 1806 402 1833 se
430 1789 594 1832 morari
621 1805 767 1849 posse,
799 1787 1079 1832 confidebant
1104 1805 1113 1831 ε
1137 1804 1187 1832 ac
1212 1789 1324 1849 jam,
1355 1798 1401 1831 ut
1431 1789 1578 1831 onmia
1601 1798 1754 1832 contra

357 1870 613 1930 opinionem
632 1868 901 1925 acciderent,
914 1878 1063 1912 tamen
1083 1885 1126 1912 se
1142 1867 1381 1929 plurimum
1405 1869 1592 1912 navibus
1605 1885 1753 1929 posse;

358 1953 583 1995 Romanos
613 1966 756 2009 neque
792 1949 928 1992 ullam
960 1949 1213 1994 facultatem
1247 1950 1407 1993 habere
1448 1950 1649 2005 navium,
1678 1966 1754 1992 ne-

359 2048 443 2092 que
477 2047 631 2074 eorum
667 2029 894 2085 locorum,
924 2031 998 2074 ubi
1031 2029 1197 2073 bellum
1227 2031 1393 2091 gesturi
1427 2039 1590 2085 essent,
1625 2028 1754 2084 vada,

359 2122 536 2173 portus,
565 2109 817 2171 insulasque
841 2112 1012 2155 novisse
1039 2128 1047 2154 z
1071 2128 1120 2155 ac
1155 2111 1285 2172 longe
1308 2110 1438 2154 aliam
1459 2127 1551 2154 esse
1576 2111 1755 2171 naviga-

360 2193 522 2236 tionem
543 2193 588 2235 in
604 2191 813 2235 concluso
835 2194 969 2248 mari,
993 2202 1124 2253 atque
1146 2195 1189 2236 in
1210 2193 1460 2236 vastissimo
1486 2202 1615 2252 atque
1634 2208 1755 2253 aper-

359 2274 525 2318 tissimo
563 2275 762 2328 Oceano,
801 2273 1140 2334 perspiciebant.
1172 2275 1251 2318 His
1282 2275 1401 2317 initis
1432 2272 1644 2329 consiliis,
1674 2290 1753 2334 op-

359 2354 460 2414 pida
483 2353 712 2410 muniunt,
731 2353 953 2398 frumenta
977 2371 1029 2397 ex
1055 2354 1170 2415 agris
1196 2355 1240 2397 in
1265 2354 1429 2415 oppida
1451 2363 1754 2415 comportant,

361 2452 488 2478 naves
519 2436 563 2478 in
597 2435 854 2492 Venetiam,
884 2436 960 2479 ubi
985 2436 1203 2479 Caesarem
1233 2436 1426 2496 primum
1460 2434 1625 2478 bellum
1659 2451 1754 2495 ges-

360 2527 511 2560 turum
541 2517 792 2574 constabat,
822 2534 955 2579 quam
984 2515 1195 2578 plurimas
1221 2527 1431 2577 possunt,
1464 2526 1641 2577 cogunt.
1673 2517 1751 2559 So-

361 2598 450 2641 cios
469 2598 550 2642 sibi
575 2598 629 2641 ad
660 2598 824 2642 bellum
850 2599 1087 2654 Osismios,
1112 2600 1348 2653 Lexovios,
1375 2599 1617 2652 Nannetes,
1647 2601 1753 2641 Am-

365 2677 555 2728 biliatos,
596 2679 822 2735 Morinos,
854 2679 1131 2736 Diablintes,
1166 2680 1420 2739 Menapios,
1464 2677 1743 2722 adsciscunt:

1946 1750 1967 1790 ,ς-
