1972 3356
521 200 586 235 DF.
619 199 778 234 RELLO
809 199 1029 233 GALLICO
1060 199 1152 233 Liss.
1179 199 1246 232 111.
1539 198 1588 233 6'5

191 280 324 341 pulsis
361 283 615 338 Germanis,
649 285 774 327 victis
815 284 859 326 in
893 281 1076 343 Alpibus
1116 281 1325 336 Sedunis‚
1363 291 1494 342 atque
1531 284 1590 326 ita

190 362 295 405 inita
326 363 470 406 hieme
500 364 543 406 in
572 362 797 425 Illyricum
828 363 1050 424 profectus
1076 373 1207 415 esset,
1235 362 1354 423 quod
1383 379 1454 407 eas
1484 381 1592 424 quoa

190 460 275 503 que
299 445 498 488 nationes
525 444 667 499 adire,
697 454 741 488 et
773 444 975 505 regiones
1003 460 1269 505 cognoscere
1293 443 1489 500 volebat,
1517 461 1591 488 su-

190 524 332 568 bitum
359 523 521 568 bellum
547 525 593 567 in
622 523 767 568 Gallia
793 533 996 567 coortum
1022 534 1099 567 est.
1132 525 1237 584 Ejus
1266 523 1369 568 belli
1395 525 1487 569 haec
1510 525 1594 570 fuit

193 620 336 648 causa.
362 606 410 647 P.
436 606 619 649 Crassus
639 603 891 648 adolescens
913 620 1012 647 cum
1040 603 1213 665 legione
1234 605 1422 664 septima
1445 608 1593 666 proxi-

191 701 289 728 mus
317 700 438 727 mare
469 686 700 728 Oceanum
738 685 783 727 in
813 683 1016 729 Andibus
1044 684 1273 728 hiemarat.
1304 687 1366 741 Is,
1393 685 1514 745 quod
1549 687 1594 729 in

190 764 257 807 his
299 763 407 808 locis
444 764 593 826 inopia
630 764 841 808 frumenti
877 774 993 820 erat,
1030 764 1257 825 praefectos
1302 765 1595 828 tribunosque

190 843 382 888 militum
405 844 656 907 complures
682 845 726 889 in
756 845 967 889 finitimas
991 846 1210 902 civitates,
1234 845 1446 891 frumenti
1470 864 1592 892 corn-

190 935 450 987 meatusque
475 926 655 988 petendi
679 943 828 983 causa,
854 925 1020 971 dimisit
1051 944 1059 969 :
1092 943 1181 987 quo
1207 927 1250 970 in
1284 944 1470 972 numero
1501 940 1597 974 erat

190 1008 240 1051 T.
259 1007 558 1064 Terrasidius,
583 1009 742 1052 missus
765 1009 810 1051 in
832 1006 1037 1064 Unellos,
1061 1009 1124 1052 M.
1154 1008 1342 1052 Trebius
1369 1007 1527 1054 Gallus
1551 1012 1597 1054 in

194 1087 507 1146 Curiosolitas,
530 1089 586 1146 Q.
613 1088 824 1133 Velanius
852 1105 954 1133 cum
979 1091 1028 1133 T.
1055 1088 1163 1133 Silio
1189 1091 1235 1133 in
1255 1091 1464 1135 Venetos.

257 1172 382 1213 VIII.
408 1171 553 1231 Hujus
580 1171 771 1214 civitatis
801 1180 866 1215 est
895 1169 1025 1232 louge
1058 1169 1329 1232 amplissima
1359 1173 1598 1217 auctoritas

192 1251 335 1294 omnis
372 1267 459 1295 orae
495 1252 729 1295 maritimae
757 1253 989 1313 regionum
1025 1268 1199 1308 earum,
1236 1253 1357 1313 quod
1388 1263 1430 1297 et
1464 1270 1598 1312 naves

193 1332 355 1376 habent
380 1332 543 1375 Veneti
572 1331 806 1393 plurimas,
836 1333 996 1393 quibus
1020 1334 1065 1376 in
1090 1334 1367 1377 Britanniam
1394 1334 1600 1395 navigare

193 1421 486 1469 consuerunt,
529 1422 573 1455 et
613 1413 794 1456 scientia
837 1422 970 1473 atque
1013 1429 1096 1457 usu
1132 1413 1415 1457 nauticarum
1451 1430 1600 1459 rerum

193 1492 386 1554 reliquos
412 1492 703 1547 antecedunt,
733 1503 777 1537 et
812 1494 856 1537 in
893 1510 1055 1556 magno
1091 1494 1260 1555 impetu
1301 1495 1434 1538 maris
1470 1504 1602 1556 atque

193 1584 367 1636 aperto,
407 1575 559 1635 paucis
597 1574 817 1636 portubus
857 1575 1119 1637 interjectis,
1156 1592 1267 1636 quos
1302 1585 1458 1620 tenent
1497 1577 1601 1638 ipsi,

194 1672 347 1700 omnes
376 1655 489 1706 fere,
519 1657 596 1717 qui
624 1673 676 1701 eo
715 1657 828 1701 mari
862 1657 927 1701 uti
954 1666 1244 1714 consuerunt,
1272 1658 1438 1703 habent
1466 1659 1603 1703 vecti-

196 1736 324 1799 gales.
358 1738 424 1782 Ab
461 1737 514 1782 iis
546 1737 597 1782 fit
631 1738 810 1782 initium
844 1737 1067 1783 retinendi
1101 1737 1198 1783 Silii
1233 1749 1365 1800 atque
1400 1739 1603 1797 Velauii,

194 1817 314 1878 quod
339 1834 418 1879 per
436 1835 510 1862 eos
534 1835 636 1863 suos
659 1835 703 1862 se
729 1818 922 1869 obsides,
945 1835 1056 1879 quos
1081 1821 1242 1864 Crasso
1267 1819 1510 1877 dedissent,
1534 1838 1602 1866 re—

196 1909 488 1961 cuperaturos
530 1899 855 1944 existimabant.
897 1902 1072 1943 Horum
1117 1901 1382 1945 auctoritate
1423 1901 1602 1946 finitimi

195 1980 373 2025 adducti
397 1979 470 2041 (ut
500 1990 602 2025 sunt
622 1979 856 2025 Gallorum
880 1980 1026 2024 subita
1045 1990 1088 2024 et
1111 1982 1342 2042 repentina
1370 1982 1602 2042 consilia),

196 2061 350 2106 eadem
382 2061 436 2106 de
465 2078 595 2106 causa
623 2061 836 2105 Trebium
863 2061 1256 2124 Terrasidiumque
1293 2063 1488 2107 retinent
1523 2081 1532 2107 :
1561 2074 1601 2108 et

196 2142 398 2187 celeriter
422 2143 566 2187 missis
596 2141 750 2205 legatis
767 2178 778 2197 ,
806 2160 886 2204 per
914 2161 1016 2188 suos
1043 2144 1267 2206 principes
1294 2145 1409 2190 inter
1433 2162 1477 2190 se
1501 2162 1605 2190 con-

195 2224 348 2284 jurant
364 2259 374 2279 ,
399 2223 530 2281 nihil,
552 2224 635 2269 nisi
660 2225 887 2269 communi
922 2224 1132 2281 consilio,
1156 2235 1353 2283 acturos,
1378 2227 1604 2272 eumdem-

200 2322 285 2365 que
315 2305 459 2349 omnis
491 2305 679 2350 fortunae
703 2305 870 2350 exitum
891 2322 984 2351 esse
1013 2305 1202 2362 laturosf,
1228 2306 1510 2370 reliquasque
1543 2310 1605 2353 ci-

199 2387 356 2431 vitates
383 2384 643 2444 sollicitant,
674 2397 722 2431 ut
750 2388 795 2431 in
823 2403 873 2432 ea
900 2386 1127 2445 libertate,
1150 2405 1285 2449 quam
1311 2405 1335 2433 a
1364 2390 1606 2452 majoribus

200 2477 482 2529 acceperant,
518 2484 798 2528 permanere,
834 2485 967 2530 quam
1001 2472 1307 2514 Romanorum
1348 2471 1605 2516 servitutem

201 2548 420 2610 perferre,
443 2548 615 2593 malint.
652 2550 790 2593 Omni
824 2566 901 2595 ora
926 2551 1148 2595 maritima
1174 2550 1375 2596 celeriter
1399 2551 1453 2596 ad
1482 2568 1601 2597 suam

204 2631 466 2675 sententiam
491 2630 725 2691 perducta,
744 2648 1026 2676 communem
1052 2631 1315 2694 legationem
1340 2631 1395 2678 ad
1418 2635 1465 2678 Ρ.
1481 2635 1607 2678 Cras-
