1972 3356
530 232 595 267 DE
627 231 787 267 BELLO
818 229 1201 266 ALEXANDRINO.
1481 241 1493 263 ι
1504 227 1550 273 87

175 328 268 362 tum
291 326 436 362 autem
459 332 634 360 omnem
656 315 709 359 ab
734 313 939 359 lateribus
958 321 1077 356 extra
1096 312 1253 356 fossam
1277 309 1518 355 collocabat
1539 329 1548 354 :

174 398 249 458 qui
276 413 417 458 neque
446 395 572 441 aliter
598 393 713 439 utilis
736 410 828 439 esse
851 401 1047 455 poterat,
1078 401 1120 435 et
1149 390 1337 435 multum
1367 407 1550 435 numero

174 477 365 522 anteibat
389 485 586 520 nostrum
611 474 868 535 equitatum.

241 558 447 603 XXXIX.
483 555 702 601 Domitius
739 562 902 607 autem,
928 568 1063 612 quum
1091 551 1273 596 Caesaris
1297 552 1434 613 magis
1471 568 1548 613 pe-

173 637 337 694 riculo,
362 652 491 697 quam
519 651 598 679 suo
613 667 625 690 ,
653 641 1001 678 commoveretur
1015 665 1026 687 ,
1051 647 1191 692 neque
1210 647 1254 675 se
1275 640 1372 675 tuto
1392 631 1550 676 disces·

173 734 323 763 surum
347 716 633 761 arbitraretur
648 748 659 770 ‚
683 713 716 757 si
737 711 1036 767 conditiones,
1057 727 1164 771 quas
1187 710 1399 772 rejecerat
1414 745 1425 767 ,
1449 728 1548 755 rur-

172 815 243 842 sus
271 804 510 857 appeteret,
539 805 614 838 aut
642 793 734 838 sine
760 808 891 837 causa
917 790 1179 847 discederet,
1207 807 1261 834 ex
1291 791 1551 852 propinquis

170 877 318 921 castris
350 875 392 919 in
420 875 555 919 aciem
581 873 817 919 exercitum
858 871 1034 928 eduxit3
1065 886 1204 915 xxxvl
1246 869 1462 932 legionem
1506 873 1549 916 iu

169 956 322 1000 dextro
349 972 486 1000 cornu
515 953 765 1011 collocavit,
791 954 1019 998 Ponticam
1044 952 1088 996 in
1114 951 1291 996 sinistro
1316 968 1326 995 :
1351 951 1550 1012 Dejotari

167 1035 358 1098 legiones
379 1037 423 1081 in
444 1034 632 1080 mediam
649 1035 782 1080 aciem
807 1031 991 1078 contulit
1005 1067 1017 1090 ,
1038 1032 1199 1093 quibus
1220 1042 1364 1077 tamen
1384 1049 1547 1095 angus-

167 1117 381 1161 tissimum
408 1116 562 1161 frontis
591 1115 770 1177 reliquit
797 1113 1076 1159 intervallum
1095 1147 1106 1169 ‚
1133 1112 1314 1174 reliquis
1351 1113 1546 1158 cohorti-

166 1198 247 1242 bus
276 1199 319 1242 in
346 1198 546 1242 subsidiis
573 1195 811 1242 collocatis.
849 1195 920 1241 Sic
954 1195 1162 1256 utrinque
1189 1194 1280 1238 acie
1304 1194 1546 1251 instructa,

168 1296 421 1341 processum
445 1289 509 1323 est
531 1278 586 1323 ad
610 1277 920 1323 dimicandum.

229 1362 322 1404 XL.
360 1361 495 1421 Signo
522 1359 602 1403 sub
638 1358 751 1403 idem
778 1368 949 1419 tempus
978 1357 1033 1402 ab
1058 1366 1247 1418 utroque
1276 1355 1405 1412 dato,
1443 1372 1549 1400 con-

167 1440 359 1483 curritur
387 1456 396 1484 :
428 1440 585 1484 acriter
613 1440 817 1500 varieque
843 1448 1067 1500 pugnatur
1095 1454 1104 1481 ε
1135 1454 1236 1482 nam
1264 1452 1402 1481 xxxvi
1434 1435 1549 1497 legio

163 1536 299 1580 quum
320 1529 442 1564 extra
468 1519 626 1564 fossam
648 1520 692 1562 in
716 1520 958 1580 equitatum
978 1518 1094 1580 regis
1118 1519 1329 1579 impetum
1353 1517 1548 1573 fecisset,

163 1598 270 1643 adeo
294 1599 533 1644 secundum
558 1598 759 1661 proelium
788 1598 914 1655 fecit,
946 1608 993 1642 ut
1021 1598 1239 1642 moenibus
1270 1597 1421 1659 oppidi
1452 1614 1549 1641 suc-

162 1679 333 1724 cederet
349 1715 360 1737 ,
381 1679 626 1740 fossamque
642 1680 876 1737 transiret,
896 1696 1158 1740 aversosque
1176 1679 1322 1723 hostes
1344 1678 1549 1740 aggrede-
1585 1670 1588 1673 .

161 1770 296 1804 retur.
324 1762 380 1804 At
404 1761 580 1820 pontica
603 1776 654 1803 ex
678 1758 812 1803 altera
836 1769 959 1820 parte
987 1758 1124 1820 legio,
1160 1776 1295 1819 quum
1318 1757 1547 1819 paululum

162 1856 311 1884 aversa
338 1840 536 1884 hostibus
563 1840 783 1895 cessisset,
813 1839 972 1883 fossam
1000 1848 1146 1883 autem
1177 1839 1407 1883 circumire
1434 1839 1547 1883 acies

163 1919 354 1964 secundo
375 1929 530 1964 conata
556 1929 691 1974 esset,
716 1929 764 1963 ut
784 1929 933 1981 aperto
958 1917 1092 1963 latere
1115 1919 1426 1981 aggrederetur
1455 1919 1550 1963 hos-

162 2010 247 2044 tem
266 2035 277 2057 ,
304 2000 346 2043 in
371 2001 465 2060 ipso
490 2000 675 2045 transitu
701 1999 824 2044 fossae
848 1999 1020 2044 confixa
1044 2009 1088 2044 et
1109 2016 1316 2062 oppressa
1337 2009 1400 2043 est
1425 2017 1434 2043 ε
1460 2002 1548 2044 De-

158 2082 291 2141 jotari
318 2097 422 2124 vero
450 2080 641 2142 legiones
667 2080 739 2124 vix
775 2081 986 2141 impetum
1012 2081 1329 2125 sustinuerunt.
1357 2082 1423 2124 Ita
1451 2081 1543 2124 vic-

163 2161 290 2204 trices
318 2162 430 2222 regis
454 2161 589 2222 copiae
615 2177 754 2205 cornu
781 2178 860 2205 suo
887 2161 1042 2206 dextro
1069 2160 1298 2222 mediaque
1324 2161 1414 2205 acie
1441 2177 1548 2205 con-

164 2250 391 2285 verterunt
418 2257 462 2285 se
489 2240 541 2285 ad
577 2258 714 2286 xxxvi
749 2240 963 2303 legionem
1006 2260 1015 2286 z
1056 2258 1152 2303 quae
1188 2251 1335 2286 tamen
1375 2241 1548 2286 fortiter

164 2321 432 2365 vincentium
474 2321 685 2383 impetum
717 2323 947 2379 sustinuit,
974 2324 1142 2384 magnis
1178 2323 1316 2384 copiis
1353 2323 1547 2368 hostium

160 2401 431 2446 circumdata
448 2419 459 2459 3
476 2403 898 2464 praesentissimoque
914 2405 1062 2448 animo
1080 2419 1281 2466 pugnans
1302 2403 1346 2447 in
1365 2403 1514 2448 orbem
1533 2437 1546 2460 ,

162 2498 207 2525 se
236 2482 400 2542 recepit
424 2481 479 2525 ad
503 2482 668 2527 radices
694 2484 937 2540 montium3
961 2502 1049 2545 quo
1075 2484 1322 2529 Pharnaces
1347 2484 1543 2545 insequi,

164 2571 345 2623 propter
377 2562 653 2623 iniquitatem
690 2563 796 2620 loci,
838 2565 992 2609 noluit.
1029 2567 1123 2619 Ita,
1158 2565 1333 2626 pontica
1372 2563 1544 2626 legione

164 2657 282 2700 paene
309 2651 400 2686 tota
424 2644 608 2700 amissa,
639 2661 795 2706 magna
819 2657 943 2707 parte
969 2646 1162 2707 Dejotari
1196 2645 1383 2690 militum
1410 2647 1545 2689 inter»
