1972 3356
411 312 484 347 23³2
620 307 659 340 C.
692 304 818 339 JUL11
849 301 1065 337 CAESARIS
1097 301 1578 338 COMMENTARIORUM

409 399 493 441 ret,
537 404 644 431 neve
679 388 762 430 hoc
798 384 997 446 exemplo
1036 395 1189 428 ceterae
1231 385 1448 440 civitates,
1482 384 1679 429 locorum
1722 403 1799 447 op-

409 468 682 527 portunitate
720 466 858 522 fretae,
894 482 938 509 se
975 465 1251 509 vindicarent
1283 466 1327 507 in
1358 464 1626 521 libertatem3
1663 483 1798 526 quum

408 547 613 590 omnibus
636 546 776 591 Gallis
806 556 959 590 notum
989 547 1118 589 sciret
1147 544 1362 605 reliquam
1391 562 1483 589 esse
1513 562 1647 589 unam
1681 557 1802 591 aesta-

407 636 496 670 tem
533 644 620 671 suae
655 628 912 688 provinciae,
942 643 1074 687 quam
1105 627 1140 670 si
1168 627 1383 670 sustinere
1411 627 1676 686 potuissent,
1706 627 1804 671 nul-

407 704 498 750 lum
539 706 654 752 ultra
695 707 940 769 periculum
979 717 1250 751 vererentur.
1296 709 1449 768 Itaque
1486 709 1543 766 Q.
1585 706 1800 753 Calenum

407 785 600 847 legatum
627 804 726 831 cum
757 787 1003 849 legionibus
1033 804 1066 832 11
1096 787 1291 848 reliquit,
1318 789 1393 848 qui
1414 789 1543 848 justis
1570 789 1803 834 itineribus

406 883 450 910 se
473 868 834 928 subsequeretur3
863 870 954 929 ipse
984 885 1084 912 cum
1108 870 1228 912 omni
1258 870 1474 928 equitatu,
1497 885 1628 929 quam
1656 879 1804 930 potest

407 946 657 1004 celerrime,
683 948 738 991 ad
761 950 1001 992 Caninium
1026 949 1267 992 contendit.

471 1029 564 1071 XL.
607 1029 786 1085 Quum,
810 1038 965 1072 contra
997 1030 1368 1088 exspectationem
1400 1030 1598 1072 omnium
1619 1064 1630 1085 ,
1659 1031 1803 1074 Caesar

406 1106 739 1152 Uxellodunum
779 1111 990 1164 venisset,
1029 1109 1331 1170 oppidumque
1366 1110 1571 1170 operibus
1607 1110 1804 1154 clausum

407 1188 802 1244 animadverteret,
841 1206 982 1250 neque
1017 1190 1070 1233 ab
1105 1190 1438 1251 oppugnatione
1466 1190 1610 1234 recedi
1638 1190 1805 1234 videret

408 1267 498 1312 ulla
542 1269 797 1313 conditione
840 1287 986 1331 posse,
1032 1287 1189 1332 magna
1233 1280 1380 1314 autem
1427 1272 1553 1331 copia
1597 1270 1805 1314 frumenti

408 1349 633 1393 abundare
662 1351 908 1411 oppidanos
950 1368 1002 1394 ex
1034 1351 1229 1413 perfugis
1270 1361 1520 1412 cognosset,
1552 1367 1664 1411 aqua
1697 1368 1802 1412 pro-

408 1430 560 1474 hibere
595 1432 769 1475 hostem
808 1441 976 1475 tentare
1016 1433 1161 1493 coepit.
1195 1432 1380 1476 Flumen
1417 1432 1614 1476 infimam
1649 1431 1806 1475 vallem

409 1511 650 1567 dividebat,
692 1529 788 1572 quae
823 1523 964 1556 totum
1000 1530 1122 1574 paene
1155 1523 1350 1557 montem
1379 1513 1603 1574 cingebat,
1638 1514 1682 1556 in
1718 1529 1808 1573 quo

409 1592 603 1651 positum
639 1603 733 1635 erat
768 1603 1039 1653 praeruptum
1075 1593 1267 1653 undique
1311 1593 1524 1653 oppidum
1559 1592 1806 1637 Uxellodu-

409 1688 532 1715 num.
552 1675 648 1716 Hoc
670 1672 834 1716 flumen
853 1674 990 1716 averti
1011 1672 1094 1716 loci
1114 1683 1271 1716 natura
1292 1673 1554 1734 prohibebat
1574 1691 1582 1716 :
1605 1675 1666 1717 sic
1690 1675 1807 1717 enim

411 1753 508 1796 imis
536 1752 757 1796 radicibus
785 1754 949 1797 montis
976 1754 1222 1809 ferebatur,
1253 1764 1301 1797 ut
1334 1753 1501 1797 nullam
1530 1754 1575 1796 in
1610 1763 1807 1814 partem,

411 1832 625 1893 depressis
664 1833 811 1889 fossis,
845 1833 1035 1876 derivari
1066 1844 1224 1893 posset.
1260 1836 1367 1877 Erat
1397 1843 1544 1877 autem
1575 1834 1808 1895 oppidanis

411 1912 602 1957 difficilis
638 1923 682 1957 et
716 1923 964 1975 praeruptus
997 1930 1048 1957 eo
1079 1913 1331 1969 descensus,
1365 1924 1437 1969 ut,
1474 1907 1809 1974 prohibentibus

412 1994 591 2049 nostris,
629 1995 721 2037 sine
763 1993 1021 2038 vulneribus
1055 2012 1103 2038 ac
1146 1994 1341 2055 periculo
1374 1996 1472 2038 vitae
1510 2012 1652 2055 neque
1688 1995 1809 2040 adire

412 2073 599 2127 flumen,
635 2091 777 2135 neque
808 2074 948 2118 arduo
984 2092 1026 2118 se
1062 2077 1256 2136 recipcre
1285 2084 1461 2136 possent
1484 2091 1677 2120 ascensu.
1707 2077 1810 2134 Qua

413 2154 672 2199 difficultate
705 2172 859 2199 eorum
888 2156 1083 2217 cognita,
1113 2157 1279 2211 Caesar,
1311 2156 1548 2216 sagittariis
1577 2155 1811 2200 funditori-

413 2236 581 2296 busque
605 2235 847 2296 dispositis,
872 2237 1104 2280 tormentis
1131 2237 1260 2280 etiam
1287 2236 1549 2296 quibusdam
1577 2235 1684 2280 locis
1706 2253 1810 2280 con-

415 2325 480 2359 tra
512 2315 743 2359 facillimos
770 2316 1004 2361 descensus
1031 2316 1275 2372 collocatis,
1302 2333 1416 2376 aqua
1441 2317 1635 2360 fluminis
1660 2317 1809 2378 prohi-

415 2396 545 2439 bebat
571 2396 839 2457 oppidan053
865 2413 1052 2457 quorum
1077 2399 1219 2441 omnis
1244 2407 1394 2458 postea
1419 2397 1655 2442 multitudo
1678 2413 1811 2456 aqua-

416 2486 509 2519 tum
534 2494 673 2520 unum
699 2479 742 2520 in
767 2477 911 2521 locum
938 2478 1247 2532 conveniebat,
1273 2478 1352 2521 sub
1378 2479 1513 2539 ipsius
1539 2477 1689 2538 oppidi
1711 2494 1809 2521 mu-

417 2572 536 2609 rum,
569 2558 641 2601 ubi
667 2575 853 2619 magnus
885 2558 981 2601 fons
1013 2575 1135 2618 aquae
1163 2558 1500 2619 prorumpebat,
1521 2557 1575 2600 ab
1605 2574 1655 2601 ea
1683 2568 1808 2618 parte

417 2652 525 2694 quae,
543 2637 631 2680 fere
651 2638 812 2698 pedum
830 2655 911 2683 CCC
927 2637 1173 2694 intervallo,
1192 2639 1385 2682 ssuminis
1402 2638 1589 2681 circuitu
1608 2639 1806 2682 vacabat.

484 2718 597 2760 XLI.
621 2721 715 2761 Hoc
737 2718 856 2762 fonte
879 2719 1102 2779 prohiberi
1126 2736 1248 2779 posse
1264 2718 1506 2779 oppidanos
1531 2735 1667 2778 quum
1687 2728 1810 2779 opta-
