<?xml version="1.0" encoding="UTF-8"?>
<!DOCTYPE html PUBLIC "-//W3C//DTD XHTML 1.0 Transitional//EN"
    "http://www.w3.org/TR/xhtml1/DTD/xhtml1-transitional.dtd">
<html xmlns="http://www.w3.org/1999/xhtml" xml:lang="en" lang="en">
 <head>
  <title>
</title>
<meta http-equiv="Content-Type" content="text/html;charset=utf-8" />
  <meta name='ocr-system' content='tesseract 3.04.00' />
  <meta name='ocr-capabilities' content='ocr_page ocr_carea ocr_par ocr_line ocrx_word'/>
</head>
<body>
  <div class='ocr_page' id='page_1' title='image "./operajoh0102caesuoft_0347.png"; bbox 0 0 1972 3356; ppageno 0'>
   <div class='ocr_carea' id='block_1_1' title="bbox 521 192 1517 233">
    <p class='ocr_par' dir='ltr' id='par_1_1' title="bbox 521 192 1517 233">
     <span class='ocr_line' id='line_1_1' title="bbox 521 192 1517 233; baseline 0.001 -6"><span class='ocrx_word' id='word_1_1' title='bbox 521 192 588 227; x_wconf 93' lang='lat' dir='ltr'>DE</span> <span class='ocrx_word' id='word_1_2' title='bbox 616 192 782 227; x_wconf 91' lang='lat' dir='ltr'>BELLO</span> <span class='ocrx_word' id='word_1_3' title='bbox 810 192 966 227; x_wconf 89' lang='lat' dir='ltr'>ClVILI</span> <span class='ocrx_word' id='word_1_4' title='bbox 994 192 1086 226; x_wconf 90' lang='lat' dir='ltr'>LIB.</span> <span class='ocrx_word' id='word_1_5' title='bbox 1116 192 1144 226; x_wconf 92' lang='lat'>1.</span> <span class='ocrx_word' id='word_1_6' title='bbox 1475 196 1517 233; x_wconf 54' lang='grc' dir='ltr'>[ιι</span> 
     </span>
    </p>
   </div>
   <div class='ocr_carea' id='block_1_2' title="bbox 135 274 1528 2592">
    <p class='ocr_par' dir='ltr' id='par_1_2' title="bbox 138 274 1528 898">
     <span class='ocr_line' id='line_1_2' title="bbox 140 274 1525 336; baseline 0 -16"><span class='ocrx_word' id='word_1_7' title='bbox 140 277 276 320; x_wconf 89' lang='lat' dir='ltr'>suerit</span> <span class='ocrx_word' id='word_1_8' title='bbox 297 293 307 320; x_wconf 75' lang='grc' dir='ltr'><strong><em>ε</em></strong></span> <span class='ocrx_word' id='word_1_9' title='bbox 333 274 530 320; x_wconf 86' lang='lat' dir='ltr'>atlucem</span> <span class='ocrx_word' id='word_1_10' title='bbox 550 274 737 320; x_wconf 89' lang='lat' dir='ltr'>multum</span> <span class='ocrx_word' id='word_1_11' title='bbox 759 292 835 336; x_wconf 90' lang='lat' dir='ltr'>per</span> <span class='ocrx_word' id='word_1_12' title='bbox 853 292 896 319; x_wconf 89' lang='lat' dir='ltr'>se</span> <span class='ocrx_word' id='word_1_13' title='bbox 913 274 1127 336; x_wconf 90' lang='lat' dir='ltr'>pudorem</span> <span class='ocrx_word' id='word_1_14' title='bbox 1149 276 1348 319; x_wconf 91' lang='lat' dir='ltr'>omnium</span> <span class='ocrx_word' id='word_1_15' title='bbox 1369 275 1525 333; x_wconf 87' lang='lat' dir='ltr'>oculis,</span> 
     </span>
     <span class='ocr_line' id='line_1_3' title="bbox 141 354 1522 418; baseline 0 -18"><span class='ocrx_word' id='word_1_16' title='bbox 141 355 327 400; x_wconf 86' lang='lat' dir='ltr'>multum</span> <span class='ocrx_word' id='word_1_17' title='bbox 349 357 479 400; x_wconf 85' lang='lat' dir='ltr'>etiarn</span> <span class='ocrx_word' id='word_1_18' title='bbox 505 356 787 400; x_wconf 87' lang='lat' dir='ltr'>tribunorum</span> <span class='ocrx_word' id='word_1_19' title='bbox 804 354 994 399; x_wconf 88' lang='lat' dir='ltr'>militum</span> <span class='ocrx_word' id='word_1_20' title='bbox 1020 365 1063 399; x_wconf 93' lang='lat' dir='ltr'>et</span> <span class='ocrx_word' id='word_1_21' title='bbox 1084 356 1389 400; x_wconf 85' lang='lat' dir='ltr'>centurionum</span> <span class='ocrx_word' id='word_1_22' title='bbox 1412 373 1522 418; x_wconf 87' lang='lat' dir='ltr'>prae-</span> 
     </span>
     <span class='ocr_line' id='line_1_4' title="bbox 141 435 1524 496; baseline 0.001 -16"><span class='ocrx_word' id='word_1_23' title='bbox 141 437 322 480; x_wconf 87' lang='lat' dir='ltr'>sentiam</span> <span class='ocrx_word' id='word_1_24' title='bbox 353 436 506 480; x_wconf 86' lang='lat' dir='ltr'>afferre</span> <span class='ocrx_word' id='word_1_25' title='bbox 536 452 545 478; x_wconf 92' lang='lat'>:</span> <span class='ocrx_word' id='word_1_26' title='bbox 568 436 726 496; x_wconf 89' lang='lat' dir='ltr'>quibus</span> <span class='ocrx_word' id='word_1_27' title='bbox 753 435 884 478; x_wconf 88' lang='lat' dir='ltr'>rebus</span> <span class='ocrx_word' id='word_1_28' title='bbox 907 436 1095 478; x_wconf 78' lang='lat' dir='ltr'>coerceri</span> <span class='ocrx_word' id='word_1_29' title='bbox 1119 435 1298 489; x_wconf 82' lang='lat' dir='ltr'>milites,</span> <span class='ocrx_word' id='word_1_30' title='bbox 1324 446 1366 481; x_wconf 90' lang='lat' dir='ltr'>et</span> <span class='ocrx_word' id='word_1_31' title='bbox 1387 437 1431 480; x_wconf 90' lang='lat' dir='ltr'>in</span> <span class='ocrx_word' id='word_1_32' title='bbox 1457 436 1524 480; x_wconf 90' lang='lat' dir='ltr'>of-</span> 
     </span>
     <span class='ocr_line' id='line_1_5' title="bbox 141 514 1525 571; baseline 0.001 -11"><span class='ocrx_word' id='word_1_33' title='bbox 141 515 240 560; x_wconf 88' lang='lat' dir='ltr'>ficio</span> <span class='ocrx_word' id='word_1_34' title='bbox 269 517 482 560; x_wconf 79' lang='lat' dir='ltr'>contineri</span> <span class='ocrx_word' id='word_1_35' title='bbox 504 514 685 558; x_wconf 79' lang='lat' dir='ltr'>soleant.</span> <span class='ocrx_word' id='word_1_36' title='bbox 710 515 860 571; x_wconf 87' lang='lat' dir='ltr'>Quare</span> <span class='ocrx_word' id='word_1_37' title='bbox 886 515 1006 557; x_wconf 91' lang='lat' dir='ltr'>omni</span> <span class='ocrx_word' id='word_1_38' title='bbox 1030 515 1199 558; x_wconf 88' lang='lat' dir='ltr'>ratione</span> <span class='ocrx_word' id='word_1_39' title='bbox 1223 533 1314 560; x_wconf 86' lang='lat' dir='ltr'>esse</span> <span class='ocrx_word' id='word_1_40' title='bbox 1334 517 1525 561; x_wconf 83' lang='lat' dir='ltr'>interdiu</span> 
     </span>
     <span class='ocr_line' id='line_1_6' title="bbox 141 593 1525 656; baseline 0.001 -17"><span class='ocrx_word' id='word_1_41' title='bbox 141 595 512 656; x_wconf 77' lang='lat' dir='ltr'>perrumpendum</span> <span class='ocrx_word' id='word_1_42' title='bbox 542 612 551 638; x_wconf 92' lang='lat'>:</span> <span class='ocrx_word' id='word_1_43' title='bbox 580 595 658 638; x_wconf 91' lang='lat' dir='ltr'>etsi</span> <span class='ocrx_word' id='word_1_44' title='bbox 686 593 835 655; x_wconf 83' lang='lat' dir='ltr'>aliquo</span> <span class='ocrx_word' id='word_1_45' title='bbox 863 604 1043 655; x_wconf 86' lang='lat' dir='ltr'>accepto</span> <span class='ocrx_word' id='word_1_46' title='bbox 1071 593 1353 652; x_wconf 81' lang='lat' dir='ltr'>detrimento,</span> <span class='ocrx_word' id='word_1_47' title='bbox 1379 607 1525 641; x_wconf 85' lang='lat' dir='ltr'>tamen</span> 
     </span>
     <span class='ocr_line' id='line_1_7' title="bbox 141 673 1523 737; baseline -0.001 -17"><span class='ocrx_word' id='word_1_48' title='bbox 141 693 309 720; x_wconf 87' lang='lat' dir='ltr'>summa</span> <span class='ocrx_word' id='word_1_49' title='bbox 327 676 538 719; x_wconf 84' lang='lat' dir='ltr'>exercitus</span> <span class='ocrx_word' id='word_1_50' title='bbox 554 674 673 718; x_wconf 83' lang='lat' dir='ltr'>salva</span> <span class='ocrx_word' id='word_1_51' title='bbox 688 708 699 731; x_wconf 93' lang='lat'>,</span> <span class='ocrx_word' id='word_1_52' title='bbox 716 673 861 718; x_wconf 87' lang='lat' dir='ltr'>locum</span> <span class='ocrx_word' id='word_1_53' title='bbox 873 709 884 729; x_wconf 94' lang='lat'>,</span> <span class='ocrx_word' id='word_1_54' title='bbox 902 691 1034 735; x_wconf 91' lang='lat' dir='ltr'>quem</span> <span class='ocrx_word' id='word_1_55' title='bbox 1054 685 1225 735; x_wconf 82' lang='lat' dir='ltr'>petant,</span> <span class='ocrx_word' id='word_1_56' title='bbox 1244 679 1338 736; x_wconf 85' lang='lat' dir='ltr'>capi</span> <span class='ocrx_word' id='word_1_57' title='bbox 1354 693 1523 737; x_wconf 86' lang='lat' dir='ltr'>posse.»</span> 
     </span>
     <span class='ocr_line' id='line_1_8' title="bbox 138 753 1528 817; baseline 0.001 -17"><span class='ocrx_word' id='word_1_58' title='bbox 138 759 241 800; x_wconf 85' lang='lat' dir='ltr'>Haec</span> <span class='ocrx_word' id='word_1_59' title='bbox 267 756 396 799; x_wconf 90' lang='lat' dir='ltr'>evicit</span> <span class='ocrx_word' id='word_1_60' title='bbox 423 756 467 798; x_wconf 93' lang='lat' dir='ltr'>in</span> <span class='ocrx_word' id='word_1_61' title='bbox 491 753 677 799; x_wconf 91' lang='lat' dir='ltr'>concilio</span> <span class='ocrx_word' id='word_1_62' title='bbox 701 756 938 812; x_wconf 80' lang='lat' dir='ltr'>sententia3</span> <span class='ocrx_word' id='word_1_63' title='bbox 967 765 1009 799; x_wconf 91' lang='lat' dir='ltr'>et</span> <span class='ocrx_word' id='word_1_64' title='bbox 1029 756 1171 817; x_wconf 84' lang='lat' dir='ltr'>prima</span> <span class='ocrx_word' id='word_1_65' title='bbox 1200 755 1297 800; x_wconf 88' lang='lat' dir='ltr'>luce</span> <span class='ocrx_word' id='word_1_66' title='bbox 1317 757 1528 817; x_wconf 87' lang='lat' dir='ltr'>postridie</span> 
     </span>
     <span class='ocr_line' id='line_1_9' title="bbox 139 835 672 898; baseline -0.002 -18"><span class='ocrx_word' id='word_1_67' title='bbox 139 837 414 880; x_wconf 89' lang='lat' dir='ltr'>constituunt</span> <span class='ocrx_word' id='word_1_68' title='bbox 440 835 672 898; x_wconf 87' lang='lat' dir='ltr'>proficisci.</span> 
     </span>
    </p>

    <p class='ocr_par' dir='ltr' id='par_1_3' title="bbox 135 916 1528 1845">
     <span class='ocr_line' id='line_1_10' title="bbox 203 916 1526 979; baseline 0.001 -18"><span class='ocrx_word' id='word_1_69' title='bbox 203 919 402 961; x_wconf 83' lang='lat' dir='ltr'>LXVIII.</span> <span class='ocrx_word' id='word_1_70' title='bbox 435 920 595 972; x_wconf 87' lang='lat' dir='ltr'>Caesar,</span> <span class='ocrx_word' id='word_1_71' title='bbox 625 916 859 977; x_wconf 76' lang='lat' dir='ltr'>exploratis</span> <span class='ocrx_word' id='word_1_72' title='bbox 886 917 1164 979; x_wconf 82' lang='lat' dir='ltr'>regionibus,</span> <span class='ocrx_word' id='word_1_73' title='bbox 1186 917 1357 962; x_wconf 80' lang='lat' dir='ltr'>albente</span> <span class='ocrx_word' id='word_1_74' title='bbox 1392 917 1526 974; x_wconf 80' lang='lat' dir='ltr'>coelo,</span> 
     </span>
     <span class='ocr_line' id='line_1_11' title="bbox 138 997 1527 1059; baseline 0.002 -19"><span class='ocrx_word' id='word_1_75' title='bbox 138 1014 290 1041; x_wconf 89' lang='lat' dir='ltr'>omnes</span> <span class='ocrx_word' id='word_1_76' title='bbox 314 999 463 1058; x_wconf 89' lang='lat' dir='ltr'>copias</span> <span class='ocrx_word' id='word_1_77' title='bbox 507 998 659 1041; x_wconf 83' lang='lat' dir='ltr'>castris</span> <span class='ocrx_word' id='word_1_78' title='bbox 688 997 858 1055; x_wconf 89' lang='lat' dir='ltr'>educit,</span> <span class='ocrx_word' id='word_1_79' title='bbox 889 1014 1138 1059; x_wconf 74' lang='lat' dir='ltr'>magnoque</span> <span class='ocrx_word' id='word_1_80' title='bbox 1173 1000 1380 1055; x_wconf 89' lang='lat' dir='ltr'>circuitu,</span> <span class='ocrx_word' id='word_1_81' title='bbox 1406 999 1527 1044; x_wconf 87' lang='lat' dir='ltr'>nullo</span> 
     </span>
     <span class='ocr_line' id='line_1_12' title="bbox 138 1078 1527 1140; baseline 0.001 -18"><span class='ocrx_word' id='word_1_82' title='bbox 138 1088 257 1122; x_wconf 86' lang='lat' dir='ltr'>certo</span> <span class='ocrx_word' id='word_1_83' title='bbox 276 1079 451 1134; x_wconf 79' lang='lat' dir='ltr'>itinere,</span> <span class='ocrx_word' id='word_1_84' title='bbox 470 1079 707 1122; x_wconf 80' lang='lat' dir='ltr'>exercitum</span> <span class='ocrx_word' id='word_1_85' title='bbox 726 1078 846 1122; x_wconf 89' lang='lat' dir='ltr'>ducit</span> <span class='ocrx_word' id='word_1_86' title='bbox 874 1095 882 1122; x_wconf 91' lang='lat'>:</span> <span class='ocrx_word' id='word_1_87' title='bbox 912 1095 1036 1136; x_wconf 81' lang='lat' dir='ltr'>nam,</span> <span class='ocrx_word' id='word_1_88' title='bbox 1061 1096 1156 1140; x_wconf 84' lang='lat' dir='ltr'>quae</span> <span class='ocrx_word' id='word_1_89' title='bbox 1178 1081 1334 1124; x_wconf 84' lang='lat' dir='ltr'>itinera</span> <span class='ocrx_word' id='word_1_90' title='bbox 1355 1080 1408 1124; x_wconf 88' lang='lat' dir='ltr'>ad</span> <span class='ocrx_word' id='word_1_91' title='bbox 1430 1081 1527 1124; x_wconf 91' lang='lat' dir='ltr'>Ibe-</span> 
     </span>
     <span class='ocr_line' id='line_1_13' title="bbox 139 1159 1526 1223; baseline 0.003 -21"><span class='ocrx_word' id='word_1_92' title='bbox 139 1175 236 1202; x_wconf 87' lang='lat' dir='ltr'>rum</span> <span class='ocrx_word' id='word_1_93' title='bbox 256 1168 386 1219; x_wconf 86' lang='lat' dir='ltr'>atque</span> <span class='ocrx_word' id='word_1_94' title='bbox 400 1161 661 1219; x_wconf 84' lang='lat' dir='ltr'>Octogesam</span> <span class='ocrx_word' id='word_1_95' title='bbox 679 1159 982 1220; x_wconf 78' lang='lat' dir='ltr'>pertinebant,</span> <span class='ocrx_word' id='word_1_96' title='bbox 1006 1162 1158 1204; x_wconf 84' lang='lat' dir='ltr'>castris</span> <span class='ocrx_word' id='word_1_97' title='bbox 1173 1161 1364 1205; x_wconf 87' lang='lat' dir='ltr'>hostium</span> <span class='ocrx_word' id='word_1_98' title='bbox 1385 1179 1526 1223; x_wconf 85' lang='lat' dir='ltr'>oppo-</span> 
     </span>
     <span class='ocr_line' id='line_1_14' title="bbox 138 1239 1528 1300; baseline 0.003 -18"><span class='ocrx_word' id='word_1_99' title='bbox 138 1239 231 1283; x_wconf 84' lang='lat' dir='ltr'>sitis</span> <span class='ocrx_word' id='word_1_100' title='bbox 246 1239 521 1283; x_wconf 81' lang='lat' dir='ltr'>tenebantur.</span> <span class='ocrx_word' id='word_1_101' title='bbox 549 1240 637 1300; x_wconf 88' lang='lat' dir='ltr'>Ipsi</span> <span class='ocrx_word' id='word_1_102' title='bbox 661 1249 784 1283; x_wconf 85' lang='lat' dir='ltr'>erant</span> <span class='ocrx_word' id='word_1_103' title='bbox 811 1240 1166 1285; x_wconf 73' lang='lat' dir='ltr'>transcendendae</span> <span class='ocrx_word' id='word_1_104' title='bbox 1184 1240 1317 1285; x_wconf 80' lang='lat' dir='ltr'>valles</span> <span class='ocrx_word' id='word_1_105' title='bbox 1332 1243 1528 1286; x_wconf 78' lang='lat' dir='ltr'>maximae</span> 
     </span>
     <span class='ocr_line' id='line_1_15' title="bbox 137 1319 1528 1383; baseline 0.001 -20"><span class='ocrx_word' id='word_1_106' title='bbox 137 1336 186 1363; x_wconf 88' lang='lat' dir='ltr'>ac</span> <span class='ocrx_word' id='word_1_107' title='bbox 213 1319 502 1376; x_wconf 81' lang='lat' dir='ltr'>difficillimae3</span> <span class='ocrx_word' id='word_1_108' title='bbox 529 1337 629 1363; x_wconf 82' lang='lat' dir='ltr'>saxa</span> <span class='ocrx_word' id='word_1_109' title='bbox 658 1319 807 1364; x_wconf 86' lang='lat' dir='ltr'>multis</span> <span class='ocrx_word' id='word_1_110' title='bbox 830 1319 935 1364; x_wconf 93' lang='lat' dir='ltr'>locis</span> <span class='ocrx_word' id='word_1_111' title='bbox 961 1332 1181 1382; x_wconf 84' lang='lat' dir='ltr'>praerupta</span> <span class='ocrx_word' id='word_1_112' title='bbox 1216 1323 1297 1365; x_wconf 90' lang='lat' dir='ltr'>iter</span> <span class='ocrx_word' id='word_1_113' title='bbox 1321 1322 1528 1383; x_wconf 87' lang='lat' dir='ltr'>impedie-</span> 
     </span>
     <span class='ocr_line' id='line_1_16' title="bbox 135 1400 1526 1461; baseline 0.001 -18"><span class='ocrx_word' id='word_1_114' title='bbox 135 1400 270 1454; x_wconf 78' lang='lat' dir='ltr'>bant,</span> <span class='ocrx_word' id='word_1_115' title='bbox 298 1410 346 1444; x_wconf 90' lang='lat' dir='ltr'>ut</span> <span class='ocrx_word' id='word_1_116' title='bbox 371 1417 491 1444; x_wconf 85' lang='lat' dir='ltr'>arma</span> <span class='ocrx_word' id='word_1_117' title='bbox 520 1417 598 1461; x_wconf 85' lang='lat' dir='ltr'>per</span> <span class='ocrx_word' id='word_1_118' title='bbox 629 1417 782 1444; x_wconf 88' lang='lat' dir='ltr'>manus</span> <span class='ocrx_word' id='word_1_119' title='bbox 811 1402 1054 1444; x_wconf 82' lang='lat' dir='ltr'>necessario</span> <span class='ocrx_word' id='word_1_120' title='bbox 1081 1401 1382 1456; x_wconf 82' lang='lat' dir='ltr'>traderentur,</span> <span class='ocrx_word' id='word_1_121' title='bbox 1410 1401 1526 1445; x_wconf 90' lang='lat' dir='ltr'>mili-</span> 
     </span>
     <span class='ocr_line' id='line_1_17' title="bbox 135 1479 1525 1543; baseline 0.002 -20"><span class='ocrx_word' id='word_1_122' title='bbox 135 1490 286 1541; x_wconf 88' lang='lat' dir='ltr'>tesque</span> <span class='ocrx_word' id='word_1_123' title='bbox 314 1482 469 1524; x_wconf 87' lang='lat' dir='ltr'>inermi</span> <span class='ocrx_word' id='word_1_124' title='bbox 497 1479 799 1541; x_wconf 85' lang='lat' dir='ltr'>sublevatique</span> <span class='ocrx_word' id='word_1_125' title='bbox 826 1480 898 1524; x_wconf 85' lang='lat' dir='ltr'>alii</span> <span class='ocrx_word' id='word_1_126' title='bbox 925 1482 980 1525; x_wconf 85' lang='lat' dir='ltr'>ab</span> <span class='ocrx_word' id='word_1_127' title='bbox 1009 1480 1102 1525; x_wconf 83' lang='lat' dir='ltr'>aliis</span> <span class='ocrx_word' id='word_1_128' title='bbox 1130 1499 1335 1543; x_wconf 79' lang='lat' dir='ltr'>magnam</span> <span class='ocrx_word' id='word_1_129' title='bbox 1359 1492 1525 1543; x_wconf 84' lang='lat' dir='ltr'>partem</span> 
     </span>
     <span class='ocr_line' id='line_1_18' title="bbox 135 1560 1526 1616; baseline 0.001 -12"><span class='ocrx_word' id='word_1_130' title='bbox 135 1561 303 1604; x_wconf 87' lang='lat' dir='ltr'>itineris</span> <span class='ocrx_word' id='word_1_131' title='bbox 328 1561 606 1605; x_wconf 88' lang='lat' dir='ltr'>conficerent.</span> <span class='ocrx_word' id='word_1_132' title='bbox 633 1560 716 1605; x_wconf 88' lang='lat' dir='ltr'>Sed</span> <span class='ocrx_word' id='word_1_133' title='bbox 742 1562 860 1606; x_wconf 90' lang='lat' dir='ltr'>hunc</span> <span class='ocrx_word' id='word_1_134' title='bbox 889 1560 1084 1606; x_wconf 83' lang='lat' dir='ltr'>laborem</span> <span class='ocrx_word' id='word_1_135' title='bbox 1112 1563 1341 1607; x_wconf 79' lang='lat' dir='ltr'>recusabat</span> <span class='ocrx_word' id='word_1_136' title='bbox 1369 1580 1526 1616; x_wconf 89' lang='lat' dir='ltr'>nemo,</span> 
     </span>
     <span class='ocr_line' id='line_1_19' title="bbox 136 1641 1527 1701; baseline 0.002 -17"><span class='ocrx_word' id='word_1_137' title='bbox 136 1641 255 1701; x_wconf 88' lang='lat' dir='ltr'>quod</span> <span class='ocrx_word' id='word_1_138' title='bbox 278 1658 378 1685; x_wconf 84' lang='lat' dir='ltr'>eum</span> <span class='ocrx_word' id='word_1_139' title='bbox 403 1642 601 1685; x_wconf 87' lang='lat' dir='ltr'>omnium</span> <span class='ocrx_word' id='word_1_140' title='bbox 629 1641 830 1685; x_wconf 84' lang='lat' dir='ltr'>laborum</span> <span class='ocrx_word' id='word_1_141' title='bbox 858 1642 991 1687; x_wconf 86' lang='lat' dir='ltr'>finem</span> <span class='ocrx_word' id='word_1_142' title='bbox 1015 1643 1108 1688; x_wconf 92' lang='lat' dir='ltr'>fore</span> <span class='ocrx_word' id='word_1_143' title='bbox 1138 1644 1469 1699; x_wconf 83' lang='lat' dir='ltr'>existimabant,</span> <span class='ocrx_word' id='word_1_144' title='bbox 1493 1645 1527 1687; x_wconf 88' lang='lat' dir='ltr'>si</span> 
     </span>
     <span class='ocr_line' id='line_1_20' title="bbox 135 1721 1527 1784; baseline 0.003 -20"><span class='ocrx_word' id='word_1_145' title='bbox 135 1721 304 1765; x_wconf 84' lang='lat' dir='ltr'>hostem</span> <span class='ocrx_word' id='word_1_146' title='bbox 339 1722 468 1765; x_wconf 88' lang='lat' dir='ltr'>Ibero</span> <span class='ocrx_word' id='word_1_147' title='bbox 508 1721 804 1765; x_wconf 84' lang='lat' dir='ltr'>intercludere</span> <span class='ocrx_word' id='word_1_148' title='bbox 838 1732 881 1766; x_wconf 89' lang='lat' dir='ltr'>et</span> <span class='ocrx_word' id='word_1_149' title='bbox 918 1722 1139 1767; x_wconf 87' lang='lat' dir='ltr'>frumento</span> <span class='ocrx_word' id='word_1_150' title='bbox 1180 1724 1413 1784; x_wconf 85' lang='lat' dir='ltr'>prohibere</span> <span class='ocrx_word' id='word_1_151' title='bbox 1452 1741 1527 1784; x_wconf 90' lang='lat' dir='ltr'>po-</span> 
     </span>
     <span class='ocr_line' id='line_1_21' title="bbox 136 1803 335 1845; baseline -0.005 0"><span class='ocrx_word' id='word_1_152' title='bbox 136 1803 335 1845; x_wconf 90' lang='lat' dir='ltr'>tuissent.</span> 
     </span>
    </p>

    <p class='ocr_par' dir='ltr' id='par_1_4' title="bbox 136 1882 1526 2592">
     <span class='ocr_line' id='line_1_22' title="bbox 200 1882 1526 1942; baseline 0.003 -17"><span class='ocrx_word' id='word_1_153' title='bbox 200 1884 361 1926; x_wconf 85' lang='lat' dir='ltr'>LXIX.</span> <span class='ocrx_word' id='word_1_154' title='bbox 384 1885 444 1926; x_wconf 93' lang='lat' dir='ltr'>Ac</span> <span class='ocrx_word' id='word_1_155' title='bbox 467 1883 610 1942; x_wconf 88' lang='lat' dir='ltr'>primo</span> <span class='ocrx_word' id='word_1_156' title='bbox 634 1882 860 1926; x_wconf 85' lang='lat' dir='ltr'>Afraniani</span> <span class='ocrx_word' id='word_1_157' title='bbox 878 1882 1062 1940; x_wconf 84' lang='lat' dir='ltr'>milites,</span> <span class='ocrx_word' id='word_1_158' title='bbox 1082 1883 1249 1927; x_wconf 84' lang='lat' dir='ltr'>visendi</span> <span class='ocrx_word' id='word_1_159' title='bbox 1268 1901 1418 1941; x_wconf 85' lang='lat' dir='ltr'>causa,</span> <span class='ocrx_word' id='word_1_160' title='bbox 1441 1884 1526 1929; x_wconf 73' lang='lat' dir='ltr'>laeti</span> 
     </span>
     <span class='ocr_line' id='line_1_23' title="bbox 137 1963 1523 2026; baseline 0.002 -19"><span class='ocrx_word' id='word_1_161' title='bbox 137 1980 188 2007; x_wconf 78' lang='lat' dir='ltr'>ex</span> <span class='ocrx_word' id='word_1_162' title='bbox 218 1964 370 2006; x_wconf 77' lang='lat' dir='ltr'>castris</span> <span class='ocrx_word' id='word_1_163' title='bbox 402 1963 743 2023; x_wconf 76' lang='lat' dir='ltr'>procurrebant,</span> <span class='ocrx_word' id='word_1_164' title='bbox 770 1963 1182 2025; x_wconf 87' lang='lat' dir='ltr'>contumeliosisque</span> <span class='ocrx_word' id='word_1_165' title='bbox 1211 1965 1390 2009; x_wconf 83' lang='lat' dir='ltr'>vocibus</span> <span class='ocrx_word' id='word_1_166' title='bbox 1420 1983 1523 2026; x_wconf 83' lang='lat' dir='ltr'>pro-</span> 
     </span>
     <span class='ocr_line' id='line_1_24' title="bbox 138 2042 1522 2106; baseline 0.003 -20"><span class='ocrx_word' id='word_1_167' title='bbox 138 2042 449 2103; x_wconf 84' lang='lat' dir='ltr'>sequebantur,</span> <span class='ocrx_word' id='word_1_168' title='bbox 477 2063 497 2084; x_wconf 78' lang='lat'>«</span> <span class='ocrx_word' id='word_1_169' title='bbox 524 2060 604 2087; x_wconf 88' lang='lat' dir='ltr'>nos</span> <span class='ocrx_word' id='word_1_170' title='bbox 630 2045 862 2087; x_wconf 84' lang='lat' dir='ltr'>necessarii</span> <span class='ocrx_word' id='word_1_171' title='bbox 891 2045 1030 2088; x_wconf 88' lang='lat' dir='ltr'>victus</span> <span class='ocrx_word' id='word_1_172' title='bbox 1067 2046 1211 2106; x_wconf 80' lang='lat' dir='ltr'>inopia</span> <span class='ocrx_word' id='word_1_173' title='bbox 1249 2056 1421 2090; x_wconf 82' lang='lat' dir='ltr'>coactos</span> <span class='ocrx_word' id='word_1_174' title='bbox 1454 2047 1522 2091; x_wconf 90' lang='lat' dir='ltr'>fu-</span> 
     </span>
     <span class='ocr_line' id='line_1_25' title="bbox 138 2122 1523 2188; baseline 0.004 -22"><span class='ocrx_word' id='word_1_175' title='bbox 138 2140 258 2185; x_wconf 82' lang='lat' dir='ltr'>gere,</span> <span class='ocrx_word' id='word_1_176' title='bbox 286 2132 416 2183; x_wconf 84' lang='lat' dir='ltr'>atque</span> <span class='ocrx_word' id='word_1_177' title='bbox 441 2122 496 2167; x_wconf 85' lang='lat' dir='ltr'>ad</span> <span class='ocrx_word' id='word_1_178' title='bbox 525 2123 712 2166; x_wconf 81' lang='lat' dir='ltr'>Ilerdam</span> <span class='ocrx_word' id='word_1_179' title='bbox 740 2126 914 2168; x_wconf 86' lang='lat' dir='ltr'>reverti.</span> <span class='ocrx_word' id='word_1_180' title='bbox 946 2145 966 2166; x_wconf 87' lang='lat'>»</span> <span class='ocrx_word' id='word_1_181' title='bbox 990 2127 1098 2169; x_wconf 82' lang='lat' dir='ltr'>Erat</span> <span class='ocrx_word' id='word_1_182' title='bbox 1123 2127 1239 2169; x_wconf 79' lang='lat' dir='ltr'>enim</span> <span class='ocrx_word' id='word_1_183' title='bbox 1268 2127 1350 2169; x_wconf 87' lang='lat' dir='ltr'>iter</span> <span class='ocrx_word' id='word_1_184' title='bbox 1374 2143 1395 2170; x_wconf 82' lang='lat' dir='ltr'>a</span> <span class='ocrx_word' id='word_1_185' title='bbox 1420 2144 1523 2188; x_wconf 85' lang='lat' dir='ltr'>pro-</span> 
     </span>
     <span class='ocr_line' id='line_1_26' title="bbox 137 2204 1521 2267; baseline 0.004 -21"><span class='ocrx_word' id='word_1_186' title='bbox 137 2205 278 2264; x_wconf 81' lang='lat' dir='ltr'>posito</span> <span class='ocrx_word' id='word_1_187' title='bbox 304 2204 917 2267; x_wconf 83' lang='lat' dir='ltr'>diversum,contrariamque</span> <span class='ocrx_word' id='word_1_188' title='bbox 939 2206 981 2249; x_wconf 88' lang='lat' dir='ltr'>in</span> <span class='ocrx_word' id='word_1_189' title='bbox 1003 2216 1170 2267; x_wconf 86' lang='lat' dir='ltr'>partem</span> <span class='ocrx_word' id='word_1_190' title='bbox 1196 2207 1247 2250; x_wconf 83' lang='lat' dir='ltr'>iri</span> <span class='ocrx_word' id='word_1_191' title='bbox 1279 2206 1521 2251; x_wconf 88' lang='lat' dir='ltr'>videbatur.</span> 
     </span>
     <span class='ocr_line' id='line_1_27' title="bbox 136 2286 1523 2345; baseline 0.004 -18"><span class='ocrx_word' id='word_1_192' title='bbox 136 2287 283 2328; x_wconf 85' lang='lat' dir='ltr'>Duces</span> <span class='ocrx_word' id='word_1_193' title='bbox 304 2301 409 2328; x_wconf 86' lang='lat' dir='ltr'>vero</span> <span class='ocrx_word' id='word_1_194' title='bbox 439 2301 592 2329; x_wconf 88' lang='lat' dir='ltr'>eorum</span> <span class='ocrx_word' id='word_1_195' title='bbox 623 2302 748 2329; x_wconf 80' lang='lat' dir='ltr'>suuni</span> <span class='ocrx_word' id='word_1_196' title='bbox 787 2286 1017 2330; x_wconf 86' lang='lat' dir='ltr'>consilium</span> <span class='ocrx_word' id='word_1_197' title='bbox 1057 2286 1258 2331; x_wconf 81' lang='lat' dir='ltr'>laudibus</span> <span class='ocrx_word' id='word_1_198' title='bbox 1298 2287 1523 2345; x_wconf 85' lang='lat' dir='ltr'>ferebant,</span> 
     </span>
     <span class='ocr_line' id='line_1_28' title="bbox 139 2364 1525 2429; baseline 0.002 -21"><span class='ocrx_word' id='word_1_199' title='bbox 139 2364 255 2425; x_wconf 88' lang='lat' dir='ltr'>quod</span> <span class='ocrx_word' id='word_1_200' title='bbox 284 2381 328 2408; x_wconf 87' lang='lat' dir='ltr'>se</span> <span class='ocrx_word' id='word_1_201' title='bbox 353 2367 505 2410; x_wconf 86' lang='lat' dir='ltr'>castris</span> <span class='ocrx_word' id='word_1_202' title='bbox 542 2367 779 2410; x_wconf 90' lang='lat' dir='ltr'>tenuissent</span> <span class='ocrx_word' id='word_1_203' title='bbox 808 2384 816 2410; x_wconf 93' lang='lat'>:</span> <span class='ocrx_word' id='word_1_204' title='bbox 856 2366 1131 2429; x_wconf 86' lang='lat' dir='ltr'>multumque</span> <span class='ocrx_word' id='word_1_205' title='bbox 1169 2384 1321 2412; x_wconf 86' lang='lat' dir='ltr'>eorum</span> <span class='ocrx_word' id='word_1_206' title='bbox 1355 2369 1525 2429; x_wconf 88' lang='lat' dir='ltr'>opinio-</span> 
     </span>
     <span class='ocr_line' id='line_1_29' title="bbox 136 2447 1524 2510; baseline 0.001 -20"><span class='ocrx_word' id='word_1_207' title='bbox 136 2463 235 2490; x_wconf 87' lang='lat' dir='ltr'>nem</span> <span class='ocrx_word' id='word_1_208' title='bbox 279 2447 539 2507; x_wconf 81' lang='lat' dir='ltr'>adjuvabat,</span> <span class='ocrx_word' id='word_1_209' title='bbox 589 2448 706 2508; x_wconf 89' lang='lat' dir='ltr'>quod</span> <span class='ocrx_word' id='word_1_210' title='bbox 743 2449 834 2492; x_wconf 89' lang='lat' dir='ltr'>sine</span> <span class='ocrx_word' id='word_1_211' title='bbox 869 2450 1079 2510; x_wconf 85' lang='lat' dir='ltr'>jumentis</span> <span class='ocrx_word' id='word_1_212' title='bbox 1115 2449 1524 2510; x_wconf 80' lang='lat' dir='ltr'>impedimentisque</span> 
     </span>
     <span class='ocr_line' id='line_1_30' title="bbox 136 2527 1525 2592; baseline 0.001 -22"><span class='ocrx_word' id='word_1_213' title='bbox 136 2527 190 2570; x_wconf 77' lang='lat' dir='ltr'>ad</span> <span class='ocrx_word' id='word_1_214' title='bbox 222 2528 301 2571; x_wconf 87' lang='lat' dir='ltr'>iter</span> <span class='ocrx_word' id='word_1_215' title='bbox 329 2527 546 2589; x_wconf 88' lang='lat' dir='ltr'>profectos</span> <span class='ocrx_word' id='word_1_216' title='bbox 578 2528 808 2587; x_wconf 81' lang='lat' dir='ltr'>videbant,</span> <span class='ocrx_word' id='word_1_217' title='bbox 840 2540 913 2588; x_wconf 84' lang='lat' dir='ltr'>ut,</span> <span class='ocrx_word' id='word_1_218' title='bbox 950 2548 1036 2575; x_wconf 91' lang='lat' dir='ltr'>non</span> <span class='ocrx_word' id='word_1_219' title='bbox 1073 2547 1197 2592; x_wconf 87' lang='lat' dir='ltr'>posse</span> <span class='ocrx_word' id='word_1_220' title='bbox 1230 2530 1394 2573; x_wconf 89' lang='lat' dir='ltr'>diutius</span> <span class='ocrx_word' id='word_1_221' title='bbox 1428 2531 1525 2573; x_wconf 86' lang='lat' dir='ltr'>ino-</span> 
     </span>
    </p>
   </div>
   <div class='ocr_carea' id='block_1_3' title="bbox 138 2608 1524 2672">
    <p class='ocr_par' dir='ltr' id='par_1_5' title="bbox 138 2608 1524 2672">
     <span class='ocr_line' id='line_1_31' title="bbox 138 2608 1524 2672; baseline 0.003 -22"><span class='ocrx_word' id='word_1_222' title='bbox 138 2608 253 2667; x_wconf 83' lang='lat' dir='ltr'>piam</span> <span class='ocrx_word' id='word_1_223' title='bbox 283 2608 521 2667; x_wconf 87' lang='lat' dir='ltr'>sustinerc,</span> <span class='ocrx_word' id='word_1_224' title='bbox 562 2609 844 2655; x_wconf 85' lang='lat' dir='ltr'>confiderent.</span> <span class='ocrx_word' id='word_1_225' title='bbox 881 2612 985 2669; x_wconf 89' lang='lat' dir='ltr'>Sed,</span> <span class='ocrx_word' id='word_1_226' title='bbox 1025 2612 1099 2655; x_wconf 86' lang='lat' dir='ltr'>ubi</span> <span class='ocrx_word' id='word_1_227' title='bbox 1136 2610 1348 2672; x_wconf 82' lang='lat' dir='ltr'>paulatim</span> <span class='ocrx_word' id='word_1_228' title='bbox 1386 2619 1524 2654; x_wconf 83' lang='lat' dir='ltr'>retor-</span> 
     </span>
    </p>
   </div>
  </div>
 </body>
</html>
