1972 3356
447 251 492 288 16
656 251 694 286 C.
723 251 849 286 JULII
879 249 1098 284 CAESARIS
1130 248 1613 286 COMMENTARIORUM

448 336 602 380 finium
629 343 926 379 commoratus
942 368 952 387 ‚
978 344 1021 377 et
1050 350 1129 394 per
1151 331 1259 377 fines
1280 335 1662 393 Marrucinorum,
1691 340 1826 382 Fren-

446 427 672 471 tanorum,
697 415 998 472 Larinatium,
1028 415 1072 458 in
1101 413 1308 476 Apuliam
1334 416 1546 476 pervenit.

507 499 672 541 XXIV.
696 497 955 558 Pompeius,
991 496 1041 540 iis
1080 496 1210 540 rebus
1237 497 1448 558 cognitis,
1484 514 1579 557 quae
1613 508 1739 543 erant
1773 501 1828 544 ad

445 578 695 623 Corfinium
716 587 870 639 gestae,
889 578 1076 621 Luceria
1099 577 1394 638 proficiscitur
1410 578 1671 628 Canusium,
1696 589 1827 640 atque

445 658 547 703 inde
576 658 879 703 Brundisium.
908 658 1071 718 Copias
1090 657 1286 718 undique
1304 674 1454 701 omnes
1484 675 1535 702 ex
1562 659 1690 703 novis
1717 659 1829 704 dele-

443 739 586 784 ctibus
619 739 673 783 ab
703 755 747 783 se
778 739 875 799 cogi
896 738 1047 798 jubet;
1076 755 1244 795 servos,
1268 748 1468 799 pastores
1496 749 1660 795 armat,
1695 751 1828 801 atque

444 820 510 864 his
537 837 672 880 equos
700 820 902 863 attribuit
929 836 938 862 z
967 836 1017 863 ex
1045 820 1094 863 iis
1122 820 1294 863 circiter
1326 835 1405 864 000
1432 821 1602 880 equites
1632 821 1825 866 conficit.

444 903 493 944 L.
531 900 727 945 Manlius
753 911 915 962 praetor
943 899 1055 944 Alba
1087 917 1187 944 cum
1216 899 1470 944 cohortibus
1503 917 1575 944 sex
1609 901 1827 963 profugit3

445 981 637 1026 Rutilius
671 984 824 1043 Lupus
850 991 1014 1042 praetor
1036 982 1277 1024 Tarracina
1298 998 1399 1024 cum
1428 997 1480 1025 111
1509 999 1517 1024 z
1548 999 1644 1041 quae
1672 981 1826 1042 procul

443 1062 687 1122 equitatum
716 1062 901 1106 Caesaris
927 1062 1212 1123 conspicatae,
1251 1062 1320 1105 cui
1350 1071 1534 1121 praeerat
1563 1063 1714 1106 Bivius
1742 1064 1828 1107 Cu-

443 1145 556 1200 rius,
572 1142 725 1187 relicto
739 1152 949 1203 praetore,
966 1143 1092 1204 signa
1110 1141 1161 1185 ad
1181 1143 1366 1187 Curium
1381 1141 1673 1199 transferunt,
1695 1153 1828 1203 atque

443 1223 497 1267 ad
521 1240 620 1268 eum
643 1233 888 1268 transeunt.
910 1225 1024 1267 Item
1049 1221 1231 1284 reliquis
1253 1223 1486 1267 itineribus
1507 1222 1730 1267 nonnullae
1751 1240 1826 1267 co—

443 1305 591 1348 hortes
617 1305 660 1348 in
689 1321 845 1366 agmen
873 1305 1054 1349 Caesaris
1071 1339 1081 1359 ,
1114 1303 1205 1347 aliae
1230 1304 1273 1347 in
1299 1305 1467 1364 equites
1495 1304 1711 1348 incidunt.
1739 1306 1827 1348 Re-

442 1384 620 1429 ducitur
656 1384 710 1428 ad
757 1401 856 1429 eum
899 1384 1195 1445 deprehensus
1233 1401 1285 1428 ex
1322 1385 1475 1429 itinere
1513 1386 1593 1429 Cn.
1619 1385 1824 1446 Magius,

443 1466 681 1520 Cremona,
707 1464 939 1526 praefectus
968 1464 1141 1508 fabrum
1169 1466 1248 1509 Cn.
1276 1466 1495 1525 Pompeii3
1523 1482 1653 1525 quem
1682 1468 1829 1510 Caesar

443 1545 498 1588 ad
520 1561 621 1589 eum
644 1546 831 1589 remittit
848 1562 948 1588 cum
972 1545 1188 1589 mandatis
1213 1563 1222 1588 :
1248 1565 1268 1585 ι(
1289 1546 1496 1605 quoniam
1513 1546 1566 1589 ad
1590 1545 1634 1589 id
1655 1555 1828 1607 tempus

444 1624 625 1670 facultas
650 1624 928 1686 colloquendi
953 1642 1041 1669 non
1067 1625 1220 1680 fuerit,
1242 1635 1373 1685 atque
1399 1625 1453 1668 ad
1479 1642 1522 1669 se
1545 1625 1828 1670 Brundisium

444 1707 500 1750 sit
525 1717 757 1754 venturus,
790 1707 996 1749 interesse
1031 1705 1277 1766 reipublicae
1304 1716 1346 1749 et
1374 1707 1618 1749 communis
1655 1705 1827 1762 salutis,

444 1803 489 1830 se
505 1803 604 1831 cum
624 1786 837 1846 Pompeio
861 1785 1077 1845 colloqui3
1098 1802 1238 1845 neque
1261 1802 1365 1829 vero
1386 1785 1498 1829 idem
1520 1785 1674 1846 profici
1694 1785 1829 1847 longo

444 1868 611 1910 itineris
640 1867 781 1927 spatio
797 1902 807 1921 ‚
837 1882 975 1926 quum
1003 1882 1082 1926 per
1106 1865 1214 1909 alios
1234 1865 1510 1909 conditiones
1541 1865 1760 1922 ferantur,
1779 1881 1830 1910 ac

444 1949 477 1991 si
510 1965 659 1993 coram
685 1947 737 1990 de
759 1947 964 1991 omnibus
990 1946 1316 1990 conditionibus
1342 1946 1617 2007 disceptetur.
1645 1965 1666 1987 ))

507 2030 651 2073 XXV.
687 2029 764 2072 His
793 2027 904 2073 datis
933 2027 1173 2083 mandatis,
1208 2025 1492 2070 Brundisium
1519 2043 1618 2070 cum
1645 2025 1828 2087 legioni-

445 2111 525 2153 bus
561 2125 608 2153 v1
644 2109 869 2170 pervenit,
903 2108 1120 2151 veteranis
1157 2124 1231 2163 111,
1267 2106 1464 2167 reliquis,
1501 2123 1606 2167 quas
1635 2123 1686 2150 ex
1714 2123 1828 2150 novo

447 2189 616 2234 delectu
636 2189 903 2244 confecerat,
929 2197 1058 2248 atque
1082 2189 1125 2231 in
1151 2188 1305 2231 itinere
1325 2186 1620 2248 compleverat
1647 2204 1655 2230 :
1681 2187 1830 2231 Domi-

446 2272 585 2314 tianas
605 2271 720 2314 enim
744 2269 944 2313 cohortes
969 2269 1171 2329 protinus
1193 2285 1217 2312 a
1239 2267 1435 2312 Corfinio
1462 2268 1506 2310 in
1531 2266 1720 2310 Siciliam
1745 2268 1828 2310 mi-

447 2361 574 2395 serat.
627 2351 834 2411 Reperit‚
881 2347 1081 2393 consules
1122 2349 1412 2409 Dyrrachium
1466 2347 1682 2408 profectos
1728 2363 1828 2390 cum

449 2448 604 2493 inagna
633 2440 754 2491 parte
788 2430 1024 2485 exercitus,
1053 2429 1311 2489 Pompeium
1350 2444 1576 2471 remanere
1607 2425 1828 2470 Brundisii

447 2529 547 2555 cum
575 2511 830 2556 cohortibus
858 2510 1014 2571 viginti
1037 2508 1201 2569 (neque
1223 2518 1393 2553 certum
1422 2508 1607 2551 inveniri
1636 2516 1826 2567 poterat,

448 2593 733 2637 obtinendine
771 2589 994 2636 Brundisii
1023 2606 1153 2633 causa
1179 2590 1237 2633 ibi
1265 2589 1557 2643 remansisset,
1597 2603 1684 2647 quo
1722 2586 1828 2630 faci-

450 2671 530 2715 lius
560 2690 690 2716 omne
726 2671 998 2717 Adriaticum
1038 2686 1182 2725 mare,
1224 2669 1427 2713 extremis
1454 2666 1590 2711 Italiae
1629 2667 1826 2727 partibus
