1972 3356
577 212 642 245 DE
674 212 830 248 BELLO
865 212 1080 248 GALLICO
1113 212 1203 246 LIB.
1231 212 1258 246 I.
1599 212 1618 245 ‘3

226 311 346 339 mum
364 311 596 338 numerum
613 312 833 352 cocmere;
853 305 1071 340 sementes
1087 312 1218 356 quam
1233 295 1446 338 maximas
1458 294 1619 351 facere,

225 385 271 418 ut
309 377 352 418 in
386 375 542 419 itinere
568 377 694 437 copia
723 376 933 420 frumenti
967 385 1247 437 suppeteret3
1277 391 1378 419 cum
1408 376 1621 435 proximis

225 456 475 500 civitatibus
505 473 660 516 pacem
690 466 734 499 et
765 457 1004 499 amicitiam
1041 456 1318 500 confirmare.
1351 455 1420 500 Ad
1453 472 1523 499 eas
1555 472 1622 500 res

224 536 516 580 conficiendas
546 537 777 579 biennium
806 535 887 579 sibi
915 536 1019 580 satis
1054 552 1146 580 esse
1180 536 1402 580 duxerunt
1428 549 1440 589 3
1466 538 1511 579 in
1538 547 1623 580 ter-

223 617 334 659 tium
367 633 533 659 annum
570 616 890 676 profectionem
927 614 1021 677 lege
1045 615 1325 660 confirmant.
1355 616 1424 660 Ad
1453 633 1524 660 eas
1555 633 1622 660 res

223 695 517 739 conficiendas
534 696 774 758 Orgetorix
795 695 1019 757 deligitur.
1042 699 1084 740 Is
1108 696 1183 740 ubi
1200 694 1468 757 legationem
1486 696 1540 739 ad
1565 698 1623 739 ci-

223 778 378 821 vitates
406 778 623 838 suscepit,
658 778 703 820 in
733 794 784 821 eo
812 777 969 820 itinere
1003 776 1240 838 persuadet
1270 778 1469 831 Castico,
1494 779 1624 821 Cata-

224 858 484 902 mantaledis
519 857 629 914 filio,
666 861 894 919 Sequano,
933 859 1057 919 cujus
1095 868 1220 919 pater
1253 875 1440 919 regnum
1472 859 1516 901 in
1548 859 1625 901 Se-

223 940 378 999 quanis
405 938 568 983 multos
604 956 744 983 annos
779 939 1053 996 obtinuerat,
1091 949 1134 983 et
1176 940 1198 983 a
1232 940 1274 983 S.
1301 941 1349 982 P.
1374 942 1426 983 R.
1460 939 1625 981 amicus

223 1019 471 1081 appellatus
509 1030 631 1077 erat,
670 1030 717 1064 ut
743 1037 930 1081 regnum
968 1022 1011 1063 in
1046 1020 1225 1064 civitate
1256 1036 1334 1063 sua
1366 1029 1625 1080 occuparet,

224 1101 343 1162 quod
373 1111 498 1161 pater
528 1112 630 1145 ante
653 1102 871 1145 habuerat
894 1118 902 1144 ε
930 1102 1127 1161 itemque
1149 1101 1438 1161 Dumnorigi,
1460 1099 1624 1153 AEduo,

223 1181 347 1224 fratri
396 1182 625 1237 Divitiaci,
675 1183 750 1240 qui
791 1198 842 1224 eo
893 1190 1092 1241 tempore
1139 1181 1438 1241 principatum
1482 1181 1527 1223 in
1568 1182 1626 1222 ci—

225 1263 358 1304 vitate
391 1278 468 1304 sua
491 1261 744 1317 obtinebat,
769 1278 818 1305 ac
849 1262 1044 1304 maxime
1061 1260 1179 1321 plebi
1210 1271 1417 1321 acceptus
1443 1270 1556 1316 erat,
1579 1270 1628 1304 ut

224 1341 337 1384 idem
364 1351 624 1395 conaretur,
648 1340 908 1401 persuadet3
933 1341 1061 1400 eique
1089 1340 1225 1383 filiam
1251 1357 1375 1383 suam
1404 1342 1448 1382 in
1473 1342 1627 1383 matri-

224 1422 423 1465 monium
447 1420 534 1464 dat.
559 1420 772 1465 Perfacile
797 1421 917 1464 factu
942 1438 1033 1464 esse
1058 1419 1143 1464 illis
1168 1420 1328 1481 probat
1344 1429 1502 1463 conata
1530 1437 1627 1480 per-

224 1502 374 1559 ficere,
408 1512 644 1563 propterea
678 1502 795 1563 quod
833 1503 924 1562 ipse
955 1518 1041 1545 suae
1070 1502 1260 1545 civitatis
1290 1502 1525 1561 imperium
1551 1501 1627 1544 ob—

229 1593 429 1627 tenturus
453 1594 566 1627 essct
589 1601 597 1626 :
620 1601 709 1627 non
730 1600 821 1627 esse
842 1583 1052 1639 dubium,
1076 1584 1183 1643 quin
1204 1583 1341 1626 totius
1363 1581 1518 1627 Galliae
1533 1581 1627 1643 plu-

225 1665 388 1707 rimum
413 1664 605 1708 Helvetii
635 1675 813 1726 possent
845 1682 852 1708 :
885 1682 928 1708 se
953 1666 1041 1708 suis
1067 1664 1205 1724 copiis
1236 1680 1405 1724 suoque
1428 1663 1626 1707 exercitu

225 1745 308 1789 illis
338 1763 475 1808 regna
500 1745 869 1803 conciliaturum,
902 1746 1151 1790 confirmat.
1185 1747 1279 1788 Hac
1315 1745 1514 1788 oratione
1550 1744 1625 1788 ad—

225 1827 368 1881 ducti,
392 1829 506 1872 inter
532 1845 575 1871 se
600 1828 732 1871 fidem
756 1837 796 1871 et
812 1826 1127 1888 jusjurandum
1151 1826 1277 1882 dant,
1301 1835 1364 1882 et,
1395 1842 1532 1887 regno
1554 1842 1623 1869 oc-

225 1918 408 1969 cupato,
444 1925 523 1969 per
561 1919 647 1951 tres
680 1909 1011 1968 potentissimos
1044 1923 1093 1950 ac
1128 1907 1403 1950 firmissimos
1436 1905 1625 1967 populos

226 1991 360 2033 totius
387 1988 542 2034 Galliae
571 2006 663 2032 sese
692 1989 826 2049 potiri
855 2004 982 2049 posse
1011 1997 1204 2048 sperant.

287 2071 365 2113 IV.
402 2073 465 2114 Ea
492 2086 561 2112 res
589 2079 639 2112 ut
670 2079 736 2112 est
762 2067 977 2112 Helvetiis
1006 2084 1083 2128 per
1112 2067 1330 2111 indicium
1358 2068 1625 2122 enunciata,

226 2150 424 2194 moribus
448 2151 537 2194 suis
558 2151 872 2211 Orgetorigem
895 2166 947 2193 ex
971 2148 1159 2193 vinculis
1185 2164 1362 2192 causam
1387 2147 1531 2191 dicere
1555 2164 1627 2191 co-

227 2241 413 2292 egerunt
445 2248 454 2274 :
491 2230 751 2274 damnatum
784 2247 959 2291 poenam
993 2230 1117 2289 sequi
1151 2229 1411 2289 oportebat,
1448 2238 1499 2271 ut
1536 2229 1627 2289 igni

227 2321 515 2355 cremaretur.
555 2311 639 2355 Die
671 2311 913 2355 constituta
947 2327 1090 2354 causae
1128 2309 1352 2365 dictionis,
1388 2310 1627 2370 Orgetorix

227 2392 283 2436 ad
301 2391 520 2453 judicium
544 2408 722 2435 omnem
744 2409 867 2435 suam
892 2390 1126 2446 familiam,
1153 2390 1207 2434 ad
1230 2391 1464 2434 hominum
1490 2388 1628 2433 millia

228 2472 406 2529 decem,
439 2472 632 2533 undique
664 2473 827 2534 coegit,
862 2482 905 2516 et
940 2488 1090 2516 omnes
1119 2471 1299 2515 clientes
1325 2472 1627 2531 obaeratosque

230 2570 351 2609 suos,
376 2571 567 2615 quorum
598 2571 809 2615 magnum
834 2571 1071 2598 numerum
1099 2553 1308 2609 habebat,
1339 2552 1493 2596 eodem
1522 2568 1627 2594 con-

230 2634 355 2681 duxit
384 2653 392 2679 :
422 2653 499 2696 per
519 2653 611 2691 eos,
631 2652 685 2678 ne
713 2652 889 2680 causam
919 2636 1104 2692 diceret,
1131 2652 1174 2678 sc
1200 2634 1377 2694 eripuit.
1395 2634 1548 2690 Quum
1575 2632 1627 2675 ci-

1398 2729 1431 2755 ι.
