1972 3356
498 219 563 254 DE
590 217 753 253 BELLO
783 217 931 253 CIVILI
964 217 1055 251 LIB.
1085 217 1114 251 1.
1445 228 1489 261 27

130 323 254 366 oequo
277 304 372 348 loco
403 301 625 364 pugnandi
653 309 922 362 potestatem.
951 302 1168 343 Potestate
1201 298 1334 355 facta,
1366 299 1491 344 Afra-

131 386 228 429 nius
253 384 398 444 copias
422 381 587 436 educit,
611 390 654 424 et
676 382 719 423 in
747 379 892 423 medio
916 377 1024 422 colle
1050 378 1130 423 sub
1160 378 1309 422 castris
1333 380 1492 422 consti-

130 466 224 509 tuit.
262 465 430 515 Caesar,
477 461 552 504 ubi
591 459 815 521 cognovit,
854 474 930 518 per
958 457 1184 502 Afranium
1231 468 1363 515 stare,
1405 475 1492 519 quo

130 545 274 588 minus
300 540 452 603 proelio
476 539 778 593 dimicaretur,
803 537 856 580 ab
882 537 1041 580 infimis
1066 536 1284 581 radicibus
1304 539 1463 582 montis
1481 574 1492 591 ,

127 622 383 667 intermissis
397 620 570 664 circiter
588 617 785 679 passibus
809 632 893 670 cn,
917 625 1057 659 castra
1081 615 1222 660 facere
1240 618 1490 661 constituit:

129 712 194 758 et,
217 718 272 745 ne
303 701 347 744 in
387 715 518 761 opere
540 695 738 742 faciendo
770 695 928 740 milites
958 695 1188 755 repentino
1212 695 1404 739 hostium
1431 697 1494 739 in-

128 798 256 828 cursu
287 788 635 833 exterrerentur,
665 787 795 838 atque
828 791 960 837 opere
984 775 1344 836 prohiberentur,
1379 774 1494 819 vallo

127 861 288 905 muniri
320 860 484 913 vetuit,
521 857 640 919 quod
676 858 865 902 eminere
903 865 944 899 et
965 855 1118 917 procul
1155 854 1292 899 videri
1323 872 1495 900 necesse

126 951 238 996 erat3
265 940 338 985 sed
363 957 387 984 a
408 939 552 983 fronte
577 948 731 983 contra
760 937 927 981 hostem
954 935 1115 996 pedum
1134 952 1193 980 xv
1217 935 1376 981 fossam
1400 935 1494 979 fieri

122 1021 264 1081 jussit.
295 1020 442 1064 Prima
486 1029 530 1063 et
561 1018 748 1063 secunda
785 1017 897 1061 acies
930 1017 974 1060 in
1007 1017 1160 1073 armis,
1192 1026 1242 1060 ut
1275 1016 1328 1060 ab
1369 1016 1496 1059 initio

127 1101 364 1144 constituta
396 1109 507 1155 erat,
537 1098 820 1160 permanebat
847 1115 855 1141 :
887 1106 985 1156 post
1010 1096 1089 1140 hos
1111 1113 1221 1157 opus
1250 1096 1294 1139 in
1323 1094 1496 1140 occulto

129 1196 151 1223 a
178 1181 302 1225 tertia
322 1179 411 1222 acie
436 1178 580 1222 fiebat.
603 1178 673 1222 Sic
697 1194 826 1222 omne
848 1178 969 1238 prius
993 1186 1056 1221 est
1079 1176 1341 1237 perfectum,
1365 1192 1496 1236 quam

131 1257 446 1319 intelligeretur
473 1258 526 1301 ab
553 1257 755 1314 Afranio,
784 1266 921 1301 castra
949 1256 1123 1300 muniri.

192 1339 328 1381 XLII.
356 1337 445 1381 Sub
470 1353 722 1397 vesperum,
749 1338 890 1381 Caesar
917 1337 1028 1380 intra
1050 1336 1163 1379 hanc
1187 1335 1343 1379 fossam
1370 1333 1500 1395 legio-

130 1433 204 1461 nes
242 1416 435 1471 reducit,
472 1427 601 1476 atque
636 1417 696 1459 ibi
727 1416 807 1460 suh
843 1417 974 1459 armis
1006 1416 1202 1476 proxima
1233 1424 1360 1458 nocte
1397 1431 1500 1458 con-

132 1496 324 1555 quiescit.
363 1498 543 1540 Postero
586 1496 655 1539 die
694 1511 867 1539 omnem
917 1495 1155 1538 exercitum
1187 1495 1303 1537 intra
1339 1494 1498 1537 fossam

130 1576 342 1631 continet,
371 1585 431 1628 et,
457 1575 575 1636 quod
601 1574 772 1637 longius
797 1584 891 1619 erat
913 1591 1045 1637 agger
1066 1574 1302 1635 petendus,
1326 1575 1370 1618 in
1395 1591 1501 1635 prae-

130 1656 268 1700 sentia
291 1653 479 1699 similem
503 1656 719 1700 rationem
744 1657 886 1716 operis
912 1656 1127 1709 instituit,
1155 1653 1412 1715 singulaque
1441 1653 1500 1698 la-

131 1744 224 1777 tera
250 1744 492 1779 castrorum
520 1735 702 1796 singulis
727 1736 929 1779 attribuit
962 1734 1206 1796 legionibus
1236 1733 1473 1778 munienda
1489 1770 1499 1787 ‚

131 1813 353 1873 fossasque
381 1814 435 1859 ad
456 1814 650 1857 eamdem
679 1814 1024 1875 magnitudinem
1051 1814 1197 1874 perfici
1221 1814 1378 1874 jubet:
1405 1813 1501 1857 reli-

132 1908 239 1952 quas
263 1891 454 1953 legiones
492 1894 536 1936 in
571 1895 699 1937 armis
727 1893 943 1954 expeditas
974 1902 1126 1937 contra
1149 1893 1320 1936 hostem
1341 1894 1503 1936 consti-

134 1972 230 2015 tuit.
259 1970 460 2016 Afranius
485 1974 768 2034 Petreiusque
791 1973 978 2017 terrendi
1015 1989 1167 2027 causa,
1195 1983 1327 2033 atque
1359 1974 1501 2033 operis

134 2051 417 2111 impediendi,
444 2054 589 2113 copias
613 2069 710 2097 suas
734 2052 787 2096 ad
821 2053 992 2097 infimas
1020 2054 1179 2096 montis
1204 2052 1370 2097 radices
1397 2069 1500 2113 pro·

134 2129 323 2186 ducunt,
346 2141 389 2175 et
409 2131 561 2193 proelio
591 2131 818 2177 lacessunt.
847 2134 1000 2193 Neque
1026 2132 1186 2177 idcirco
1215 2134 1360 2177 Caesar
1391 2148 1501 2192 opus

135 2210 406 2264 intermittit,
427 2211 616 2256 confisus
638 2212 838 2273 praesidio
865 2212 1086 2274 legionum
1111 2213 1264 2269 trium,
1291 2222 1333 2256 et
1357 2213 1501 2255 muni-

135 2289 252 2332 tione
279 2288 413 2334 fossae.
438 2289 529 2345 Illi,
556 2308 644 2335 non
668 2291 740 2335 diu
765 2293 1039 2348 commorati,
1061 2308 1138 2336 nec
1161 2291 1332 2353 longius
1359 2291 1412 2335 ab
1437 2293 1501 2334 in-

135 2367 238 2411 fimo
273 2368 383 2412 colle
417 2372 667 2431 progressi,
694 2373 838 2432 copias
862 2372 906 2416 in
933 2382 1075 2417 castra
1101 2371 1330 2416 reducunt.
1353 2372 1501 2415 Tertio

135 2446 204 2491 die
234 2449 379 2493 Caesar
405 2448 519 2493 vallo
551 2460 691 2494 castra
729 2453 968 2496 communit
1007 2470 1015 2496 :
1055 2452 1241 2512 reliquas
1275 2452 1501 2506 cohortes,

135 2544 244 2587 quas
267 2529 309 2572 in
333 2531 629 2590 superioribus
655 2533 803 2577 castris
824 2532 1076 2593 reliquerat,
1108 2532 1503 2593 impedimentaque

136 2607 190 2649 ad
211 2624 253 2650 sc
281 2608 449 2653 traduci
467 2610 602 2669 jubet.
