1972 3356
480 262 546 298 DE
577 263 738 299 BELLo
769 265 987 301 GALL1co
1020 265 1112 300 ΠΒ.
1138 264 1222 300 vn.
1486 278 1550 310 171

146 345 374 407 explorata
398 347 606 404 victoria,
637 348 840 394 celeriter
864 351 1026 395 amissa
1049 361 1392 413 recuperaturos
1419 349 1556 395 confi-

147 427 325 473 debant.
364 429 648 475 Deliberatur
686 431 740 475 de
774 433 964 476 Avarico
994 434 1040 477 in
1073 433 1301 477 communi
1337 431 1556 483 concilio,

148 509 324 553 incendi
349 509 565 571 placeret,
589 529 645 556 an
669 512 859 557 defendi.
882 514 1194 558 Procumbunt
1217 514 1424 558 omnibus
1446 512 1557 558 Gal-

146 589 198 635 lis
227 591 282 635 ad
307 591 440 652 pedes
466 593 707 654 Bituriges,
746 613 767 634 α
791 610 847 637 ne
871 593 1221 654 pulcherrimam
1251 612 1390 656 prope
1421 595 1557 639 totius

146 671 304 716 Galliae
331 672 488 716 urbem
507 708 518 729 ,
553 690 650 734 quae
681 684 724 718 et
752 674 957 735 praesidio
988 685 1031 719 et
1061 686 1326 720 ornamento
1358 677 1413 720 sit
1450 677 1558 720 civi-

99 805 102 809 ,
146 754 242 810 tati,
253 754 342 797 suis
357 754 562 798 manibus
579 754 849 799 succendere
865 766 1146 818 cogerentur.
1162 756 1311 820 Facile
1324 774 1368 801 se
1382 756 1467 801 loci
1482 774 1560 801 na-

145 844 244 878 tura
259 833 540 892 defensuros,
555 835 733 894 dicunt,
749 837 890 898 quod,
907 855 1048 900 prope
1063 856 1116 883 ex
1134 840 1342 883 omnibus
1358 839 1559 901 partibus

145 915 329 961 flumine
347 926 390 961 et
411 916 572 979 palude
591 918 889 976 circumdata,
907 937 1048 964 unum
1069 920 1231 964 habeat
1251 930 1296 965 et
1316 937 1560 982 perangus-

144 1009 238 1044 tum
260 999 483 1044 aditum.»
499 1002 646 1045 Datur
667 1001 920 1062 petentibus
941 1002 1089 1059 venia,
1106 1001 1390 1047 dissuadente
1411 1002 1557 1063 primo

141 1081 530 1144 Vercingetorige,
554 1092 653 1144 post
678 1082 972 1138 concedente,
994 1093 1036 1127 et
1060 1084 1268 1145 precibus
1292 1084 1492 1145 ipsorum
1517 1093 1560 1127 et

144 1163 450 1207 misericordia
470 1162 606 1225 vulgi.
624 1163 895 1208 Defensores
919 1164 1085 1226 oppido
1111 1164 1259 1209 idonei
1284 1163 1556 1227 deliguntur.

208 1247 330 1290 XVI.
368 1246 713 1307 Vercingetorix
758 1247 1009 1291 minoribus
1055 1248 1275 1291 Caesarem
1326 1247 1559 1291 itineribus

143 1328 447 1389 subsequitur,
474 1337 514 1372 et
540 1327 686 1372 locum
709 1329 865 1373 castris
889 1328 1064 1391 deligit,
1084 1328 1324 1390 paludibus
1348 1328 1558 1390 silvisque

142 1410 392 1463 munitum,
421 1409 475 1453 ab
499 1410 689 1454 Avarico
714 1409 845 1471 longe
872 1408 1013 1454 millia
1036 1426 1249 1471 passuum
1271 1426 1363 1454 XVI.
1387 1410 1456 1453 Ibi
1481 1427 1559 1471 per

143 1501 285 1536 certos
321 1489 624 1552 exploratores
665 1492 708 1535 in
751 1491 926 1554 singula
963 1491 1051 1536 diei
1088 1502 1293 1553 tempora
1315 1528 1326 1547 ,
1368 1508 1465 1553 quae
1503 1492 1556 1536 ad

142 1573 385 1617 Avaricum
411 1583 650 1634 agerentur
668 1574 986 1636 cognoscebat,
1011 1583 1053 1618 et
1073 1573 1182 1636 quid
1206 1574 1302 1618 fieri
1322 1572 1455 1618 vellet
1478 1574 1558 1618 im-

142 1655 337 1715 perabat.
362 1657 532 1700 Omnes
555 1665 730 1700 nostras
755 1654 1068 1717 pabulationes
1096 1656 1559 1716 frumentationesque

141 1736 434 1792 observabat3
456 1735 789 1798 dispersosque,
809 1755 948 1798 quum
978 1737 1155 1800 longius
1180 1738 1431 1782 necessario
1456 1754 1558 1798 pro-

141 1817 370 1874 cederent,
394 1817 695 1875 adoriebatur,
721 1836 975 1880 magnoque
999 1818 1287 1863 incommodo
1315 1819 1555 1872 afficiebat3

142 1900 252 1954 etsi,
275 1909 493 1960 quantum
520 1900 694 1943 ratione
718 1899 944 1961 provideri
975 1910 1176 1961 poterat,
1206 1901 1260 1943 ab
1288 1901 1454 1945 nostris
1482 1917 1557 1944 oc-

143 1981 421 2038 currebatur,
446 1991 494 2024 ut
521 1981 701 2025 incertis
726 1981 1002 2042 temporibus
1025 1981 1297 2041 diversisque
1322 1982 1556 2026 itineribus

145 2062 299 2105 iretur.

206 2146 352 2189 XVII.
390 2145 558 2189 Castris
589 2145 644 2188 ad
675 2161 769 2189 eam
800 2154 972 2206 partem
998 2144 1153 2206 oppidi
1182 2144 1364 2206 positis,
1390 2146 1553 2196 Caesar,

141 2243 238 2288 quae
267 2226 517 2270 intermissa
547 2243 571 2270 a
600 2225 783 2270 flumine
818 2236 861 2270 et
897 2225 1060 2288 palude
1099 2225 1292 2283 aditum,
1333 2236 1382 2270 ut
1420 2243 1555 2287 supra

141 2308 357 2363 diximus,
385 2318 626 2370 angustum
655 2308 867 2364 habehat,
895 2326 1103 2371 aggerem
1132 2325 1373 2371 apparare,
1402 2309 1554 2353 vineas

141 2407 297 2454 agere,
334 2401 478 2435 turres
509 2390 619 2435 duas
653 2392 925 2436 constituere
952 2393 1084 2453 coepit
1109 2409 1118 2435 :
1147 2408 1251 2435 nam
1286 2390 1553 2436 circumval-

141 2472 230 2517 lare
251 2473 335 2517 loci
359 2483 522 2517 natura
545 2473 823 2534 prohibebat.
849 2475 918 2518 De
944 2491 990 2518 re
1011 2474 1304 2518 frumentaria
1330 2474 1461 2518 Boios
1488 2483 1554 2517 at-

140 2571 225 2616 que
249 2554 414 2599 AEduos
439 2553 668 2598 adhortari
697 2572 788 2599 non
812 2555 982 2600 destitit
1004 2573 1012 2599 :
1037 2573 1230 2617 quorum
1257 2554 1410 2610 alteri,
1430 2555 1552 2616 quod

139 2635 264 2679 nullo
285 2635 432 2679 studio
451 2636 659 2697 agebant,
679 2654 769 2681 non
789 2636 981 2682 multum
998 2637 1296 2699 adjuvabant;
1314 2636 1442 2681 alteri
1461 2654 1550 2681 non

143 2716 311 2778 magnis
336 2715 644 2775 facultatibus,
665 2717 784 2778 quod
810 2719 965 2763 civitas
985 2730 1080 2764 erat
1104 2720 1263 2782 exigua
1285 2728 1327 2762 et
1351 2717 1526 2762 infirma
1541 2755 1550 2772 ,
