1972 3356
617 242 684 277 DE
714 241 876 277 BELLO
909 240 1061 276 CIVILI
1091 239 1185 274 LIB.
1214 237 1243 274 I.
1578 232 1621 269 51

229 326 310 370 diae
346 324 644 388 relinquatur,
681 342 735 370 ne
772 324 827 369 ad
863 323 1070 369 ultimum
1114 320 1379 384 supplicium
1419 317 1629 381 progredi

229 423 405 451 necesse
427 407 671 451 habeant.»
699 409 802 450 Haec
824 418 956 466 quam
987 413 1131 465 potest
1160 402 1468 447 demississime
1498 409 1631 460 atque

231 489 550 550 subjectissime
580 489 776 549 exponit.

294 571 521 615 LXXXV.
548 569 615 615 Ad
640 586 690 612 ea
713 570 861 612 Caesar
878 566 1107 628 respondit
1132 583 1180 609 z«
1197 564 1534 610 Nulliomnium
1553 564 1632 608 has

230 661 378 713 partes
411 650 480 695 vel
514 650 827 711 querimoniae,
858 646 927 691 vel
955 646 1276 699 miserationis,
1306 646 1451 689 minus
1478 662 1634 689 conve-

233 734 349 777 nisse
373 750 382 775 :
407 731 601 792 reliquos
635 730 753 774 enim
792 745 944 773 omnes
967 744 1097 772 suum
1130 726 1328 770 officium
1354 726 1634 787 praestitisse,

232 833 297 874 se,
315 816 390 877 qui
415 815 546 858 etiam
572 813 689 856 bona
711 810 988 866 conditione,
1010 819 1053 852 et
1075 807 1174 853 loco
1198 818 1240 852 et
1265 818 1464 869 tempore
1486 824 1635 868 aequo,

232 897 469 959 confligere
484 894 676 939 noluerit
690 928 701 949 ,
717 902 766 937 ut
780 909 913 954 quam
936 891 1220 952 integerrima
1242 899 1387 934 essent
1411 888 1466 933 ad
1482 905 1636 949 pacem

232 980 407 1035 omnia3
432 977 675 1021 exercitum
700 992 850 1031 suum,
870 975 967 1035 qui,
989 973 1152 1034 injuria
1175 972 1307 1016 etiam
1329 980 1508 1032 accepta
1532 970 1639 1014 suis-

233 1077 320 1122 que
340 1058 603 1115 interfectis,
631 1074 743 1119 quos
770 1057 815 1100 in
851 1072 930 1100 sua
957 1064 1177 1117 potestate
1199 1054 1432 1111 habuerit,
1463 1069 1640 1096 conser-

233 1142 349 1186 varit
372 1151 414 1185 et
439 1141 618 1197 texerit3
646 1138 764 1183 illius
792 1137 985 1199 denique
1016 1137 1231 1181 exercitus
1256 1134 1442 1188 milites,
1466 1134 1540 1194 qui
1560 1150 1641 1194 per

237 1240 281 1267 se
301 1222 355 1267 de
380 1220 655 1266 consilianda
678 1237 788 1282 pace
817 1220 989 1282 egerint
1021 1236 1029 1264 :
1061 1235 1149 1279 qua
1172 1219 1218 1261 in
1241 1234 1289 1262 re
1313 1217 1514 1261 omnium
1542 1232 1640 1259 suo-

236 1321 337 1349 rum
369 1304 470 1349 vitae
494 1301 817 1348 consulendum
845 1302 1057 1363 putarint.
1092 1300 1162 1344 Sic
1192 1300 1395 1344 omnium
1433 1297 1641 1342 ordinum

236 1396 386 1448 partes
400 1387 446 1429 in
464 1384 767 1429 misericordia
789 1383 1038 1427 constitisse
1066 1399 1075 1426 :
1095 1382 1213 1442 ipsos
1237 1380 1370 1425 duces
1395 1397 1420 1424 a
1440 1396 1547 1441 pace
1567 1379 1644 1422 ab·

236 1467 462 1511 horruisse
494 1484 503 1510 :
530 1482 604 1510 eos
636 1482 780 1526 neque
803 1463 1037 1524 colloquii,
1062 1479 1207 1524 neque
1231 1461 1512 1505 induciarum
1541 1461 1644 1521 jura

236 1564 454 1605 servasse,
484 1557 526 1591 et
549 1547 751 1590 homines
776 1546 1027 1607 imperitos,
1054 1554 1095 1588 et
1113 1561 1192 1606 per
1224 1542 1497 1604 colloquium
1521 1541 1646 1586 dece-

236 1640 336 1691 ptos
358 1627 660 1674 crudelissime
690 1628 972 1672 interfecisse.
996 1627 1218 1673 Accidisse
1243 1627 1382 1688 igitur
1405 1626 1496 1682 his,
1524 1624 1646 1686 quod

236 1710 501 1773 plerumque
527 1710 785 1756 hominibus
811 1710 946 1754 nimia
967 1710 1212 1771 pertinacia
1236 1719 1371 1770 atque
1388 1708 1647 1770 arrogantia

239 1792 437 1838 accidere
460 1791 624 1849 soleat,
650 1792 715 1836 uti
746 1808 798 1835 eo
827 1800 1089 1847 recurrant,
1119 1800 1161 1834 et
1184 1790 1230 1833 id
1263 1790 1547 1851 cupidissime
1570 1805 1647 1849 pe-

241 1884 360 1929 tant,
388 1873 509 1935 quod
534 1872 667 1935 paulo
690 1883 791 1917 ante
816 1872 1178 1933 contempserint.
1204 1871 1362 1931 Neque
1390 1887 1509 1914 nunc
1535 1887 1579 1914 se
1607 1869 1650 1913 il-

241 1954 387 1999 lorum
415 1954 684 2012 humilitate,
713 1970 855 2015 neque
889 1952 1037 2014 aliqua
1063 1953 1273 2014 temporis
1312 1953 1650 2013 opportunitate

243 2035 487 2099 postulare,
527 2036 688 2098 quibus
728 2036 861 2080 rebus
897 2044 1144 2096 augeantur
1173 2051 1278 2096 opes
1311 2051 1428 2091 suae3
1468 2033 1543 2078 sed
1575 2050 1649 2077 cos

244 2118 490 2172 exercitus,
531 2134 642 2178 quos
676 2127 833 2161 contra
858 2134 902 2160 se
933 2115 1095 2160 multos
1126 2116 1218 2177 jam
1256 2132 1396 2160 annos
1436 2114 1649 2171 aluerint,

245 2198 358 2244 velle
378 2198 557 2243 dimitti.
582 2200 737 2260 Neque
758 2198 876 2242 enim
898 2215 971 2242 sex
1001 2197 1197 2260 legiones
1218 2196 1302 2241 alia
1328 2197 1381 2241 (16
1401 2213 1534 2242 causa
1554 2197 1653 2241 mis-

247 2299 314 2327 sas
337 2283 382 2325 in
404 2281 685 2343 Hispaniam,
715 2281 1036 2342 septimamque
1059 2279 1120 2323 ibi
1157 2278 1478 2340 conscriptam,
1509 2294 1652 2339 neque

248 2373 316 2407 tot
352 2372 584 2423 tantasque
615 2361 773 2406 classes
809 2371 1009 2423 paratas,
1044 2378 1185 2422 neque
1216 2361 1455 2405 submissos
1494 2360 1653 2416 duces,

248 2445 313 2489 rei
341 2443 543 2490 militaris
582 2444 779 2506 peritos:
807 2442 916 2487 nihil
951 2443 1111 2487 horum
1158 2442 1213 2487 ad
1252 2441 1471 2503 pacandas
1501 2442 1656 2502 Hispa-

252 2527 369 2585 nias,
410 2525 521 2570 nihil
563 2525 619 2570 ad
652 2542 781 2570 usum
823 2525 1067 2569 Provinciae
1102 2525 1356 2586 provisum,
1392 2539 1517 2584 quae,
1551 2539 1655 2584 pro-

255 2619 352 2669 pter
375 2608 713 2653 diuturnitatem
742 2608 890 2669 paciS,
921 2606 1097 2652 nullum
1130 2607 1343 2652 auxilium
1372 2606 1656 2662 desiderarit3

256 2692 401 2735 omnia
434 2691 525 2736 haec
558 2691 649 2752 jam
696 2690 865 2752 pridem
906 2699 1061 2734 contra
1094 2705 1139 2734 se
1183 2689 1354 2750 parari;
1386 2689 1431 2732 in
1470 2704 1516 2732 se
1554 2688 1658 2731 novi

1403 2772 1446 2825 4.
