1972 3356
354 266 426 299 172
563 256 602 291 C.
635 256 764 292 JULII
794 257 1013 294 CAESARIS
1044 257 1537 293 COMMENTARIORUM

349 338 568 397 celeriter,
593 340 715 401 quod
730 342 1006 398 habuerunt,
1027 351 1415 403 consumpserunt.
1443 343 1624 386 Summa
1644 342 1755 389 diffi-

347 418 513 464 cultate
535 422 597 465 rei
622 421 925 468 frumentariae
951 423 1113 468 affecto
1135 423 1329 468 exercitu
1348 458 1359 479 ‚
1386 423 1605 467 tenuitate
1626 425 1759 468 Boio-

349 517 471 559 rum,
502 501 782 565 indiligentia
812 505 1081 563 AEduorum,
1113 503 1328 550 incendiis
1353 503 1668 562 aedificiorum,
1692 522 1763 550 us-

348 599 436 643 que
478 599 530 628 eo
568 594 618 628 ut
649 584 903 648 complures
940 586 1032 632 dies
1067 585 1230 632 milites
1256 585 1485 630 frumento
1516 587 1763 643 caruerint,

349 673 393 708 et
427 681 588 726 pecore
617 683 641 711 e
669 665 1059 729 longinquioribus
1093 669 1200 713 vicis
1231 668 1390 712 adacto
1421 678 1666 713 extremam
1700 667 1764 712 fa-

349 763 468 790 mem
493 757 816 806 sustentarent,
839 749 960 794 nulla
988 760 1133 795 tamen
1157 767 1238 794 vox
1262 760 1328 794 est
1348 749 1401 794 ab
1421 750 1472 794 iis
1496 749 1670 806 audita,
1689 766 1764 811 po·

351 826 443 889 puli
476 831 650 874 romani
679 832 907 893 majestate
935 841 979 876 et
1005 832 1310 894 superioribus
1338 832 1535 876 victoriis
1565 831 1762 893 indigna.

350 910 476 969 Quin
506 911 641 956 etiam
665 913 827 969 Caesar,
851 931 988 975 quum
1014 914 1058 957 in
1085 930 1219 975 opere
1243 913 1441 976 singulas
1467 912 1662 975 legiones
1686 930 1762 975 ap—

350 990 559 1051 pellaret,
593 1003 659 1048 et,
683 995 718 1038 si
745 994 950 1039 acerbius
975 996 1171 1056 inopiam
1194 994 1382 1051 ferrent,
1405 1012 1450 1039 se
1475 994 1762 1040 dimissurum

351 1075 735 1134 oppugnationem
766 1075 954 1133 diceret,
987 1077 1181 1120 universi
1207 1076 1262 1119 ab
1292 1093 1361 1130 eo,
1382 1097 1402 1117 «
1430 1093 1484 1120 ne
1511 1075 1552 1119 id
1581 1076 1764 1130 faceret,

354 1154 564 1215 petebant
592 1173 601 1199 :
630 1157 692 1201 sic
727 1175 772 1201 se
806 1157 1060 1221 complures
1094 1175 1235 1202 annos
1275 1156 1351 1202 illo
1388 1159 1638 1220 imperante
1673 1175 1765 1203 me-

354 1237 494 1281 ruisse
529 1248 577 1282 ut
610 1237 780 1284 nullam
810 1240 1102 1302 ignominiam
1133 1241 1408 1302 acciperent,
1437 1255 1666 1301 nunquam
1699 1241 1766 1283 in-

353 1318 468 1364 fecta
497 1336 544 1364 re
573 1320 878 1377 discederent,
910 1322 996 1366 hoc
1027 1339 1072 1366 se
1102 1322 1355 1384 ignominiae
1387 1321 1557 1367 laturos
1587 1321 1704 1379 loco,
1731 1324 1766 1367 si

357 1401 580 1462 inceptam
611 1405 995 1465 oppugnationem
1024 1403 1305 1466 reliquissent
1331 1421 1338 1447 :
1373 1413 1580 1465 praestare
1613 1420 1766 1448 omncs

355 1481 549 1542 perferre
585 1484 880 1540 acerbitates,
921 1503 1055 1547 quam
1095 1503 1182 1530 non
1226 1486 1395 1531 civibus
1436 1487 1655 1541 romanis,
1689 1487 1766 1546 qui

355 1564 528 1609 Genabi
571 1566 757 1626 perfidia
802 1566 1037 1612 Gallorum
1087 1568 1366 1624 interissent,
1414 1576 1714 1628 parentarent.
1749 1589 1767 1608 »

358 1646 459 1689 Haec
487 1646 642 1692 eadem
672 1649 1008 1693 centurionibus
1044 1649 1324 1710 tribunisque
1352 1647 1546 1694 militum
1583 1649 1767 1693 manda—

355 1726 481 1784 bant,
508 1738 557 1773 ut
587 1746 668 1791 per
692 1747 766 1775 eos
792 1731 847 1775 ad
874 1733 1093 1777 Caesarem
1119 1731 1413 1776 deferrentur.

420 1811 587 1855 XVIII.
618 1813 774 1870 Quum
789 1813 882 1874 jam
908 1830 1038 1857 muro
1066 1824 1210 1857 turres
1235 1815 1689 1875 appropinquassent,
1715 1830 1767 1856 ex

357 1892 545 1952 captivis
578 1895 725 1938 Caesar
758 1896 992 1957 cognovit,
1025 1896 1467 1958 Vercingetorigem,
1500 1905 1767 1956 consumpto

358 1972 542 2034 pabulo,
566 1985 707 2019 castra
737 1977 927 2021 movisse
957 1977 1142 2038 propius
1171 1978 1430 2033 Avaricum,
1460 1986 1594 2038 atque
1623 1977 1767 2038 ipsum

355 2071 457 2099 cum
494 2057 696 2118 equitatu
732 2058 1061 2121 expeditisque,
1100 2060 1174 2121 qui
1214 2060 1330 2104 iuter
1365 2061 1536 2121 equites
1573 2058 1768 2121 proeliari

355 2149 664 2195 consuessent,
687 2140 950 2186 insidiarum
972 2159 1099 2186 causa
1120 2158 1171 2185 eo
1191 2140 1464 2203 profectum,
1488 2158 1578 2203 quo
1594 2152 1769 2185 nostros

358 2229 535 2280 postero
556 2220 627 2265 die
652 2221 915 2283 pabulatum
935 2234 1148 2268 venturos
1173 2224 1482 2268 arbitraretur.
1504 2223 1680 2280 Quibus
1702 2240 1770 2267 re-

356 2300 438 2345 bus
462 2303 675 2364 cognitis,
699 2303 845 2350 media
869 2315 1000 2349 nocte
1024 2304 1200 2350 silentio
1224 2305 1470 2367 profectus,
1493 2305 1547 2349 ad
1572 2304 1765 2348 hostium

357 2392 500 2427 castra
536 2401 666 2430 mane
704 2387 924 2447 pervenit.
969 2385 1065 2442 Illi,
1107 2385 1309 2431 celeriter
1350 2404 1428 2448 per
1466 2383 1767 2446 exploratores

356 2464 551 2510 adventu
577 2468 764 2513 Caesaris
789 2470 991 2530 cognito,
1016 2486 1165 2514 carros
1188 2468 1596 2530 impedimentaque
1623 2483 1700 2510 sua
1722 2467 1765 2510 in

358 2548 570 2592 arctiores
595 2549 726 2594 silvas
749 2549 1041 2606 abdiderunt,
1069 2551 1218 2611 copias
1239 2567 1394 2594 omnes
1420 2549 1464 2592 in
1490 2547 1586 2592 loco
1611 2559 1767 2610 aperto

359 2636 492 2687 atque
516 2629 636 2675 edito
664 2632 988 2676 instruxerunt.
1016 2632 1120 2689 Qua
1151 2648 1197 2675 re
1225 2631 1456 2683 nuntiata,
1481 2631 1626 2674 Caesar
1655 2627 1767 2672 celc-

360 2706 466 2751 ritei·
497 2711 690 2756 sarcinas
717 2712 934 2769 conferri,
959 2729 1079 2756 arma
1111 2711 1306 2773 expediri
1329 2710 1472 2771 jussit.
