1972 3356
320 286 392 319 270
726 276 878 310 NOTAE
908 276 962 310 IN
992 276 1190 311 LIBRUM
1222 277 1295 310 VH

315 353 493 387 Caesarem
506 357 832 400 praecucurrerant.
845 351 982 394 Millin,
996 352 1059 399 qui
1079 353 1125 387 de
1150 365 1189 387 re
1209 353 1415 400 antiquaria
1435 355 1532 390 bene
1552 356 1703 399 meruit,

315 414 353 447 in
382 414 484 448 ,Mon
512 421 585 447 ant.
617 413 735 454 ined.‚
762 419 787 446 t.
812 425 847 456 1,
871 425 908 459 p.
940 412 1030 457 146,
1053 426 1073 448 e
1098 414 1222 461 lapide
1242 414 1390 450 detecto
1414 427 1515 450 anno
1539 429 1636 463 1792
1666 417 1703 451 in

315 475 565 509 fundamentis
585 474 677 509 arcis
691 474 1050 522 Bourbon-Lancy,
1067 475 1176 510 docet
1190 477 1449 525 Eporedirzgris
1467 489 1608 512 nomen
1627 490 1705 513 esse

315 536 421 582 quale
435 536 536 571 idem
554 535 616 571 hic
635 536 788 584 legitur,
813 536 963 583 ejusque
977 535 1095 572 filium
1109 538 1293 585 Magnum
1312 538 1486 573 clientem
1504 538 1614 574 fuisse
1627 540 1698 574 Cae-

312 597 420 640 saris,
438 605 628 645 assumpto
648 597 802 633 nomine
828 597 867 632 C.
886 598 986 632 sulii.
1014 599 1073 633 En
1091 598 1400 646 inscriptionem:

567 690 605 719 C.
632 691 788 718 IVLIVS.
813 691 1150 720 EPOREDIRIGIS.
1178 692 1215 720 F.
1242 692 1441 721 MAGNVS.

649 755 751 783 PRO.
782 757 820 784 L.
854 756 989 784 IVLIO.
1017 756 1212 785 CALENO.
1240 757 1373 785 FILIO.

730 821 1014 849 BORMONIEE.
1045 821 1286 850 DAMONAE.

900 886 997 913 VOT.
1028 887 1129 915 SOL.

309 970 354 1004 In
377 982 446 1017 qua
472 969 673 1016 legendum
695 968 929 1004 BORMONI
953 969 1016 1003 ET
1036 969 1281 1004 DAMONAE
1306 972 1469 1006 VOTum
1494 973 1651 1017 SOLviz‘,
1668 974 1707 1009 id

309 1039 363 1067 est
386 1032 459 1067 deo
484 1032 664 1067 Bormani
680 1038 716 1065 et
736 1030 813 1065 deae
842 1031 1047 1073 Dammae,
1070 1043 1150 1077 quae
1168 1031 1260 1065 mihi
1281 1032 1428 1068 videtur
1447 1034 1578 1069 eadem
1598 1035 1707 1071 fuisse

308 1106 350 1128 ac
374 1095 572 1135 Damona,
601 1105 673 1127 una
699 1105 717 1127 e
742 1091 992 1134 Danaidibus‚
1016 1098 1051 1126 et
1081 1092 1221 1126 Damia
1248 1094 1307 1127 vel
1334 1095 1445 1129 Bona
1473 1097 1578 1138 Dea,
1605 1097 1707 1143 cujus

308 1155 441 1190 festum
472 1156 649 1189 Dumium
689 1152 861 1188 kalendis
892 1152 981 1187 maii
1012 1153 1290 1198 celebrabatur,
1328 1162 1363 1190 et
1388 1156 1562 1192 sacerdos
1590 1170 1706 1193 voca-

307 1217 418 1252 batur
460 1217 640 1259 Damias,
671 1229 691 1250 a
723 1213 858 1258 ὃαμιάι
890 1215 1036 1258 dorice,
1074 1227 1144 1261 pro
1171 1212 1308 1263 ancae'n,
1342 1218 1540 1262 meretrix,
1575 1220 1708 1267 gallice

304 1281 443 1320 femme
452 1279 649 1327 publique,
668 1278 762 1313 sicut
781 1279 906 1313 Venus
927 1275 1128 1321 πάνὲημσς
1147 1285 1183 1313 et
1201 1279 1281 1325 ipsa
1301 1281 1404 1314 Bona
1416 1281 1507 1315 Dea.
1519 1282 1708 1328 Eporedi-

307 1342 399 1389 rigis
418 1354 508 1376 vero
529 1353 669 1375 nomen
689 1341 737 1375 ab
757 1341 970 1387 Eporedia,
990 1341 1116 1384 Ivree,
1135 1348 1171 1376 et
1185 1354 1272 1386 rex,
1289 1349 1413 1376 ortum
1433 1342 1526 1377 mihi
1548 1343 1708 1389 videtur,

307 1410 342 1437 et
362 1404 444 1437 Rex·
460 1403 664 1451 Eporedioe
686 1400 908 1449 significare.
934 1404 1006 1436 Pro
1036 1402 1290 1438 Viridomarus
1309 1403 1446 1451 legitur
1465 1404 1502 1436 V
1498 1405 1709 1440 irdamarus

307 1465 345 1499 in
365 1465 482 1500 Fastis
501 1464 808 1512 Triumphalibus
823 1464 991 1509 Gruteri,
1009 1477 1045 1512 p.
1069 1477 1142 1513 297
1165 1478 1172 1499 :

688 1562 728 1583 M.
757 1560 951 1583 CLAUDIUS.
980 1561 1020 1583 Μ.
1046 1561 1079 1583 F.
1103 1561 1142 1583 M.
1168 1561 1205 1583 N.
1231 1561 1307 1583 MAR

692 1621 841 1644 CELLUS.
861 1621 923 1646 AN.
942 1622 1075 1644 Dxxxl.
1101 1621 1176 1644 COS.
1203 1622 1265 1645 DE.

693 1683 860 1705 GALLEIS.
886 1683 1122 1705 INSUBRIBUS.
1144 1683 1204 1705 ET.

699 1744 869 1766 GERMAN.
893 1745 929 1767 K.
957 1744 1070 1767 MART.
1102 1744 1221 1774 ISQUE.

699 1806 839 1828 SPOLIA.
861 1806 988 1828 ΟΡῙΜΑ.
1011 1806 1188 1828 RE'rULlT.

701 1867 812 1889 DUCE.
833 1867 1016 1889 HOSTIUM.
1036 1867 1275 1890 VIRJNJMARO.

701 1930 760 1951 AD.
786 1929 1028 1951 CLASTIDIUM.
1053 1928 1175 1951 INTER

705 1991 836 2015 PECTO.

313 2066 403 2100 Vicle
429 2071 509 2099 not.
530 2064 570 2099 in
593 2063 658 2099 lib.
701 2076 768 2108 111,
796 2076 877 2111 cap.
909 2078 966 2110 17.
997 2069 1032 2098 et
1058 2063 1123 2098 lib.
1150 2076 1195 2108 ν,
1218 2076 1298 2111 cap.
1325 2063 1357 2099 3.

359 2145 443 2178 CAP.
469 2142 588 2178 XLII.
619 2141 823 2177 Cabillono.
848 2140 1233 2176 Chalon-sur-Saone
1243 2168 1252 2185 ‚
1273 2148 1362 2176 tunc
1386 2141 1593 2177 AEduorum
1624 2154 1706 2177 em-

307 2205 458 2252 porium
476 2203 830 2252 frequentissimum.
845 2201 1006 2237 Codices
1019 2202 1139 2237 nostri
1151 2203 1246 2250 regii
1262 2203 1472 2246 Cauillono,
1493 2204 1707 2238 Cavillonno

305 2267 458 2302 habent.
480 2268 628 2303 Graecus
647 2266 832 2313 interpres
854 2261 1114 2309 Κωζιλοιὺνον,
1133 2265 1270 2300 Strabo
1297 2263 1557 2308 Καβύλλινονς
1575 2267 1705 2302 Ptole—

306 2342 418 2365 maeus
437 2336 474 2365 et
492 2329 706 2364 Marcianus
724 2328 861 2363 rectius
879 2324 1145 2372 ΚαζάΛλινον,
1163 2327 1305 2362 Notitia
1320 2328 1548 2375 dignitatum
1565 2328 1706 2364 Cabal—

308 2393 503 2434 ledanum,
517 2390 732 2427 Ammianus
740 2389 978 2425 Marcellinus
994 2389 1224 2433 Cabillones,
1238 2390 1422 2425 Eumenes
1434 2390 1555 2437 patria
1564 2389 1705 2425 AEduus

313 2454 584 2490 Cabillonensis
595 2460 734 2501 portus.
750 2452 869 2500 Igitur
881 2452 984 2488 urbis
997 2452 1105 2499 hujus
1125 2464 1265 2487 nomen
1278 2465 1298 2486 a
1311 2452 1500 2495 caballus,
1516 2452 1610 2499 petit
1620 2452 1705 2486 che-

309 2516 522 2561 val‚0ritur,
532 2515 625 2551 sicut
640 2515 857 2551 caballinus
865 2514 960 2560 fons
971 2522 1032 2549 aut
1047 2514 1301 2562 Hippocrene,
1317 2521 1352 2549 et
1366 2525 1563 2561 perperam
1572 2513 1704 2560 gallice

310 2578 484 2614 scribitur
499 2577 676 2620 Chalons,
687 2577 779 2612 sicut
790 2576 953 2612 Clzdlons
965 2590 1027 2611 sur
1036 2578 1181 2621 Marne,
1191 2590 1210 2611 a
1224 2576 1439 2619 Catalauni,
1448 2587 1517 2623 pro
1527 2574 1671 2610 Clzdlon
1686 2590 1704 2610 a

315 2640 558 2675 Cabillonum.
578 2640 677 2674 Male
692 2639 814 2674 Surita
828 2639 906 2673 vult
923 2638 1155 2681 Cabellione,
1172 2637 1336 2673 Cabellio
1357 2637 1455 2672 enim
1470 2635 1573 2671 urbis
1589 2635 1704 2671 hodi&

313 2701 417 2735 dictae
435 2702 646 2744 Cavaillon,
664 2713 803 2736 nomen
824 2707 888 2735 est.
