1972 3356
370 286 440 321 ¹92
573 277 612 310 C.
645 275 771 311 JUL11
804 274 1022 312 CAESARIS
1054 276 1541 315 COMMENTARIORUM

360 376 482 403 more
518 358 676 420 gallico
700 375 878 420 passum
910 359 1120 421 capillum
1149 371 1392 418 ostentare,
1430 361 1679 422 liberosque
1719 363 1761 405 in

360 449 649 500 conspectum
673 439 871 500 proferre
897 452 1139 501 coeperunt.
1166 444 1275 486 Erat
1297 443 1509 486 Romanis
1535 458 1614 485 nee
1644 441 1763 498 loco,

358 536 440 564 nec
469 537 679 575 numero,
707 537 833 582 aequa
864 522 1091 566 eontentio
1120 540 1127 565 :
1163 521 1294 567 simul
1323 532 1365 566 et
1391 538 1522 566 eursu
1553 532 1597 565 et
1620 522 1763 583 spatio

356 617 516 663 pugnae
539 601 786 663 defatigati,
811 618 901 646 non
921 601 1047 646 facile
1070 613 1268 648 recentes
1286 613 1418 664 atque
1445 604 1642 664 integros
1669 619 1762 647 sus-

357 683 573 727 tinebant.

420 766 582 808 XLIX.
610 766 779 821 Caesar,
813 782 952 825 quum
983 766 1137 826 iniquo
1165 764 1265 810 loco
1294 766 1507 828 pugnari,
1539 765 1760 809 hostium-

355 861 441 906 que
463 846 614 907 augeri
638 845 787 906 eopias
816 845 1006 902 videret,
1036 856 1331 907 praemetuens
1361 847 1471 899 suis,
1495 846 1551 889 ad
1582 848 1633 889 T.
1662 846 1763 889 Sex·

355 927 466 970 tium
491 926 706 988 legatum,
731 943 863 987 quem
889 928 1133 971 minoribus
1160 929 1314 972 castris
1337 927 1543 989 praesidio
1569 926 1761 987 relique-

354 1017 442 1064 rat,
474 1008 632 1063 mittit,
659 1017 708 1051 ut
744 1008 948 1051 cohortes
973 1025 1024 1051 ex
1050 1009 1204 1052 castris
1228 1008 1431 1053 celeriter
1462 1008 1689 1062 educeret,
1719 1017 1762 1051 et

353 1089 434 1133 sub
464 1088 617 1132 infimo
641 1088 752 1132 colle
777 1089 830 1132 ab
860 1087 1017 1132 dextro
1043 1088 1182 1132 latere
1211 1089 1405 1133 hostium
1436 1090 1727 1133 constitueret
1751 1106 1758 1131 :

352 1179 425 1226 ut,
459 1170 492 1213 si
523 1179 695 1213 nostros
720 1168 927 1230 depulsos
957 1169 1053 1213 loco
1086 1170 1285 1227 vidisset,
1320 1187 1408 1230 quo
1444 1171 1591 1213 minus
1625 1169 1761 1213 libere

352 1250 500 1294 hostes
531 1251 886 1311 insequerentur,
915 1260 1114 1294 terreret.
1139 1253 1258 1312 Ipse,
1285 1250 1467 1312 paulum
1503 1267 1555 1294 ex
1587 1267 1639 1293 eo
1663 1249 1761 1294 loco

352 1347 455 1375 cum
474 1330 648 1393 legione
669 1348 952 1394 progressus,
968 1332 1042 1377 ubi
1063 1333 1348 1389 constiterat,
1371 1341 1579 1375 eventum
1600 1348 1761 1393 pugnae

349 1413 645 1474 exspectabat.

414 1495 464 1536 L.
493 1494 649 1551 Quum
680 1495 895 1538 acerrime
924 1496 1126 1540 cominus
1159 1505 1454 1557 pugnaretur,
1486 1495 1633 1539 hostes
1661 1494 1759 1539 loco

348 1583 392 1617 et
412 1589 619 1630 numero,
645 1575 785 1617 nostri
815 1576 981 1620 virtute
1011 1576 1307 1631 confiderent,
1329 1576 1475 1620 subito
1500 1586 1604 1619 sunt
1627 1575 1757 1619 AEdui

347 1654 451 1707 visi,
486 1654 540 1698 ab
582 1653 716 1698 latere
754 1657 916 1699 nostris
953 1667 1134 1717 aperto,
1172 1674 1282 1717 quos
1324 1660 1470 1701 Caesar
1506 1656 1560 1700 ab
1602 1656 1758 1700 (lextra

347 1745 473 1796 parte
505 1734 592 1778 alio
627 1752 834 1793 ascensu,
873 1754 1028 1781 manus
1064 1738 1326 1782 distinendae
1358 1755 1511 1791 causa,
1559 1738 1752 1782 miserat.

346 1817 402 1860 Hi
427 1815 718 1860 similitudine
741 1834 969 1862 armorum
998 1819 1285 1862 vehementer
1309 1829 1484 1862 nostros
1509 1829 1757 1880 perterrue-

345 1906 450 1940 runt
473 1915 482 1941 :
507 1914 556 1941 ae
573 1932 584 1951 ,
610 1898 783 1941 tametsi
812 1898 974 1942 dextris
998 1899 1195 1942 humeris
1220 1901 1402 1943 exsertis
1427 1899 1756 1943 animadverte-

344 1978 534 2035 bantur,
559 1979 678 2039 quod
707 1980 880 2042 insigne
905 1990 1113 2041 pacatum
1142 1997 1233 2024 esse
1257 1991 1512 2036 consuerat,
1539 1991 1687 2024 tamen
1713 1980 1755 2024 id

346 2061 489 2121 ipsum
516 2062 582 2104 sui
608 2060 788 2105 fallendi
815 2078 942 2105 causa
970 2060 1131 2106 milites
1153 2063 1207 2106 ab
1228 2063 1429 2106 hostibus
1454 2063 1621 2106 factum
1647 2063 1756 2106 exis-

346 2142 575 2186 timabant.
609 2142 780 2186 Eodem
817 2153 1018 2203 tempore
1047 2146 1095 2187 L.
1130 2144 1292 2188 Fabius
1332 2145 1554 2194 centurio,
1589 2145 1754 2205 quique

342 2239 428 2266 una
465 2239 643 2267 murum
681 2223 996 2279 ascenderant,
1033 2225 1326 2268 circumventi
1360 2234 1491 2285 atque
1533 2224 1751 2268 interfecti

341 2303 394 2347 de
428 2321 557 2348 muro
590 2305 937 2366 praecipitantur.
972 2307 1033 2349 M.
1067 2306 1288 2362 Petreius,
1326 2305 1522 2367 ejusdem
1567 2305 1751 2366 legionis

339 2386 562 2441 centurio,
587 2403 724 2446 quum
750 2396 900 2447 portas
930 2386 1133 2431 excidere
1163 2398 1350 2431 conatus
1379 2397 1511 2442 esset,
1541 2403 1562 2429 a
1600 2386 1750 2430 multi-

340 2466 490 2510 tudiue
517 2484 754 2528 oppressus
783 2484 834 2511 ac
860 2467 940 2511 sibi
971 2468 1226 2530 (lespc1·ans,
1255 2468 1405 2513 multis
1431 2470 1523 2529 jam
1555 2466 1748 2511 vulneri-

338 2547 418 2591 bus
439 2549 652 2609 acceptis,
678 2547 1028 2609 manipularibus
1054 2551 1162 2604 suis,
1185 2551 1260 2611 qui
1288 2549 1410 2593 illum
1437 2550 1572 2593 secuti
1601 2559 1745 2601 erant,

338 2649 357 2669 «
394 2630 643 2687 Quoniam,
674 2631 840 2690 inquit,
870 2647 938 2674 me
966 2649 1052 2676 una
1078 2633 1305 2676 vobiscum
1329 2647 1505 2675 servare
1529 2647 1616 2674 non
1644 2647 1745 2691 pos-

338 2726 454 2766 sum,
480 2722 635 2756 vestrae
660 2712 840 2773 quidem
864 2723 983 2757 certe
1006 2715 1105 2758 vitae
1128 2713 1414 2775 prospiciam,
1439 2729 1548 2773 quos
1573 2711 1743 2773 cupidi·
