1972 3356
344 246 391 265 ’λυ
545 233 583 267 C.
614 234 743 269 JULlI
774 234 986 269 CAESARIS
1017 235 1509 271 COMMENTARIORUM

341 316 455 360 diem
487 326 647 361 certam
680 316 891 372 indicere,
920 316 1051 376 idque
1079 319 1260 361 Caesaris
1288 317 1514 362 voluntate
1546 317 1685 361 facere
1706 353 1716 371 ‚

340 397 491 442 liceret
520 413 647 439 :sese
683 396 844 439 habere
880 395 1089 456 quasdam
1128 413 1221 451 res,
1265 413 1371 456 quas
1407 413 1458 440 ex
1497 398 1717 440 communi

338 492 553 521 consensu
583 476 635 519 ab
665 492 716 519 eo
748 485 896 535 petere
921 474 1136 519 vellent.»
1168 478 1232 519 Ea
1267 493 1313 520 re
1339 476 1546 537 permissa
1563 511 1574 528 ,
1602 475 1717 518 diem

338 555 524 600 concilio
547 555 891 611 constituerunt,
916 564 957 598 et
980 555 1292 615 jurejurando,
1321 572 1373 599 ne
1396 556 1493 616 quis
1516 556 1716 599 enuncia-

336 644 422 690 ret,
441 635 524 678 nisi
545 635 702 695 quibus
719 635 941 678 communi
962 633 1143 678 consilio
1166 635 1423 679 mandatum
1444 645 1575 689 esset,
1601 636 1715 678 inter

336 732 380 759 se
404 725 654 759 sanxerunt.

400 797 563 839 XXXI.
602 798 665 839 Eo
700 794 887 838 concilio
917 794 1114 849 dimisso,
1152 795 1281 838 iidem
1318 796 1537 855 principes
1569 795 1717 838 civita-

336 886 450 931 tum,
475 876 550 934 qui
577 884 677 918 ante
706 874 879 917 fuerant
903 873 957 917 ad
979 876 1222 930 Caesarem‚
1258 884 1556 929 reverterunt,
1582 875 1718 934 petie-

335 964 551 1014 runtque,
576 955 640 997 uti
660 954 742 997 sibi
769 964 936 997 secreto
964 953 1017 997 de
1040 971 1115 998 sua
1144 955 1430 1014 omniumque
1454 952 1591 997 salute
1617 970 1716 997 cum

334 1050 385 1078 eo
404 1050 532 1095 agere
559 1033 720 1077 liceret.
742 1035 804 1076 Ea
828 1050 875 1076 re
897 1033 1126 1094 impetrata
1140 1068 1151 1087 ,
1174 1050 1265 1077 sese
1285 1050 1436 1077 omnes
1459 1033 1612 1076 flentes
1627 1034 1719 1076 Cae-

335 1114 420 1158 sari
450 1113 505 1157 ad
533 1112 665 1173 pedes
692 1113 970 1174 projecerunt
1001 1130 1009 1156 z
1035 1133 1055 1154 ι(
1079 1114 1179 1157 Non
1215 1114 1358 1157 minus
1388 1130 1431 1157 se
1462 1113 1507 1156 id
1536 1122 1717 1157 conten-

335 1193 438 1237 dere
468 1202 509 1237 et
544 1191 762 1249 laborare,
795 1209 849 1236 ne
876 1209 946 1246 ea,
978 1209 1073 1252 quae
1103 1193 1332 1246 dixissent,
1360 1193 1716 1248 emundarentur,

332 1289 466 1334 quam
492 1273 557 1316 uti
580 1289 652 1329 ea,
676 1289 771 1332 quae
793 1271 973 1326 vellent,
997 1273 1309 1333 impetrarent3
1328 1282 1560 1333 propterea
1576 1272 1715 1333 quod,

332 1352 367 1395 si
387 1351 671 1396 enunciatum
693 1362 826 1406 esset,
850 1368 1075 1396 summum
1102 1352 1147 1395 in
1174 1352 1415 1395 cruciatum
1440 1368 1483 1395 se
1506 1361 1716 1395 venturos

330 1431 541 1475 viderent.
579 1451 599 1472 >³
647 1433 843 1475 Locutus
891 1442 955 1475 est
996 1448 1076 1491 pro
1118 1431 1185 1474 his
1227 1431 1468 1475 Divitiacus
1509 1431 1714 1475 AEduus:

331 1531 352 1552 cc
389 1510 543 1554 Galliae
588 1510 722 1554 totius
760 1511 971 1555 factiones
1012 1527 1102 1554 esse
1142 1509 1249 1553 duas
1288 1527 1297 1553 ε
1334 1511 1493 1554 harum
1537 1510 1717 1555 alterius

329 1590 626 1651 principatum
654 1599 803 1633 tenere
829 1588 1016 1644 AEduos,
1040 1588 1218 1633 alterius
1249 1591 1458 1633 Avernos.
1496 1591 1552 1633 Hi
1579 1607 1715 1650 quum

331 1679 562 1730 tantopere
592 1668 645 1712 de
679 1678 911 1729 potentatu
946 1670 1061 1712 inter
1094 1686 1137 1712 se
1168 1667 1329 1712 multos
1365 1685 1502 1712 annos
1536 1679 1716 1714 conten-

330 1748 507 1805 derent⁷
536 1748 701 1792 factum
735 1765 845 1803 esse,
876 1748 939 1791 uti
977 1748 1028 1791 ab
1058 1749 1243 1792 Avernis
1278 1749 1577 1809 Sequanisque
1606 1752 1716 1795 Ger-

332 1829 449 1872 mani
474 1827 672 1872 mercede
697 1837 1033 1871 arcesserentur.
1058 1830 1228 1871 Horum
1252 1829 1395 1888 primo
1417 1829 1589 1873 circiter
1616 1830 1714 1874 mil-

330 1907 388 1952 lia
422 1924 480 1951 xv
518 1908 725 1952 Rhenum
759 1908 964 1951 transisse
1006 1925 1014 1950 ε
1053 1918 1337 1968 posteaquam
1374 1925 1520 1969 agros,
1554 1919 1596 1953 et
1626 1909 1717 1953 cul-

331 1997 449 2043 tum,
479 1997 520 2031 et
547 1988 695 2048 copias
723 1986 957 2031 Gallorum
988 1988 1187 2031 homines
1220 1988 1298 2032 feri
1326 2005 1376 2032 ac
1403 1988 1576 2032 barbari
1611 1989 1716 2033 ada-

331 2077 550 2124 massent,
596 2067 821 2111 traductos
858 2067 1006 2128 plures
1035 2086 1044 2112 :
1076 2085 1192 2112 nunc
1226 2086 1317 2113 esse
1353 2070 1397 2112 in
1429 2068 1572 2113 Gallia
1607 2070 1661 2114 ad
1692 2086 1716 2114 c

329 2157 373 2191 et
407 2163 469 2190 xx
502 2145 690 2190 millium
724 2163 959 2191 numerum
996 2165 1004 2191 :
1045 2165 1145 2191 cum
1178 2149 1245 2192 his
1278 2149 1442 2192 AEduos
1479 2165 1717 2209 eorumque

329 2226 510 2270 clientes
531 2225 663 2270 semel
689 2236 821 2286 atque
842 2227 1001 2270 iterum
1026 2229 1157 2271 armis
1182 2228 1486 2283 contendisse3
1512 2245 1715 2289 magnam

329 2305 623 2350 calamitatem
648 2305 796 2367 pulsos
823 2307 1057 2367 accepisse,
1087 2324 1264 2351 omnem
1295 2307 1570 2352 nobilitatem
1586 2342 1597 2363 ‚
1622 2324 1716 2351 om-

330 2403 429 2429 nem
457 2396 657 2430 senatum
673 2421 684 2442 ‚
708 2403 881 2430 omnem
908 2387 1153 2447 equitatum
1178 2388 1385 2432 amisisse.
1401 2389 1576 2446 Quibus
1600 2404 1715 2448 proe-

330 2464 397 2509 liis
425 2465 835 2527 calamitatibusque
861 2466 1046 2523 fractos,
1075 2468 1149 2527 qui
1177 2478 1220 2511 et
1249 2485 1324 2512 sua
1353 2469 1537 2523 virtute,
1567 2476 1609 2510 et
1638 2484 1715 2527 po-

330 2544 419 2603 puli
452 2546 623 2589 romani
649 2547 841 2607 hospitio
877 2556 1007 2607 atque
1040 2547 1235 2591 amicitia
1265 2546 1504 2608 plurimum
1537 2557 1638 2590 ante
1670 2548 1714 2590 in

330 2622 474 2667 Gallia
511 2626 781 2684 potuissent,
825 2635 998 2670 coactos
1033 2643 1123 2670 esse
1157 2628 1366 2687 Sequanis
1403 2626 1574 2670 obsides
1612 2627 1714 2670 dare
