<?xml version="1.0" encoding="UTF-8"?>
<!DOCTYPE html PUBLIC "-//W3C//DTD XHTML 1.0 Transitional//EN"
    "http://www.w3.org/TR/xhtml1/DTD/xhtml1-transitional.dtd">
<html xmlns="http://www.w3.org/1999/xhtml" xml:lang="en" lang="en">
 <head>
  <title>
</title>
<meta http-equiv="Content-Type" content="text/html;charset=utf-8" />
  <meta name='ocr-system' content='tesseract 3.04.00' />
  <meta name='ocr-capabilities' content='ocr_page ocr_carea ocr_par ocr_line ocrx_word'/>
</head>
<body>
  <div class='ocr_page' id='page_1' title='image "./operajoh0102caesuoft_0033.png"; bbox 0 0 1972 3356; ppageno 0'>
   <div class='ocr_carea' id='block_1_1' title="bbox 458 220 1484 255">
    <p class='ocr_par' dir='ltr' id='par_1_1' title="bbox 458 220 1484 255">
     <span class='ocr_line' id='line_1_1' title="bbox 458 220 1484 255; baseline -0.001 -1"><span class='ocrx_word' id='word_1_1' title='bbox 458 221 523 254; x_wconf 73' lang='lat' dir='ltr'><strong>DF,</strong></span> <span class='ocrx_word' id='word_1_2' title='bbox 552 220 709 255; x_wconf 82' lang='lat' dir='ltr'><strong>BELLo</strong></span> <span class='ocrx_word' id='word_1_3' title='bbox 740 220 954 255; x_wconf 78' lang='lat' dir='ltr'>GALLICO</span> <span class='ocrx_word' id='word_1_4' title='bbox 984 220 1073 255; x_wconf 91' lang='lat' dir='ltr'><strong>LIB.</strong></span> <span class='ocrx_word' id='word_1_5' title='bbox 1099 220 1127 254; x_wconf 93' lang='grc' dir='ltr'><strong>Ι.</strong></span> <span class='ocrx_word' id='word_1_6' title='bbox 1445 231 1484 254; x_wconf 85' lang='lat'><strong>11</strong></span> 
     </span>
    </p>
   </div>
   <div class='ocr_carea' id='block_1_2' title="bbox 93 301 1493 2613">
    <p class='ocr_par' dir='ltr' id='par_1_2' title="bbox 95 301 1493 1726">
     <span class='ocr_line' id='line_1_2' title="bbox 100 301 1489 365; baseline -0.002 -18"><span class='ocrx_word' id='word_1_7' title='bbox 100 313 179 359; x_wconf 85' lang='lat' dir='ltr'><strong>cst,</strong></span> <span class='ocrx_word' id='word_1_8' title='bbox 207 304 346 365; x_wconf 87' lang='lat' dir='ltr'><strong>posita</strong></span> <span class='ocrx_word' id='word_1_9' title='bbox 375 313 459 359; x_wconf 88' lang='lat' dir='ltr'><strong>est,</strong></span> <span class='ocrx_word' id='word_1_10' title='bbox 479 321 568 347; x_wconf 89' lang='lat' dir='ltr'><strong>non</strong></span> <span class='ocrx_word' id='word_1_11' title='bbox 593 303 725 347; x_wconf 90' lang='lat' dir='ltr'><strong>modo</strong></span> <span class='ocrx_word' id='word_1_12' title='bbox 749 302 970 346; x_wconf 85' lang='lat' dir='ltr'><strong>frumenta</strong></span> <span class='ocrx_word' id='word_1_13' title='bbox 992 303 1034 346; x_wconf 89' lang='lat' dir='ltr'><strong>in</strong></span> <span class='ocrx_word' id='word_1_14' title='bbox 1065 301 1180 363; x_wconf 87' lang='lat' dir='ltr'><strong>agris</strong></span> <span class='ocrx_word' id='word_1_15' title='bbox 1204 311 1375 346; x_wconf 84' lang='lat' dir='ltr'><strong>matura</strong></span> <span class='ocrx_word' id='word_1_16' title='bbox 1399 318 1489 345; x_wconf 89' lang='lat' dir='ltr'><strong>non</strong></span> 
     </span>
     <span class='ocr_line' id='line_1_3' title="bbox 99 382 1491 444; baseline -0.001 -17"><span class='ocrx_word' id='word_1_17' title='bbox 99 395 247 439; x_wconf 81' lang='lat' dir='ltr'><strong>erant,</strong></span> <span class='ocrx_word' id='word_1_18' title='bbox 271 384 346 427; x_wconf 87' lang='lat' dir='ltr'><strong>sed</strong></span> <span class='ocrx_word' id='word_1_19' title='bbox 373 400 427 427; x_wconf 88' lang='lat' dir='ltr'><strong>ne</strong></span> <span class='ocrx_word' id='word_1_20' title='bbox 452 383 601 444; x_wconf 85' lang='lat' dir='ltr'>pabuli</span> <span class='ocrx_word' id='word_1_21' title='bbox 623 382 801 443; x_wconf 86' lang='lat' dir='ltr'><strong>quidem</strong></span> <span class='ocrx_word' id='word_1_22' title='bbox 826 383 928 426; x_wconf 85' lang='lat' dir='ltr'><strong>satis</strong></span> <span class='ocrx_word' id='word_1_23' title='bbox 952 398 1111 443; x_wconf 82' lang='lat' dir='ltr'><strong>magna</strong></span> <span class='ocrx_word' id='word_1_24' title='bbox 1135 382 1262 442; x_wconf 87' lang='lat' dir='ltr'><strong>copia</strong></span> <span class='ocrx_word' id='word_1_25' title='bbox 1287 391 1491 442; x_wconf 86' lang='lat' dir='ltr'><strong>suppete-</strong></span> 
     </span>
     <span class='ocr_line' id='line_1_4' title="bbox 100 461 1490 521; baseline -0.002 -14"><span class='ocrx_word' id='word_1_26' title='bbox 100 464 171 507; x_wconf 89' lang='lat' dir='ltr'><strong>bat</strong></span> <span class='ocrx_word' id='word_1_27' title='bbox 199 481 207 507; x_wconf 91' lang='lat'>:</span> <span class='ocrx_word' id='word_1_28' title='bbox 242 482 292 507; x_wconf 81' lang='lat' dir='ltr'><strong>eo</strong></span> <span class='ocrx_word' id='word_1_29' title='bbox 321 473 466 507; x_wconf 87' lang='lat' dir='ltr'><strong>autem</strong></span> <span class='ocrx_word' id='word_1_30' title='bbox 503 463 745 516; x_wconf 89' lang='lat' dir='ltr'><strong>frumento,</strong></span> <span class='ocrx_word' id='word_1_31' title='bbox 777 462 895 521; x_wconf 88' lang='lat' dir='ltr'><strong>quod</strong></span> <span class='ocrx_word' id='word_1_32' title='bbox 925 462 1106 506; x_wconf 82' lang='lat' dir='ltr'><strong>flumine</strong></span> <span class='ocrx_word' id='word_1_33' title='bbox 1136 465 1274 507; x_wconf 86' lang='lat' dir='ltr'><strong>Arare</strong></span> <span class='ocrx_word' id='word_1_34' title='bbox 1306 461 1490 505; x_wconf 85' lang='lat' dir='ltr'><strong>navibus</strong></span> 
     </span>
     <span class='ocr_line' id='line_1_5' title="bbox 99 541 1490 603; baseline -0.002 -17"><span class='ocrx_word' id='word_1_35' title='bbox 99 543 376 599; x_wconf 82' lang='lat' dir='ltr'>subvexerat,</span> <span class='ocrx_word' id='word_1_36' title='bbox 407 551 638 603; x_wconf 87' lang='lat' dir='ltr'><strong>propterea</strong></span> <span class='ocrx_word' id='word_1_37' title='bbox 665 542 729 585; x_wconf 87' lang='lat' dir='ltr'><strong>uti</strong></span> <span class='ocrx_word' id='word_1_38' title='bbox 765 542 910 585; x_wconf 88' lang='lat' dir='ltr'><strong>minus</strong></span> <span class='ocrx_word' id='word_1_39' title='bbox 938 550 1135 602; x_wconf 89' lang='lat' dir='ltr'><strong>poterat,</strong></span> <span class='ocrx_word' id='word_1_40' title='bbox 1170 541 1289 601; x_wconf 87' lang='lat' dir='ltr'><strong>quod</strong></span> <span class='ocrx_word' id='word_1_41' title='bbox 1321 542 1404 585; x_wconf 81' lang='lat' dir='ltr'><strong>iter</strong></span> <span class='ocrx_word' id='word_1_42' title='bbox 1437 541 1490 584; x_wconf 90' lang='lat' dir='ltr'><strong>ab</strong></span> 
     </span>
     <span class='ocr_line' id='line_1_6' title="bbox 99 620 1488 681; baseline -0.002 -14"><span class='ocrx_word' id='word_1_43' title='bbox 99 625 232 668; x_wconf 83' lang='lat' dir='ltr'><strong>Arare</strong></span> <span class='ocrx_word' id='word_1_44' title='bbox 261 621 448 666; x_wconf 86' lang='lat' dir='ltr'><strong>Helvetii</strong></span> <span class='ocrx_word' id='word_1_45' title='bbox 486 631 764 673; x_wconf 81' lang='lat' dir='ltr'><strong>averterant,</strong></span> <span class='ocrx_word' id='word_1_46' title='bbox 798 639 822 665; x_wconf 84' lang='lat' dir='ltr'><strong>a</strong></span> <span class='ocrx_word' id='word_1_47' title='bbox 860 621 1018 681; x_wconf 89' lang='lat' dir='ltr'><strong>quibus</strong></span> <span class='ocrx_word' id='word_1_48' title='bbox 1048 620 1270 664; x_wconf 81' lang='lat' dir='ltr'><strong>discedere</strong></span> <span class='ocrx_word' id='word_1_49' title='bbox 1298 620 1488 665; x_wconf 86' lang='lat' dir='ltr'><strong>nolebat.</strong></span> 
     </span>
     <span class='ocr_line' id='line_1_7' title="bbox 97 700 1489 761; baseline -0.002 -15"><span class='ocrx_word' id='word_1_50' title='bbox 97 703 226 746; x_wconf 87' lang='lat' dir='ltr'><strong>Diem</strong></span> <span class='ocrx_word' id='word_1_51' title='bbox 252 719 304 746; x_wconf 87' lang='lat' dir='ltr'><strong>ex</strong></span> <span class='ocrx_word' id='word_1_52' title='bbox 328 702 396 746; x_wconf 90' lang='lat' dir='ltr'><strong>die</strong></span> <span class='ocrx_word' id='word_1_53' title='bbox 425 702 585 745; x_wconf 90' lang='lat' dir='ltr'><strong>ducere</strong></span> <span class='ocrx_word' id='word_1_54' title='bbox 613 701 768 755; x_wconf 81' lang='lat' dir='ltr'><strong>AEdui3</strong></span> <span class='ocrx_word' id='word_1_55' title='bbox 791 701 1004 757; x_wconf 86' lang='lat' dir='ltr'><strong>conferri,</strong></span> <span class='ocrx_word' id='word_1_56' title='bbox 1027 701 1316 761; x_wconf 86' lang='lat' dir='ltr'><strong>comportari,</strong></span> <span class='ocrx_word' id='word_1_57' title='bbox 1342 700 1489 744; x_wconf 85' lang='lat' dir='ltr'><strong>adesse</strong></span> 
     </span>
     <span class='ocr_line' id='line_1_8' title="bbox 97 780 1490 837; baseline -0.001 -11"><span class='ocrx_word' id='word_1_58' title='bbox 97 783 254 827; x_wconf 88' lang='lat' dir='ltr'><strong>dicere.</strong></span> <span class='ocrx_word' id='word_1_59' title='bbox 285 783 375 827; x_wconf 91' lang='lat' dir='ltr'><strong>Ubi</strong></span> <span class='ocrx_word' id='word_1_60' title='bbox 411 798 454 825; x_wconf 89' lang='lat' dir='ltr'><strong>se</strong></span> <span class='ocrx_word' id='word_1_61' title='bbox 487 782 652 825; x_wconf 89' lang='lat' dir='ltr'><strong>diutius</strong></span> <span class='ocrx_word' id='word_1_62' title='bbox 683 782 783 826; x_wconf 89' lang='lat' dir='ltr'><strong>duci</strong></span> <span class='ocrx_word' id='word_1_63' title='bbox 819 780 1056 837; x_wconf 78' lang='lat' dir='ltr'><strong>intellexit,</strong></span> <span class='ocrx_word' id='word_1_64' title='bbox 1084 791 1126 825; x_wconf 89' lang='lat' dir='ltr'><strong>et</strong></span> <span class='ocrx_word' id='word_1_65' title='bbox 1155 780 1271 824; x_wconf 91' lang='lat' dir='ltr'><strong>diem</strong></span> <span class='ocrx_word' id='word_1_66' title='bbox 1303 781 1490 837; x_wconf 86' lang='lat' dir='ltr'><strong>instare,</strong></span> 
     </span>
     <span class='ocr_line' id='line_1_9' title="bbox 97 861 1491 923; baseline -0.001 -17"><span class='ocrx_word' id='word_1_67' title='bbox 97 880 185 923; x_wconf 91' lang='lat' dir='ltr'><strong>quo</strong></span> <span class='ocrx_word' id='word_1_68' title='bbox 217 863 286 907; x_wconf 86' lang='lat' dir='ltr'><strong>die</strong></span> <span class='ocrx_word' id='word_1_69' title='bbox 316 862 591 906; x_wconf 87' lang='lat' dir='ltr'><strong>frumentum</strong></span> <span class='ocrx_word' id='word_1_70' title='bbox 624 861 837 906; x_wconf 85' lang='lat' dir='ltr'><strong>militibus</strong></span> <span class='ocrx_word' id='word_1_71' title='bbox 875 862 1021 905; x_wconf 89' lang='lat' dir='ltr'><strong>metiri</strong></span> <span class='ocrx_word' id='word_1_72' title='bbox 1051 870 1297 922; x_wconf 83' lang='lat' dir='ltr'><strong>oporteret,</strong></span> <span class='ocrx_word' id='word_1_73' title='bbox 1328 877 1491 905; x_wconf 78' lang='lat' dir='ltr'><strong>convo-</strong></span> 
     </span>
     <span class='ocr_line' id='line_1_10' title="bbox 97 942 1492 1004; baseline -0.001 -18"><span class='ocrx_word' id='word_1_74' title='bbox 97 944 204 987; x_wconf 84' lang='lat' dir='ltr'><strong>catis</strong></span> <span class='ocrx_word' id='word_1_75' title='bbox 241 959 394 986; x_wconf 87' lang='lat' dir='ltr'><strong>eorum</strong></span> <span class='ocrx_word' id='word_1_76' title='bbox 431 943 726 1004; x_wconf 88' lang='lat' dir='ltr'><strong>principibus,</strong></span> <span class='ocrx_word' id='word_1_77' title='bbox 766 959 955 1002; x_wconf 88' lang='lat' dir='ltr'><strong>quorum</strong></span> <span class='ocrx_word' id='word_1_78' title='bbox 994 958 1200 1004; x_wconf 86' lang='lat' dir='ltr'><strong>magnam</strong></span> <span class='ocrx_word' id='word_1_79' title='bbox 1236 942 1409 1002; x_wconf 89' lang='lat' dir='ltr'><strong>copiam</strong></span> <span class='ocrx_word' id='word_1_80' title='bbox 1446 942 1492 984; x_wconf 92' lang='lat' dir='ltr'><strong>in</strong></span> 
     </span>
     <span class='ocr_line' id='line_1_11' title="bbox 95 1018 1492 1083; baseline -0.001 -17"><span class='ocrx_word' id='word_1_81' title='bbox 95 1024 246 1066; x_wconf 87' lang='lat' dir='ltr'><strong>castris</strong></span> <span class='ocrx_word' id='word_1_82' title='bbox 280 1023 492 1078; x_wconf 87' lang='lat' dir='ltr'><strong>habebat,</strong></span> <span class='ocrx_word' id='word_1_83' title='bbox 524 1024 568 1066; x_wconf 87' lang='lat' dir='ltr'><strong>in</strong></span> <span class='ocrx_word' id='word_1_84' title='bbox 598 1022 665 1066; x_wconf 87' lang='lat' dir='ltr'><strong>his</strong></span> <span class='ocrx_word' id='word_1_85' title='bbox 693 1022 935 1079; x_wconf 88' lang='lat' dir='ltr'><strong>Divitiaco,</strong></span> <span class='ocrx_word' id='word_1_86' title='bbox 964 1032 1005 1066; x_wconf 91' lang='lat' dir='ltr'><strong>et</strong></span> <span class='ocrx_word' id='word_1_87' title='bbox 1032 1023 1183 1079; x_wconf 84' lang='lat' dir='ltr'><strong>Lisco,</strong></span> <span class='ocrx_word' id='word_1_88' title='bbox 1213 1023 1289 1083; x_wconf 89' lang='lat' dir='ltr'><strong>qui</strong></span> <span class='ocrx_word' id='word_1_89' title='bbox 1317 1018 1492 1066; x_wconf 88' lang='lat' dir='ltr'><strong>summo</strong></span> 
     </span>
     <span class='ocr_line' id='line_1_12' title="bbox 96 1102 1490 1165; baseline 0 -19"><span class='ocrx_word' id='word_1_90' title='bbox 96 1105 355 1165; x_wconf 85' lang='lat' dir='ltr'><strong>magistratu</strong></span> <span class='ocrx_word' id='word_1_91' title='bbox 376 1114 561 1165; x_wconf 86' lang='lat' dir='ltr'><strong>praeerat</strong></span> <span class='ocrx_word' id='word_1_92' title='bbox 582 1104 729 1165; x_wconf 80' lang='lat' dir='ltr'><strong>(quem</strong></span> <span class='ocrx_word' id='word_1_93' title='bbox 749 1104 1076 1165; x_wconf 83' lang='lat' dir='ltr'><strong>Vergobretum</strong></span> <span class='ocrx_word' id='word_1_94' title='bbox 1095 1102 1319 1165; x_wconf 85' lang='lat' dir='ltr'><strong>appellant</strong></span> <span class='ocrx_word' id='word_1_95' title='bbox 1335 1102 1463 1147; x_wconf 87' lang='lat' dir='ltr'><strong>AEdui</strong></span> <span class='ocrx_word' id='word_1_96' title='bbox 1480 1138 1490 1159; x_wconf 93' lang='lat'><strong>,</strong></span> 
     </span>
     <span class='ocr_line' id='line_1_13' title="bbox 97 1183 1492 1244; baseline -0.001 -17"><span class='ocrx_word' id='word_1_97' title='bbox 97 1185 172 1244; x_wconf 88' lang='lat' dir='ltr'><strong>qui</strong></span> <span class='ocrx_word' id='word_1_98' title='bbox 195 1193 370 1228; x_wconf 89' lang='lat' dir='ltr'><strong>creatur</strong></span> <span class='ocrx_word' id='word_1_99' title='bbox 399 1201 591 1239; x_wconf 87' lang='lat' dir='ltr'><strong>annuus,</strong></span> <span class='ocrx_word' id='word_1_100' title='bbox 620 1193 661 1227; x_wconf 87' lang='lat' dir='ltr'><strong>et</strong></span> <span class='ocrx_word' id='word_1_101' title='bbox 689 1184 790 1227; x_wconf 84' lang='lat' dir='ltr'><strong>vitae</strong></span> <span class='ocrx_word' id='word_1_102' title='bbox 817 1184 1021 1244; x_wconf 84' lang='lat' dir='ltr'><strong>necisque</strong></span> <span class='ocrx_word' id='word_1_103' title='bbox 1049 1185 1100 1227; x_wconf 79' lang='lat' dir='ltr'><strong>in</strong></span> <span class='ocrx_word' id='word_1_104' title='bbox 1121 1200 1222 1227; x_wconf 88' lang='lat' dir='ltr'><strong>suos</strong></span> <span class='ocrx_word' id='word_1_105' title='bbox 1251 1183 1383 1227; x_wconf 86' lang='lat' dir='ltr'><strong>habet</strong></span> <span class='ocrx_word' id='word_1_106' title='bbox 1412 1199 1492 1244; x_wconf 92' lang='lat' dir='ltr'><strong>po-</strong></span> 
     </span>
     <span class='ocr_line' id='line_1_14' title="bbox 97 1264 1491 1325; baseline -0.001 -18"><span class='ocrx_word' id='word_1_107' title='bbox 97 1264 344 1325; x_wconf 81' lang='lat' dir='ltr'><strong>testatem),</strong></span> <span class='ocrx_word' id='word_1_108' title='bbox 369 1264 562 1324; x_wconf 83' lang='lat' dir='ltr'><strong>graviter</strong></span> <span class='ocrx_word' id='word_1_109' title='bbox 580 1280 652 1307; x_wconf 91' lang='lat' dir='ltr'><strong>eos</strong></span> <span class='ocrx_word' id='word_1_110' title='bbox 677 1274 872 1319; x_wconf 82' lang='lat' dir='ltr'><strong>accusat,</strong></span> <span class='ocrx_word' id='word_1_111' title='bbox 898 1264 1038 1323; x_wconf 90' lang='lat' dir='ltr'><strong>quod,</strong></span> <span class='ocrx_word' id='word_1_112' title='bbox 1057 1280 1196 1324; x_wconf 90' lang='lat' dir='ltr'><strong>quum</strong></span> <span class='ocrx_word' id='word_1_113' title='bbox 1219 1280 1363 1323; x_wconf 89' lang='lat' dir='ltr'><strong>neque</strong></span> <span class='ocrx_word' id='word_1_114' title='bbox 1386 1265 1491 1319; x_wconf 88' lang='lat' dir='ltr'><strong>emi,</strong></span> 
     </span>
     <span class='ocr_line' id='line_1_15' title="bbox 96 1344 1491 1404; baseline 0 -18"><span class='ocrx_word' id='word_1_115' title='bbox 96 1360 237 1403; x_wconf 89' lang='lat' dir='ltr'><strong>neque</strong></span> <span class='ocrx_word' id='word_1_116' title='bbox 270 1360 322 1386; x_wconf 81' lang='lat' dir='ltr'><strong>ex</strong></span> <span class='ocrx_word' id='word_1_117' title='bbox 356 1344 471 1404; x_wconf 83' lang='lat' dir='ltr'><strong>agris</strong></span> <span class='ocrx_word' id='word_1_118' title='bbox 497 1344 610 1387; x_wconf 90' lang='lat' dir='ltr'><strong>sumi</strong></span> <span class='ocrx_word' id='word_1_119' title='bbox 647 1353 814 1404; x_wconf 89' lang='lat' dir='ltr'><strong>posset,</strong></span> <span class='ocrx_word' id='word_1_120' title='bbox 852 1353 939 1386; x_wconf 86' lang='lat' dir='ltr'><strong>tam</strong></span> <span class='ocrx_word' id='word_1_121' title='bbox 984 1345 1228 1386; x_wconf 85' lang='lat' dir='ltr'><strong>necessario</strong></span> <span class='ocrx_word' id='word_1_122' title='bbox 1269 1353 1491 1403; x_wconf 88' lang='lat' dir='ltr'><strong>tempore,</strong></span> 
     </span>
     <span class='ocr_line' id='line_1_16' title="bbox 96 1422 1491 1484; baseline -0.001 -17"><span class='ocrx_word' id='word_1_123' title='bbox 96 1434 184 1467; x_wconf 89' lang='lat' dir='ltr'><strong>tam</strong></span> <span class='ocrx_word' id='word_1_124' title='bbox 214 1424 475 1484; x_wconf 84' lang='lat' dir='ltr'><strong>propinquis</strong></span> <span class='ocrx_word' id='word_1_125' title='bbox 502 1424 722 1479; x_wconf 84' lang='lat' dir='ltr'><strong>hostibus,</strong></span> <span class='ocrx_word' id='word_1_126' title='bbox 751 1424 871 1467; x_wconf 89' lang='lat' dir='ltr'><strong>abiis</strong></span> <span class='ocrx_word' id='word_1_127' title='bbox 894 1439 984 1467; x_wconf 91' lang='lat' dir='ltr'><strong>non</strong></span> <span class='ocrx_word' id='word_1_128' title='bbox 1009 1422 1284 1478; x_wconf 78' lang='lat' dir='ltr'><strong>sublevetur3</strong></span> <span class='ocrx_word' id='word_1_129' title='bbox 1308 1439 1491 1483; x_wconf 86' lang='lat' dir='ltr'><strong>praeser-</strong></span> 
     </span>
     <span class='ocr_line' id='line_1_17' title="bbox 96 1502 1493 1566; baseline -0.001 -18"><span class='ocrx_word' id='word_1_130' title='bbox 96 1506 173 1548; x_wconf 87' lang='lat' dir='ltr'><strong>tim</strong></span> <span class='ocrx_word' id='word_1_131' title='bbox 193 1521 331 1565; x_wconf 90' lang='lat' dir='ltr'><strong>quum</strong></span> <span class='ocrx_word' id='word_1_132' title='bbox 355 1521 514 1566; x_wconf 83' lang='lat' dir='ltr'><strong>magna</strong></span> <span class='ocrx_word' id='word_1_133' title='bbox 540 1521 589 1548; x_wconf 88' lang='lat' dir='ltr'><strong>ex</strong></span> <span class='ocrx_word' id='word_1_134' title='bbox 613 1514 739 1565; x_wconf 89' lang='lat' dir='ltr'><strong>parte</strong></span> <span class='ocrx_word' id='word_1_135' title='bbox 761 1521 914 1548; x_wconf 86' lang='lat' dir='ltr'><strong>eorum</strong></span> <span class='ocrx_word' id='word_1_136' title='bbox 936 1504 1140 1565; x_wconf 85' lang='lat' dir='ltr'><strong>precibus</strong></span> <span class='ocrx_word' id='word_1_137' title='bbox 1161 1503 1380 1548; x_wconf 88' lang='lat' dir='ltr'><strong>adductus</strong></span> <span class='ocrx_word' id='word_1_138' title='bbox 1402 1502 1493 1547; x_wconf 90' lang='lat' dir='ltr'><strong>bel-</strong></span> 
     </span>
     <span class='ocr_line' id='line_1_18' title="bbox 95 1583 1489 1647; baseline 0.001 -19"><span class='ocrx_word' id='word_1_139' title='bbox 95 1583 187 1628; x_wconf 90' lang='lat' dir='ltr'><strong>lum</strong></span> <span class='ocrx_word' id='word_1_140' title='bbox 204 1586 463 1646; x_wconf 86' lang='lat' dir='ltr'><strong>susceperit,</strong></span> <span class='ocrx_word' id='word_1_141' title='bbox 486 1584 626 1628; x_wconf 88' lang='lat' dir='ltr'><strong>multo</strong></span> <span class='ocrx_word' id='word_1_142' title='bbox 644 1586 775 1629; x_wconf 85' lang='lat' dir='ltr'><strong>etiam</strong></span> <span class='ocrx_word' id='word_1_143' title='bbox 791 1586 987 1647; x_wconf 83' lang='lat' dir='ltr'><strong>gravius,</strong></span> <span class='ocrx_word' id='word_1_144' title='bbox 1009 1584 1128 1645; x_wconf 88' lang='lat' dir='ltr'><strong>quod</strong></span> <span class='ocrx_word' id='word_1_145' title='bbox 1148 1585 1202 1628; x_wconf 86' lang='lat' dir='ltr'><strong>sit</strong></span> <span class='ocrx_word' id='word_1_146' title='bbox 1225 1584 1462 1629; x_wconf 86' lang='lat' dir='ltr'><strong>destitutus</strong></span> <span class='ocrx_word' id='word_1_147' title='bbox 1479 1620 1489 1640; x_wconf 91' lang='lat'><strong>,</strong></span> 
     </span>
     <span class='ocr_line' id='line_1_19' title="bbox 95 1667 307 1726; baseline 0.005 -17"><span class='ocrx_word' id='word_1_148' title='bbox 95 1667 307 1726; x_wconf 89' lang='lat' dir='ltr'><strong>queritur.</strong></span> 
     </span>
    </p>

    <p class='ocr_par' dir='ltr' id='par_1_3' title="bbox 93 1747 1492 2613">
     <span class='ocr_line' id='line_1_20' title="bbox 157 1747 1492 1803; baseline 0.001 -13"><span class='ocrx_word' id='word_1_149' title='bbox 157 1749 302 1792; x_wconf 88' lang='lat' dir='ltr'>XVII.</span> <span class='ocrx_word' id='word_1_150' title='bbox 337 1750 452 1792; x_wconf 89' lang='lat' dir='ltr'><strong>Tum</strong></span> <span class='ocrx_word' id='word_1_151' title='bbox 477 1747 653 1792; x_wconf 84' lang='lat' dir='ltr'><strong>demum</strong></span> <span class='ocrx_word' id='word_1_152' title='bbox 684 1749 865 1803; x_wconf 90' lang='lat' dir='ltr'><strong>Liscus,</strong></span> <span class='ocrx_word' id='word_1_153' title='bbox 890 1747 1089 1790; x_wconf 86' lang='lat' dir='ltr'><strong>oratione</strong></span> <span class='ocrx_word' id='word_1_154' title='bbox 1113 1748 1298 1791; x_wconf 84' lang='lat' dir='ltr'><strong>Caesaris</strong></span> <span class='ocrx_word' id='word_1_155' title='bbox 1326 1747 1492 1792; x_wconf 84' lang='lat' dir='ltr'><strong>adduc-</strong></span> 
     </span>
     <span class='ocr_line' id='line_1_21' title="bbox 97 1827 1490 1888; baseline 0.001 -18"><span class='ocrx_word' id='word_1_156' title='bbox 97 1836 186 1883; x_wconf 84' lang='lat' dir='ltr'><strong>tus,</strong></span> <span class='ocrx_word' id='word_1_157' title='bbox 219 1828 339 1888; x_wconf 92' lang='lat' dir='ltr'><strong>quod</strong></span> <span class='ocrx_word' id='word_1_158' title='bbox 365 1838 494 1873; x_wconf 88' lang='lat' dir='ltr'><strong>antea</strong></span> <span class='ocrx_word' id='word_1_159' title='bbox 519 1837 735 1884; x_wconf 85' lang='lat' dir='ltr'><strong>tacuerat,</strong></span> <span class='ocrx_word' id='word_1_160' title='bbox 771 1828 981 1888; x_wconf 90' lang='lat' dir='ltr'><strong>proponit</strong></span> <span class='ocrx_word' id='word_1_161' title='bbox 1013 1844 1021 1870; x_wconf 95' lang='lat'><strong>:</strong></span> <span class='ocrx_word' id='word_1_162' title='bbox 1051 1847 1071 1868; x_wconf 73' lang='grc' dir='ltr'><strong>ι(</strong></span> <span class='ocrx_word' id='word_1_163' title='bbox 1097 1830 1202 1871; x_wconf 88' lang='lat' dir='ltr'><strong>Esse</strong></span> <span class='ocrx_word' id='word_1_164' title='bbox 1231 1827 1490 1882; x_wconf 86' lang='lat' dir='ltr'><strong>nonnullos,</strong></span> 
     </span>
     <span class='ocr_line' id='line_1_22' title="bbox 93 1907 1490 1969; baseline 0 -18"><span class='ocrx_word' id='word_1_165' title='bbox 93 1924 283 1968; x_wconf 87' lang='lat' dir='ltr'><strong>quorum</strong></span> <span class='ocrx_word' id='word_1_166' title='bbox 320 1911 560 1953; x_wconf 83' lang='lat' dir='ltr'><strong>auctoritas</strong></span> <span class='ocrx_word' id='word_1_167' title='bbox 593 1908 711 1969; x_wconf 87' lang='lat' dir='ltr'><strong>apud</strong></span> <span class='ocrx_word' id='word_1_168' title='bbox 748 1908 922 1968; x_wconf 88' lang='lat' dir='ltr'><strong>plebem</strong></span> <span class='ocrx_word' id='word_1_169' title='bbox 952 1907 1197 1968; x_wconf 88' lang='lat' dir='ltr'><strong>plurimum</strong></span> <span class='ocrx_word' id='word_1_170' title='bbox 1228 1907 1390 1963; x_wconf 85' lang='lat' dir='ltr'><strong>valeat,</strong></span> <span class='ocrx_word' id='word_1_171' title='bbox 1416 1909 1490 1969; x_wconf 89' lang='lat' dir='ltr'><strong>qui</strong></span> 
     </span>
     <span class='ocr_line' id='line_1_23' title="bbox 95 1987 1490 2049; baseline 0.001 -19"><span class='ocrx_word' id='word_1_172' title='bbox 95 1988 297 2046; x_wconf 82' lang='lat' dir='ltr'><strong>privatim</strong></span> <span class='ocrx_word' id='word_1_173' title='bbox 323 1988 420 2049; x_wconf 91' lang='lat' dir='ltr'><strong>plus</strong></span> <span class='ocrx_word' id='word_1_174' title='bbox 444 1989 635 2048; x_wconf 89' lang='lat' dir='ltr'><strong>possint,</strong></span> <span class='ocrx_word' id='word_1_175' title='bbox 664 2005 797 2049; x_wconf 87' lang='lat' dir='ltr'><strong>quam</strong></span> <span class='ocrx_word' id='word_1_176' title='bbox 826 1989 907 2049; x_wconf 91' lang='lat' dir='ltr'><strong>ipsi</strong></span> <span class='ocrx_word' id='word_1_177' title='bbox 932 1989 1225 2049; x_wconf 84' lang='lat' dir='ltr'><strong>magistratus.</strong></span> <span class='ocrx_word' id='word_1_178' title='bbox 1256 1990 1348 2032; x_wconf 88' lang='lat' dir='ltr'><strong>Hos</strong></span> <span class='ocrx_word' id='word_1_179' title='bbox 1377 1987 1490 2031; x_wconf 85' lang='lat' dir='ltr'><strong>sedi-</strong></span> 
     </span>
     <span class='ocr_line' id='line_1_24' title="bbox 96 2068 1490 2129; baseline 0.001 -19"><span class='ocrx_word' id='word_1_180' title='bbox 96 2069 204 2111; x_wconf 86' lang='lat' dir='ltr'><strong>tiosa</strong></span> <span class='ocrx_word' id='word_1_181' title='bbox 236 2078 367 2129; x_wconf 85' lang='lat' dir='ltr'><strong>atque</strong></span> <span class='ocrx_word' id='word_1_182' title='bbox 407 2069 608 2129; x_wconf 86' lang='lat' dir='ltr'><strong>improba</strong></span> <span class='ocrx_word' id='word_1_183' title='bbox 643 2070 843 2113; x_wconf 85' lang='lat' dir='ltr'><strong>oratione</strong></span> <span class='ocrx_word' id='word_1_184' title='bbox 878 2068 1209 2112; x_wconf 88' lang='lat' dir='ltr'><strong>multitudinem</strong></span> <span class='ocrx_word' id='word_1_185' title='bbox 1250 2068 1490 2121; x_wconf 78' lang='lat' dir='ltr'><strong>deterrere,</strong></span> 
     </span>
     <span class='ocr_line' id='line_1_25' title="bbox 95 2148 1486 2210; baseline 0.001 -20"><span class='ocrx_word' id='word_1_186' title='bbox 95 2165 149 2191; x_wconf 84' lang='lat' dir='ltr'><strong>ne</strong></span> <span class='ocrx_word' id='word_1_187' title='bbox 171 2148 443 2193; x_wconf 89' lang='lat' dir='ltr'><strong>frumentum</strong></span> <span class='ocrx_word' id='word_1_188' title='bbox 464 2149 713 2204; x_wconf 86' lang='lat' dir='ltr'><strong>conferant,</strong></span> <span class='ocrx_word' id='word_1_189' title='bbox 737 2149 858 2210; x_wconf 92' lang='lat' dir='ltr'><strong>quod</strong></span> <span class='ocrx_word' id='word_1_190' title='bbox 876 2159 1085 2210; x_wconf 81' lang='lat' dir='ltr'><strong>praestare</strong></span> <span class='ocrx_word' id='word_1_191' title='bbox 1109 2149 1310 2192; x_wconf 91' lang='lat' dir='ltr'><strong>debeant.</strong></span> <span class='ocrx_word' id='word_1_192' title='bbox 1332 2149 1376 2192; x_wconf 91' lang='lat' dir='ltr'><strong>Si</strong></span> <span class='ocrx_word' id='word_1_193' title='bbox 1397 2149 1486 2209; x_wconf 84' lang='lat' dir='ltr'><strong>jam</strong></span> 
     </span>
     <span class='ocr_line' id='line_1_26' title="bbox 95 2228 1488 2290; baseline 0.001 -20"><span class='ocrx_word' id='word_1_194' title='bbox 95 2229 392 2290; x_wconf 80' lang='lat' dir='ltr'><strong>principatum</strong></span> <span class='ocrx_word' id='word_1_195' title='bbox 407 2228 563 2274; x_wconf 78' lang='lat' dir='ltr'><strong>Galliae</strong></span> <span class='ocrx_word' id='word_1_196' title='bbox 577 2230 874 2274; x_wconf 90' lang='lat' dir='ltr'><strong>obtinerenon</strong></span> <span class='ocrx_word' id='word_1_197' title='bbox 890 2230 1074 2290; x_wconf 82' lang='lat' dir='ltr'><strong>possint,</strong></span> <span class='ocrx_word' id='word_1_198' title='bbox 1091 2228 1339 2285; x_wconf 87' lang='lat' dir='ltr'><strong>Gallorum,</strong></span> <span class='ocrx_word' id='word_1_199' title='bbox 1357 2245 1488 2289; x_wconf 87' lang='lat' dir='ltr'><strong>quam</strong></span> 
     </span>
     <span class='ocr_line' id='line_1_27' title="bbox 93 2310 1489 2372; baseline 0.001 -20"><span class='ocrx_word' id='word_1_200' title='bbox 93 2310 419 2367; x_wconf 82' lang='lat' dir='ltr'><strong>Romanorum,</strong></span> <span class='ocrx_word' id='word_1_201' title='bbox 441 2311 625 2371; x_wconf 87' lang='lat' dir='ltr'><strong>imperia</strong></span> <span class='ocrx_word' id='word_1_202' title='bbox 643 2310 838 2372; x_wconf 86' lang='lat' dir='ltr'><strong>perferre</strong></span> <span class='ocrx_word' id='word_1_203' title='bbox 851 2311 985 2354; x_wconf 88' lang='lat' dir='ltr'><strong>satius</strong></span> <span class='ocrx_word' id='word_1_204' title='bbox 1002 2327 1112 2365; x_wconf 78' lang='lat' dir='ltr'><strong>esse3</strong></span> <span class='ocrx_word' id='word_1_205' title='bbox 1131 2327 1273 2371; x_wconf 89' lang='lat' dir='ltr'><strong>neque</strong></span> <span class='ocrx_word' id='word_1_206' title='bbox 1287 2310 1489 2355; x_wconf 87' lang='lat' dir='ltr'><strong>dubitare</strong></span> 
     </span>
     <span class='ocr_line' id='line_1_28' title="bbox 94 2388 1488 2452; baseline 0.001 -20"><span class='ocrx_word' id='word_1_207' title='bbox 94 2388 271 2446; x_wconf 87' lang='lat' dir='ltr'><strong>debere,</strong></span> <span class='ocrx_word' id='word_1_208' title='bbox 307 2392 434 2451; x_wconf 90' lang='lat' dir='ltr'><strong>quin,</strong></span> <span class='ocrx_word' id='word_1_209' title='bbox 477 2393 511 2434; x_wconf 87' lang='lat' dir='ltr'><strong>si</strong></span> <span class='ocrx_word' id='word_1_210' title='bbox 551 2390 773 2435; x_wconf 88' lang='lat' dir='ltr'><strong>Helvetios</strong></span> <span class='ocrx_word' id='word_1_211' title='bbox 813 2392 1121 2452; x_wconf 86' lang='lat' dir='ltr'><strong>superaverint</strong></span> <span class='ocrx_word' id='word_1_212' title='bbox 1157 2393 1366 2447; x_wconf 89' lang='lat' dir='ltr'><strong>Romani,</strong></span> <span class='ocrx_word' id='word_1_213' title='bbox 1403 2408 1488 2434; x_wconf 84' lang='lat' dir='ltr'><strong>una</strong></span> 
     </span>
     <span class='ocr_line' id='line_1_29' title="bbox 94 2469 1490 2532; baseline -0.002 -18"><span class='ocrx_word' id='word_1_214' title='bbox 94 2487 194 2514; x_wconf 83' lang='lat' dir='ltr'><strong>cum</strong></span> <span class='ocrx_word' id='word_1_215' title='bbox 226 2470 392 2529; x_wconf 85' lang='lat' dir='ltr'><strong>reliqua</strong></span> <span class='ocrx_word' id='word_1_216' title='bbox 418 2469 562 2514; x_wconf 80' lang='lat' dir='ltr'><strong>Gallia</strong></span> <span class='ocrx_word' id='word_1_217' title='bbox 590 2470 740 2515; x_wconf 86' lang='lat' dir='ltr'><strong>AEduis</strong></span> <span class='ocrx_word' id='word_1_218' title='bbox 774 2470 1020 2515; x_wconf 84' lang='lat' dir='ltr'><strong>libertatem</strong></span> <span class='ocrx_word' id='word_1_219' title='bbox 1052 2472 1140 2515; x_wconf 88' lang='lat' dir='ltr'><strong>sint</strong></span> <span class='ocrx_word' id='word_1_220' title='bbox 1172 2472 1380 2532; x_wconf 87' lang='lat' dir='ltr'><strong>erepturi.</strong></span> <span class='ocrx_word' id='word_1_221' title='bbox 1423 2471 1490 2513; x_wconf 74' lang='lat' dir='ltr'><strong>Ab</strong></span> 
     </span>
     <span class='ocr_line' id='line_1_30' title="bbox 95 2550 1488 2613; baseline 0.001 -20"><span class='ocrx_word' id='word_1_222' title='bbox 95 2551 244 2595; x_wconf 76' lang='lat' dir='ltr'><strong>iisdem</strong></span> <span class='ocrx_word' id='word_1_223' title='bbox 270 2562 420 2595; x_wconf 88' lang='lat' dir='ltr'><strong>nostra</strong></span> <span class='ocrx_word' id='word_1_224' title='bbox 442 2550 641 2605; x_wconf 83' lang='lat' dir='ltr'><strong>consilia,</strong></span> <span class='ocrx_word' id='word_1_225' title='bbox 673 2569 856 2611; x_wconf 62' lang='lat' dir='ltr'><strong>quaeque</strong></span> <span class='ocrx_word' id='word_1_226' title='bbox 881 2553 923 2595; x_wconf 90' lang='lat' dir='ltr'><strong>in</strong></span> <span class='ocrx_word' id='word_1_227' title='bbox 956 2553 1108 2596; x_wconf 85' lang='lat' dir='ltr'><strong>castris</strong></span> <span class='ocrx_word' id='word_1_228' title='bbox 1134 2562 1363 2613; x_wconf 86' lang='lat' dir='ltr'><strong>gerantur,</strong></span> <span class='ocrx_word' id='word_1_229' title='bbox 1388 2552 1488 2595; x_wconf 87' lang='lat' dir='ltr'><strong>hos-</strong></span> 
     </span>
    </p>
   </div>
   <div class='ocr_carea' id='block_1_3' title="bbox 96 2631 1490 2693">
    <p class='ocr_par' dir='ltr' id='par_1_4' title="bbox 96 2631 1490 2693">
     <span class='ocr_line' id='line_1_31' title="bbox 96 2631 1490 2693; baseline 0.001 -19"><span class='ocrx_word' id='word_1_230' title='bbox 96 2631 210 2675; x_wconf 86' lang='lat' dir='ltr'><strong>tibus</strong></span> <span class='ocrx_word' id='word_1_231' title='bbox 234 2633 461 2675; x_wconf 85' lang='lat' dir='ltr'><strong>enunciari</strong></span> <span class='ocrx_word' id='word_1_232' title='bbox 481 2650 487 2674; x_wconf 91' lang='lat'>:</span> <span class='ocrx_word' id='word_1_233' title='bbox 511 2632 589 2675; x_wconf 85' lang='lat' dir='ltr'><strong>hos</strong></span> <span class='ocrx_word' id='word_1_234' title='bbox 609 2649 631 2675; x_wconf 86' lang='lat' dir='ltr'><strong>a</strong></span> <span class='ocrx_word' id='word_1_235' title='bbox 658 2648 701 2675; x_wconf 85' lang='lat' dir='ltr'><strong>se</strong></span> <span class='ocrx_word' id='word_1_236' title='bbox 722 2633 912 2676; x_wconf 87' lang='lat' dir='ltr'><strong>coerceri</strong></span> <span class='ocrx_word' id='word_1_237' title='bbox 931 2650 1018 2676; x_wconf 88' lang='lat' dir='ltr'><strong>non</strong></span> <span class='ocrx_word' id='word_1_238' title='bbox 1039 2649 1181 2693; x_wconf 81' lang='lat' dir='ltr'><strong>posse3</strong></span> <span class='ocrx_word' id='word_1_239' title='bbox 1203 2633 1309 2692; x_wconf 82' lang='lat' dir='ltr'><strong>quin</strong></span> <span class='ocrx_word' id='word_1_240' title='bbox 1335 2633 1463 2675; x_wconf 83' lang='lat' dir='ltr'><strong>etiam</strong></span> <span class='ocrx_word' id='word_1_241' title='bbox 1481 2663 1490 2683; x_wconf 61' lang='lat'>2</span> 
     </span>
    </p>
   </div>
  </div>
 </body>
</html>
