<?xml version="1.0" encoding="UTF-8"?>
<!DOCTYPE html PUBLIC "-//W3C//DTD XHTML 1.0 Transitional//EN"
    "http://www.w3.org/TR/xhtml1/DTD/xhtml1-transitional.dtd">
<html xmlns="http://www.w3.org/1999/xhtml" xml:lang="en" lang="en">
 <head>
  <title>
</title>
<meta http-equiv="Content-Type" content="text/html;charset=utf-8" />
  <meta name='ocr-system' content='tesseract 3.04.00' />
  <meta name='ocr-capabilities' content='ocr_page ocr_carea ocr_par ocr_line ocrx_word'/>
</head>
<body>
  <div class='ocr_page' id='page_1' title='image "./operajoh0102caesuoft_0391.png"; bbox 0 0 1972 3356; ppageno 0'>
   <div class='ocr_carea' id='block_1_1' title="bbox 259 230 1696 1346">
    <p class='ocr_par' dir='ltr' id='par_1_1' title="bbox 259 230 1696 1346">
     <span class='ocr_line' id='line_1_1' title="bbox 633 230 1655 267; baseline 0.002 -2"><span class='ocrx_word' id='word_1_1' title='bbox 633 230 700 265; x_wconf 92' lang='lat' dir='ltr'>DE</span> <span class='ocrx_word' id='word_1_2' title='bbox 732 230 895 267; x_wconf 89' lang='lat' dir='ltr'>BELLO</span> <span class='ocrx_word' id='word_1_3' title='bbox 925 231 1081 266; x_wconf 88' lang='lat' dir='ltr'>CIVILI</span> <span class='ocrx_word' id='word_1_4' title='bbox 1110 231 1203 266; x_wconf 83' lang='lat' dir='ltr'>LIB.</span> <span class='ocrx_word' id='word_1_5' title='bbox 1229 231 1278 267; x_wconf 92' lang='lat'>11.</span> <span class='ocrx_word' id='word_1_6' title='bbox 1608 231 1655 267; x_wconf 81' lang='grc'>85</span> 
     </span>
     <span class='ocr_line' id='line_1_2' title="bbox 262 312 1656 377; baseline 0.001 -19"><span class='ocrx_word' id='word_1_7' title='bbox 262 331 349 375; x_wconf 88' lang='lat' dir='ltr'>que</span> <span class='ocrx_word' id='word_1_8' title='bbox 373 312 567 371; x_wconf 78' lang='lat' dir='ltr'>familiae,</span> <span class='ocrx_word' id='word_1_9' title='bbox 592 315 668 375; x_wconf 91' lang='lat' dir='ltr'>qui</span> <span class='ocrx_word' id='word_1_10' title='bbox 696 324 772 359; x_wconf 88' lang='lat' dir='ltr'>aut</span> <span class='ocrx_word' id='word_1_11' title='bbox 796 316 958 377; x_wconf 82' lang='lat' dir='ltr'>gratia,</span> <span class='ocrx_word' id='word_1_12' title='bbox 988 324 1064 359; x_wconf 87' lang='lat' dir='ltr'>aut</span> <span class='ocrx_word' id='word_1_13' title='bbox 1095 315 1396 367; x_wconf 73' lang='lat' dir='ltr'>misericordia</span> <span class='ocrx_word' id='word_1_14' title='bbox 1430 314 1656 372; x_wconf 85' lang='lat' dir='ltr'>valerent,</span> 
     </span>
     <span class='ocr_line' id='line_1_3' title="bbox 261 393 1656 457; baseline 0 -17"><span class='ocrx_word' id='word_1_15' title='bbox 261 405 336 440; x_wconf 84' lang='lat' dir='ltr'>aut</span> <span class='ocrx_word' id='word_1_16' title='bbox 355 411 488 440; x_wconf 88' lang='lat' dir='ltr'>naves</span> <span class='ocrx_word' id='word_1_17' title='bbox 506 394 670 440; x_wconf 85' lang='lat' dir='ltr'>adnare</span> <span class='ocrx_word' id='word_1_18' title='bbox 688 405 889 457; x_wconf 80' lang='lat' dir='ltr'>possent,</span> <span class='ocrx_word' id='word_1_19' title='bbox 914 395 1103 456; x_wconf 81' lang='lat' dir='ltr'>recepti,</span> <span class='ocrx_word' id='word_1_20' title='bbox 1126 395 1171 439; x_wconf 91' lang='lat' dir='ltr'>in</span> <span class='ocrx_word' id='word_1_21' title='bbox 1192 393 1384 440; x_wconf 88' lang='lat' dir='ltr'>Siciliam</span> <span class='ocrx_word' id='word_1_22' title='bbox 1411 393 1656 441; x_wconf 84' lang='lat' dir='ltr'>incolumes</span> 
     </span>
     <span class='ocr_line' id='line_1_4' title="bbox 261 474 1696 539; baseline -0.001 -17"><span class='ocrx_word' id='word_1_23' title='bbox 261 477 547 539; x_wconf 86' lang='lat' dir='ltr'>pervenirent</span> <span class='ocrx_word' id='word_1_24' title='bbox 574 493 583 520; x_wconf 77' lang='lat' dir='ltr'>z</span> <span class='ocrx_word' id='word_1_25' title='bbox 613 474 792 537; x_wconf 88' lang='lat' dir='ltr'>reliquae</span> <span class='ocrx_word' id='word_1_26' title='bbox 814 476 974 536; x_wconf 81' lang='lat' dir='ltr'>copiae,</span> <span class='ocrx_word' id='word_1_27' title='bbox 999 476 1141 518; x_wconf 85' lang='lat' dir='ltr'>missis</span> <span class='ocrx_word' id='word_1_28' title='bbox 1165 474 1219 519; x_wconf 86' lang='lat' dir='ltr'>ad</span> <span class='ocrx_word' id='word_1_29' title='bbox 1244 477 1413 520; x_wconf 87' lang='lat' dir='ltr'>Varum</span> <span class='ocrx_word' id='word_1_30' title='bbox 1438 486 1575 521; x_wconf 90' lang='lat' dir='ltr'>noctu</span> <span class='ocrx_word' id='word_1_31' title='bbox 1600 475 1658 521; x_wconf 89' lang='lat' dir='ltr'>le·</span> <span class='ocrx_word' id='word_1_32' title='bbox 1692 477 1696 480; x_wconf 59' lang='grc'>’</span> 
     </span>
     <span class='ocr_line' id='line_1_5' title="bbox 262 555 1657 620; baseline -0.001 -17"><span class='ocrx_word' id='word_1_33' title='bbox 262 568 465 620; x_wconf 86' lang='lat' dir='ltr'>gatorum</span> <span class='ocrx_word' id='word_1_34' title='bbox 482 572 669 601; x_wconf 87' lang='lat' dir='ltr'>nurnero</span> <span class='ocrx_word' id='word_1_35' title='bbox 685 555 1019 601; x_wconf 82' lang='lat' dir='ltr'>centurionibus</span> <span class='ocrx_word' id='word_1_36' title='bbox 1035 591 1046 610; x_wconf 86' lang='lat'><strong><em>‚</em></strong></span> <span class='ocrx_word' id='word_1_37' title='bbox 1066 572 1160 600; x_wconf 88' lang='lat' dir='ltr'>sese</span> <span class='ocrx_word' id='word_1_38' title='bbox 1176 557 1215 599; x_wconf 88' lang='lat' dir='ltr'>ei</span> <span class='ocrx_word' id='word_1_39' title='bbox 1230 555 1510 602; x_wconf 87' lang='lat' dir='ltr'>dediderunt.</span> <span class='ocrx_word' id='word_1_40' title='bbox 1537 559 1657 617; x_wconf 89' lang='lat' dir='ltr'>Quo-</span> 
     </span>
     <span class='ocr_line' id='line_1_6' title="bbox 260 635 1657 698; baseline -0.001 -14"><span class='ocrx_word' id='word_1_41' title='bbox 260 656 360 684; x_wconf 87' lang='lat' dir='ltr'>rum</span> <span class='ocrx_word' id='word_1_42' title='bbox 387 638 591 683; x_wconf 90' lang='lat' dir='ltr'>cohortes</span> <span class='ocrx_word' id='word_1_43' title='bbox 624 635 816 681; x_wconf 86' lang='lat' dir='ltr'>militum</span> <span class='ocrx_word' id='word_1_44' title='bbox 842 646 1020 698; x_wconf 87' lang='lat' dir='ltr'>postero</span> <span class='ocrx_word' id='word_1_45' title='bbox 1048 635 1119 680; x_wconf 85' lang='lat' dir='ltr'>die</span> <span class='ocrx_word' id='word_1_46' title='bbox 1153 646 1257 680; x_wconf 79' lang='lat' dir='ltr'>ante</span> <span class='ocrx_word' id='word_1_47' title='bbox 1292 636 1507 698; x_wconf 86' lang='lat' dir='ltr'>oppidum</span> <span class='ocrx_word' id='word_1_48' title='bbox 1544 640 1657 682; x_wconf 83' lang='lat' dir='ltr'>Juba</span> 
     </span>
     <span class='ocr_line' id='line_1_7' title="bbox 262 716 1659 782; baseline -0.002 -16"><span class='ocrx_word' id='word_1_49' title='bbox 262 721 540 782; x_wconf 89' lang='lat' dir='ltr'>conspicatus</span> <span class='ocrx_word' id='word_1_50' title='bbox 555 753 566 773; x_wconf 87' lang='lat'><strong>‚</strong></span> <span class='ocrx_word' id='word_1_51' title='bbox 585 734 710 762; x_wconf 86' lang='lat' dir='ltr'>suam</span> <span class='ocrx_word' id='word_1_52' title='bbox 733 733 827 762; x_wconf 85' lang='lat' dir='ltr'>esse</span> <span class='ocrx_word' id='word_1_53' title='bbox 841 716 1084 779; x_wconf 86' lang='lat' dir='ltr'>praedicans</span> <span class='ocrx_word' id='word_1_54' title='bbox 1101 716 1293 778; x_wconf 82' lang='lat' dir='ltr'>praedam</span> <span class='ocrx_word' id='word_1_55' title='bbox 1306 753 1318 773; x_wconf 86' lang='lat'>‚</span> <span class='ocrx_word' id='word_1_56' title='bbox 1336 733 1543 779; x_wconf 86' lang='lat' dir='ltr'>magnam</span> <span class='ocrx_word' id='word_1_57' title='bbox 1563 736 1659 779; x_wconf 86' lang='lat' dir='ltr'>par-</span> 
     </span>
     <span class='ocr_line' id='line_1_8' title="bbox 261 796 1660 860; baseline -0.002 -15"><span class='ocrx_word' id='word_1_58' title='bbox 261 811 350 845; x_wconf 86' lang='lat' dir='ltr'>tem</span> <span class='ocrx_word' id='word_1_59' title='bbox 382 815 534 844; x_wconf 89' lang='lat' dir='ltr'>eorum</span> <span class='ocrx_word' id='word_1_60' title='bbox 560 797 748 842; x_wconf 83' lang='lat' dir='ltr'>interfici</span> <span class='ocrx_word' id='word_1_61' title='bbox 767 799 924 859; x_wconf 78' lang='lat' dir='ltr'>jussit3</span> <span class='ocrx_word' id='word_1_62' title='bbox 949 814 1113 859; x_wconf 86' lang='lat' dir='ltr'>paucos</span> <span class='ocrx_word' id='word_1_63' title='bbox 1140 796 1302 841; x_wconf 87' lang='lat' dir='ltr'>electos</span> <span class='ocrx_word' id='word_1_64' title='bbox 1323 797 1366 841; x_wconf 90' lang='lat' dir='ltr'>in</span> <span class='ocrx_word' id='word_1_65' title='bbox 1388 814 1574 860; x_wconf 82' lang='lat' dir='ltr'>regnum</span> <span class='ocrx_word' id='word_1_66' title='bbox 1597 816 1660 843; x_wconf 87' lang='lat' dir='ltr'>re-</span> 
     </span>
     <span class='ocr_line' id='line_1_9' title="bbox 261 876 1657 940; baseline -0.001 -15"><span class='ocrx_word' id='word_1_67' title='bbox 261 882 391 925; x_wconf 88' lang='lat' dir='ltr'>misit.</span> <span class='ocrx_word' id='word_1_68' title='bbox 428 880 579 938; x_wconf 89' lang='lat' dir='ltr'>Quum</span> <span class='ocrx_word' id='word_1_69' title='bbox 601 881 748 924; x_wconf 85' lang='lat' dir='ltr'>Varus</span> <span class='ocrx_word' id='word_1_70' title='bbox 773 895 896 923; x_wconf 86' lang='lat' dir='ltr'>suam</span> <span class='ocrx_word' id='word_1_71' title='bbox 922 878 1055 923; x_wconf 81' lang='lat' dir='ltr'>fidem</span> <span class='ocrx_word' id='word_1_72' title='bbox 1083 877 1138 922; x_wconf 82' lang='lat' dir='ltr'>ab</span> <span class='ocrx_word' id='word_1_73' title='bbox 1166 894 1218 922; x_wconf 92' lang='lat' dir='ltr'>eo</span> <span class='ocrx_word' id='word_1_74' title='bbox 1247 876 1343 922; x_wconf 84' lang='lat' dir='ltr'>laedi</span> <span class='ocrx_word' id='word_1_75' title='bbox 1370 889 1657 940; x_wconf 87' lang='lat' dir='ltr'>quereretur,</span> 
     </span>
     <span class='ocr_line' id='line_1_10' title="bbox 260 959 1657 1023; baseline -0.001 -16"><span class='ocrx_word' id='word_1_76' title='bbox 260 978 404 1023; x_wconf 88' lang='lat' dir='ltr'>neque</span> <span class='ocrx_word' id='word_1_77' title='bbox 432 960 638 1006; x_wconf 85' lang='lat' dir='ltr'>resistere</span> <span class='ocrx_word' id='word_1_78' title='bbox 660 959 874 1016; x_wconf 86' lang='lat' dir='ltr'>auderet,</span> <span class='ocrx_word' id='word_1_79' title='bbox 898 960 990 1022; x_wconf 87' lang='lat' dir='ltr'>ipse</span> <span class='ocrx_word' id='word_1_80' title='bbox 1019 976 1134 1020; x_wconf 90' lang='lat' dir='ltr'>equo</span> <span class='ocrx_word' id='word_1_81' title='bbox 1164 959 1208 1003; x_wconf 89' lang='lat' dir='ltr'>in</span> <span class='ocrx_word' id='word_1_82' title='bbox 1237 959 1451 1021; x_wconf 90' lang='lat' dir='ltr'>oppidum</span> <span class='ocrx_word' id='word_1_83' title='bbox 1480 971 1629 1005; x_wconf 88' lang='lat' dir='ltr'>vectus</span> <span class='ocrx_word' id='word_1_84' title='bbox 1647 997 1657 1017; x_wconf 83' lang='lat'><strong><em>‚</em></strong></span> 
     </span>
     <span class='ocr_line' id='line_1_11' title="bbox 259 1039 1659 1105; baseline -0.001 -17"><span class='ocrx_word' id='word_1_85' title='bbox 259 1041 630 1105; x_wconf 83' lang='lat' dir='ltr'>prosequentibus</span> <span class='ocrx_word' id='word_1_86' title='bbox 650 1039 954 1102; x_wconf 88' lang='lat' dir='ltr'>compluribus</span> <span class='ocrx_word' id='word_1_87' title='bbox 978 1041 1256 1084; x_wconf 80' lang='lat' dir='ltr'>senatoribus</span> <span class='ocrx_word' id='word_1_88' title='bbox 1270 1076 1280 1096; x_wconf 95' lang='lat'>,</span> <span class='ocrx_word' id='word_1_89' title='bbox 1300 1057 1389 1102; x_wconf 93' lang='lat' dir='ltr'>quo</span> <span class='ocrx_word' id='word_1_90' title='bbox 1408 1041 1452 1084; x_wconf 92' lang='lat' dir='ltr'>in</span> <span class='ocrx_word' id='word_1_91' title='bbox 1474 1058 1659 1086; x_wconf 86' lang='lat' dir='ltr'>numero</span> 
     </span>
     <span class='ocr_line' id='line_1_12' title="bbox 261 1121 1660 1184; baseline -0.001 -16"><span class='ocrx_word' id='word_1_92' title='bbox 261 1134 354 1168; x_wconf 88' lang='lat' dir='ltr'>erat</span> <span class='ocrx_word' id='word_1_93' title='bbox 376 1125 497 1169; x_wconf 90' lang='lat' dir='ltr'>Serv.</span> <span class='ocrx_word' id='word_1_94' title='bbox 523 1121 745 1184; x_wconf 87' lang='lat' dir='ltr'>Sulpicius</span> <span class='ocrx_word' id='word_1_95' title='bbox 767 1132 811 1166; x_wconf 88' lang='lat' dir='ltr'>et</span> <span class='ocrx_word' id='word_1_96' title='bbox 831 1122 1026 1167; x_wconf 85' lang='lat' dir='ltr'>Licinius</span> <span class='ocrx_word' id='word_1_97' title='bbox 1052 1122 1376 1183; x_wconf 82' lang='lat' dir='ltr'>Damasippus,</span> <span class='ocrx_word' id='word_1_98' title='bbox 1404 1123 1554 1184; x_wconf 85' lang='lat' dir='ltr'>paucis</span> <span class='ocrx_word' id='word_1_99' title='bbox 1575 1122 1660 1167; x_wconf 84' lang='lat' dir='ltr'>dic-</span> 
     </span>
     <span class='ocr_line' id='line_1_13' title="bbox 262 1201 1659 1265; baseline -0.001 -16"><span class='ocrx_word' id='word_1_100' title='bbox 262 1205 370 1262; x_wconf 90' lang='lat' dir='ltr'>bus,</span> <span class='ocrx_word' id='word_1_101' title='bbox 396 1220 491 1265; x_wconf 87' lang='lat' dir='ltr'>quae</span> <span class='ocrx_word' id='word_1_102' title='bbox 518 1202 612 1247; x_wconf 86' lang='lat' dir='ltr'>fieri</span> <span class='ocrx_word' id='word_1_103' title='bbox 639 1201 772 1247; x_wconf 85' lang='lat' dir='ltr'>vellet</span> <span class='ocrx_word' id='word_1_104' title='bbox 798 1203 964 1259; x_wconf 86' lang='lat' dir='ltr'>Uticae,</span> <span class='ocrx_word' id='word_1_105' title='bbox 987 1202 1218 1247; x_wconf 89' lang='lat' dir='ltr'>constituit</span> <span class='ocrx_word' id='word_1_106' title='bbox 1244 1213 1377 1264; x_wconf 83' lang='lat' dir='ltr'>atque</span> <span class='ocrx_word' id='word_1_107' title='bbox 1403 1204 1659 1264; x_wconf 74' lang='lat' dir='ltr'>imperavit3</span> 
     </span>
     <span class='ocr_line' id='line_1_14' title="bbox 262 1284 1660 1346; baseline -0.001 -16"><span class='ocrx_word' id='word_1_108' title='bbox 262 1285 416 1330; x_wconf 88' lang='lat' dir='ltr'>diebus</span> <span class='ocrx_word' id='word_1_109' title='bbox 441 1301 564 1345; x_wconf 87' lang='lat' dir='ltr'>aeque</span> <span class='ocrx_word' id='word_1_110' title='bbox 583 1294 679 1346; x_wconf 85' lang='lat' dir='ltr'>post</span> <span class='ocrx_word' id='word_1_111' title='bbox 706 1284 857 1346; x_wconf 83' lang='lat' dir='ltr'>paucis</span> <span class='ocrx_word' id='word_1_112' title='bbox 881 1300 925 1328; x_wconf 86' lang='lat' dir='ltr'>se</span> <span class='ocrx_word' id='word_1_113' title='bbox 953 1284 996 1327; x_wconf 92' lang='lat' dir='ltr'>in</span> <span class='ocrx_word' id='word_1_114' title='bbox 1020 1300 1210 1345; x_wconf 84' lang='lat' dir='ltr'>regnum</span> <span class='ocrx_word' id='word_1_115' title='bbox 1236 1300 1336 1327; x_wconf 88' lang='lat' dir='ltr'>cum</span> <span class='ocrx_word' id='word_1_116' title='bbox 1363 1284 1569 1328; x_wconf 81' lang='lat' dir='ltr'>omnibus</span> <span class='ocrx_word' id='word_1_117' title='bbox 1594 1301 1660 1328; x_wconf 83' lang='lat' dir='ltr'>co-</span> 
     </span>
    </p>
   </div>
   <div class='ocr_carea' id='block_1_2' title="bbox 262 1366 552 1429">
    <p class='ocr_par' dir='ltr' id='par_1_2' title="bbox 262 1366 552 1429">
     <span class='ocr_line' id='line_1_15' title="bbox 262 1366 552 1429; baseline -0.014 -17"><span class='ocrx_word' id='word_1_118' title='bbox 262 1368 346 1429; x_wconf 88' lang='lat' dir='ltr'>piis</span> <span class='ocrx_word' id='word_1_119' title='bbox 373 1366 552 1427; x_wconf 88' lang='lat' dir='ltr'>recepit.</span> 
     </span>
    </p>
   </div>
  </div>
 </body>
</html>
