1972 3356
522 228 589 263 DE
619 229 776 264 BELLO
805 227 1019 263 GALLICO
1049 227 1139 261 LIB.
1166 226 1210 261 V.
1500 236 1563 259 ιιι

173 313 404 374 regionum
428 311 602 365 civitas,
630 328 682 356 ex
706 329 790 373 qua
814 311 1156 357 Mandubratius
1179 308 1448 366 adolescens,
1477 310 1570 354 Cae-

173 393 281 436 saris
302 391 434 436 fidem
460 403 655 447 secutus,
679 393 733 436 ad
759 409 857 436 eum
883 393 929 436 in
953 391 1258 436 continentem
1282 389 1474 457 Galliam
1497 406 1572 434 ve·

175 484 300 518 nerat
332 474 482 536 (cujus
512 484 636 535 pater
670 474 978 517 Imanuentius
1012 474 1057 516 in
1091 490 1140 517 ea
1175 473 1351 518 civitate
1384 488 1571 534 regnum

176 554 446 609 obtinuerat,
467 554 813 613 interfectusque
832 562 925 597 erat
946 569 970 596 a
984 552 1335 610 Cassivellauno,
1361 553 1452 614 ipse
1469 553 1573 615 fuga

176 645 363 679 mortem
396 635 631 690 vitaverat,
668 632 834 694 legatos
871 633 926 677 ad
956 635 1174 678 Caesarem
1204 634 1407 689 mittunt,
1448 632 1576 694 polli-

178 724 421 775 centurque
456 730 548 758 sese
580 714 619 757 ei
649 713 896 771 dedituros,
928 723 1060 774 atque
1096 714 1312 774 imperata
1344 713 1535 757 facturos
1563 731 1572 757 x

180 804 354 856 petunt,
375 805 425 838 ut
442 795 810 840 Mandubratium
835 795 888 839 ab
911 795 1073 856 injuria
1090 793 1407 839 Cassivellauni
1428 793 1576 840 defen-

179 875 278 927 dat,
303 885 435 936 atque
464 876 508 919 in
535 877 758 920 civitatem
783 877 957 931 mittat,
977 876 1053 936 qui
1078 875 1227 936 praesit
1254 875 1577 937 imperiumque

179 956 388 1000 obtineat.
421 956 499 1000 His
525 958 672 1001 Caesar
698 957 888 1017 imperat
916 955 1088 1000 obsides
1112 972 1190 1011 XL,
1218 955 1578 1017 frumentumque

181 1037 412 1093 exercitui,
438 1037 894 1098 Manduhratiumque
918 1037 972 1081 ad
996 1053 1069 1081 eos
1092 1037 1242 1083 mittit.
1271 1035 1339 1081 Illi
1365 1037 1579 1098 imperata

184 1117 388 1162 celeriter
428 1117 652 1175 fecerunt,
686 1117 860 1162 obsides
894 1118 949 1162 ad
991 1133 1227 1162 numerum
1271 1117 1580 1178 frumentaque

183 1200 412 1243 miserunt.

250 1281 374 1323 XXI.
403 1280 753 1325 Trinobantibus
775 1279 982 1336 defensis,
1008 1288 1139 1340 atque
1166 1280 1220 1323 ab
1244 1281 1366 1323 omni
1388 1278 1581 1324 militurn

187 1361 348 1421 injuria
398 1361 654 1422 prohibitis,
702 1361 981 1421 Cenimagni,
1025 1361 1293 1421 Segontiaci,
1337 1359 1582 1416 Ancalites,

186 1441 381 1497 Bibroci,
413 1443 556 1496 Cassi,
590 1440 884 1504 legationibus
908 1441 1070 1496 missis,
1097 1457 1188 1485 sese
1211 1442 1371 1485 Caesari
1397 1441 1577 1486 dedunt.

190 1524 256 1568 Ab
284 1523 352 1567 his
379 1524 625 1585 cognoscit,
649 1541 738 1567 non
765 1522 897 1585 longe
926 1539 978 1567 ex
1005 1539 1056 1567 eo
1079 1521 1175 1567 loco
1200 1522 1415 1584 oppidum
1435 1524 1582 1567 Cassi-

190 1602 383 1647 vellauni
409 1604 583 1660 abesse,
608 1602 728 1648 silvis
756 1602 1081 1665 paludibusque
1101 1604 1321 1648 munitum
1337 1639 1347 1659 ,
1372 1620 1461 1664 quo
1482 1605 1582 1648 satis

191 1701 376 1747 magnus
400 1685 633 1730 hominum
654 1687 912 1747 pecorisque
937 1702 1148 1730 numerus
1172 1686 1444 1729 convenerit.
1468 1685 1586 1746 (Op-

192 1766 346 1827 pidum
380 1776 527 1811 autem
560 1767 763 1811 Britanni
805 1776 985 1823 vocant,
1021 1783 1160 1827 quum
1196 1765 1324 1811 silvas
1356 1765 1588 1827 impeditas

192 1845 308 1891 vallo
347 1857 479 1908 atque
509 1847 623 1892 fossa
654 1849 937 1904 munierunt,
970 1864 1058 1908 quo
1095 1847 1358 1892 incursionis
1393 1848 1588 1893 hostium

195 1928 382 1972 vitandae
418 1945 549 1972 causa
583 1928 819 1972 convenire
855 1928 1167 1986 consuerunt.)
1202 1931 1265 1972 Eo
1297 1929 1590 1989 proficiscitur

195 2025 296 2052 cum
335 2007 582 2070 legionibus
620 2025 629 2052 ε
670 2007 818 2052 locum
851 2008 1016 2069 reperit
1057 2010 1231 2070 egregie
1264 2019 1421 2052 natura
1459 2019 1590 2070 atque

197 2104 327 2149 opere
353 2089 575 2132 munitum
606 2105 614 2131 t
644 2098 791 2133 tamen
822 2088 942 2133 hunc
976 2087 1148 2133 duabus
1185 2106 1240 2133 ex
1279 2090 1476 2150 partibus
1513 2107 1590 2151 op-

199 2185 397 2231 pugnare
429 2169 673 2213 contendit.
712 2172 891 2226 Hostes,
924 2167 1148 2232 paulisper
1187 2173 1366 2227 morati,
1400 2170 1590 2215 milituln

200 2260 455 2294 nostrorum
479 2249 691 2311 impetum
715 2267 804 2295 non
830 2249 1052 2306 tulerunt,
1078 2266 1258 2312 seseque
1285 2250 1369 2295 alia
1394 2269 1446 2296 ex
1469 2263 1593 2314 parte

202 2329 358 2393 oppidi
374 2332 609 2393 ejecerunt.
640 2333 831 2394 Magnus
854 2332 914 2376 ibi
940 2348 1151 2376 numerus
1175 2333 1345 2393 pecoris
1374 2343 1595 2395 repertus,

200 2412 415 2473 multique
440 2414 484 2456 in
505 2412 609 2475 fuga
631 2423 734 2457 sunt
756 2413 1064 2475 comprehensi
1086 2422 1219 2473 atque
1246 2413 1480 2457 interfecti.

264 2495 411 2538 XXII.
442 2496 565 2539 Dum
598 2493 690 2538 hacc
722 2495 767 2538 in
799 2495 868 2539 his
896 2494 1002 2539 locis
1040 2504 1274 2556 geruntur,
1309 2493 1598 2539 Cassivellau-

204 2590 285 2619 nus
307 2575 362 2619 ad
383 2576 613 2632 Cantium,
638 2574 756 2636 quod
777 2592 868 2620 esse
891 2576 945 2620 ad
974 2592 1095 2620 mare
1124 2591 1255 2636 supra
1283 2574 1601 2618 demonstravi-

204 2672 322 2712 mus,
342 2656 502 2717 quibus
528 2657 783 2718 regionibus
808 2666 1002 2717 quatuor
1024 2673 1149 2717 reges
1176 2664 1416 2716 praeerant,
1439 2656 1600 2716 Cinge-
