1972 3356
594 285 657 319 DE
690 283 847 317 BELLO
882 284 1148 319 AFRICANO.
1482 297 1553 331 ἠρ

183 385 309 429 agros
344 369 520 418 vastari,
558 384 685 427 pecus
726 366 875 425 diripi,
907 365 1131 420 trucidari,
1158 366 1315 425 oppida
1361 367 1552 410 castella-

183 465 266 508 que
293 447 406 490 dirui
444 447 686 506 deserique,
723 447 1026 505 principesque
1060 446 1284 488 civitatum
1316 456 1388 489 aut
1424 446 1555 490 inter-

184 528 272 582 fici,
293 538 366 571 aut
391 529 433 570 in
451 527 612 570 catenis
631 527 788 578 teneri,
809 524 965 568 liberos
985 541 1134 567 eorum
1160 523 1358 568 obsidum
1382 527 1555 570 nomine

184 609 226 651 in
257 609 505 651 servitutem
533 606 699 664 abripi;
734 605 782 647 iis
815 619 855 647 se
890 605 931 646 in
966 604 1147 646 miseriis
1181 620 1391 664 suamque
1425 606 1552 649 fidem

185 686 515 747 implorantibus
540 683 698 727 auxilio
726 693 901 743 propter
925 684 1148 742 copiarum
1178 684 1441 742 paucitatem
1467 702 1557 728 esse

185 783 270 810 non
295 781 431 826 posse.
458 764 618 808 Milites
641 764 812 806 interim
836 765 877 805 in
898 779 1028 823 opere
1051 779 1271 818 exercere,
1298 774 1436 807 castra
1460 782 1556 808 mu-

183 847 302 899 nire,
336 855 495 899 turres,
534 843 707 888 castella
744 843 905 896 facere,
937 842 1158 903 molesque
1191 845 1333 903 jacere
1365 845 1406 887 in
1440 862 1557 889 mare

181 941 269 968 non
297 925 594 968 intermittere.
1168 930 1172 933 ’

242 1007 426 1050 XXVII.
445 1005 590 1064 Scipio
604 1005 775 1048 interim
792 1004 1047 1064 elephantos
1063 1006 1146 1048 hoc
1161 1005 1290 1048 modo
1306 1005 1558 1050 condocefa-

180 1101 274 1129 cere
289 1085 488 1128 instituit.
507 1087 627 1128 Duas
645 1085 850 1128 instruxit
865 1085 978 1128 acies
997 1102 1005 1127 :
1028 1100 1158 1128 unam
1169 1084 1439 1128 funditorum
1453 1102 1557 1128 con-

181 1175 245 1208 tra
264 1164 518 1225 elephantos
533 1200 543 1220 ,
559 1181 654 1224 quae
668 1165 788 1224 quasi
805 1163 1147 1208 adversariorum
1162 1163 1306 1208 locum
1322 1165 1558 1220 obtineret,

183 1256 225 1289 et
248 1255 398 1290 contra
420 1262 570 1288 eorum
595 1245 780 1288 frontem
806 1243 1030 1288 adversam
1055 1243 1225 1304 lapillos
1247 1246 1440 1288 minutos
1459 1247 1558 1289 mit-

180 1336 288 1370 teret
313 1343 320 1368 ε
346 1324 500 1368 deinde
529 1326 572 1367 in
599 1324 796 1368 ordinem
821 1323 1077 1385 elephantos
1100 1325 1324 1368 constituit
1354 1342 1361 1367 :
1395 1335 1491 1385 post
1512 1324 1559 1368 il-

182 1404 246 1449 los
274 1416 417 1449 autem
446 1406 581 1449 aciem
610 1422 729 1448 suam
758 1406 982 1455 instruxit,
1013 1414 1090 1458 ut,
1121 1421 1256 1464 quum
1286 1405 1340 1447 ab
1369 1404 1561 1449 adversa-

183 1486 258 1528 riis
287 1484 449 1544 lapides
478 1485 590 1528 mitti
620 1486 848 1543 coepissent
869 1519 879 1538 ‚
919 1494 959 1528 et
1001 1483 1221 1544 elephanti
1258 1485 1477 1544 perterriti
1517 1501 1560 1528 se

183 1563 236 1606 ad
257 1580 356 1607 suos
377 1564 705 1617 convertissent,
726 1580 876 1606 rursus
901 1580 924 1606 a
945 1580 1020 1607 sua
1046 1564 1137 1606 acie
1162 1562 1378 1623 lapidibus
1403 1564 1560 1611 missis,

181 1660 255 1687 eos
281 1653 588 1688 converterent
613 1642 820 1687 adversus
847 1643 1044 1696 hostem3
1071 1643 1190 1703 quod
1216 1659 1327 1703 aegre
1354 1643 1562 1704 tardeque

180 1723 310 1767 fiebat
338 1741 346 1767 :
374 1724 502 1768 rudes
531 1726 647 1767 enim
681 1721 930 1783 elephanti,
971 1721 1210 1766 multorum
1239 1740 1453 1766 annorum
1484 1723 1560 1767 do-

180 1804 322 1847 ctrina
349 1820 516 1862 usuque
543 1812 714 1846 vetusto
742 1803 812 1845 vix
840 1802 1007 1853 edocti,
1034 1811 1177 1845 tamen
1206 1803 1428 1845 communi
1455 1804 1562 1862 peri-

182 1882 280 1926 culo
306 1883 349 1925 in
379 1884 512 1926 aciem
538 1880 856 1941 producuntur.

244 1963 451 2005 XXVIII.
479 1964 594 2005 Dum
618 1961 710 2004 haec
734 1960 786 2003 ad
814 1961 1054 2020 Ruspinam
1079 1962 1132 2004 ab
1160 1962 1356 2020 utrisque
1380 1960 1562 2005 ducibus

182 2041 570 2095 administrantur,
595 2042 643 2084 C.
673 2039 881 2102 Virgilius
911 2041 1162 2100 praetorius,
1189 2041 1264 2101 qui
1289 2040 1464 2101 Thapso
1493 2058 1564 2102 op-

183 2122 286 2182 pido
321 2123 540 2166 maritimo
578 2131 791 2181 praeerat,
827 2137 962 2181 quum
1001 2120 1402 2176 animadvertisset,
1435 2136 1562 2164 naves

183 2202 375 2264 singulas
413 2219 512 2246 cum
555 2202 744 2244 exercitu
784 2202 993 2255 Caesaris,
1038 2202 1224 2245 incertas
1264 2200 1462 2245 locorum
1501 2211 1565 2244 at-

182 2298 266 2342 que
290 2292 532 2326 castrorum
558 2298 763 2335 suorum,
793 2282 965 2342 vagari,
992 2282 1260 2325 occasionem
1290 2291 1465 2336 nactus,
1496 2297 1565 2324 na-

184 2379 279 2405 vem
296 2398 306 2416 ,
352 2379 480 2422 quarn
528 2362 586 2405 ibi
630 2361 782 2404 habuit
824 2363 1087 2416 actuariam‚
1130 2360 1341 2405 militibus
1378 2359 1566 2420 complet

184 2451 224 2485 et
261 2442 518 2503 sagittariis,
562 2451 602 2484 et
641 2441 778 2484 eidem
816 2441 995 2502 scaphas
1032 2441 1085 2484 de
1125 2441 1306 2484 navibus
1341 2439 1564 2500 adjungit,

186 2538 235 2566 ac
261 2520 453 2583 singulas
478 2538 607 2565 naves
631 2522 896 2566 Caesarianas
923 2522 1162 2566 consectari
1186 2522 1328 2581 coepit.
1353 2522 1406 2564 Et
1430 2535 1567 2580 quum

186 2601 333 2661 plures
369 2602 549 2645 adortus
580 2612 715 2656 esset,
744 2601 893 2662 pulsus
930 2602 1191 2662 fugatusque
1227 2600 1326 2644 iude
1359 2599 1563 2644 discessit.

189 2681 269 2724 Sed
295 2698 426 2741 quum
456 2699 532 2726 uec
555 2683 614 2725 sic
653 2681 870 2725 desisteret
896 2680 1156 2742 periclitari,
1184 2681 1294 2725 forte
1331 2677 1480 2723 incidit
1526 2679 1566 2720 in
