1972 3356
588 234 654 268 DE
684 231 842 267 BELLO
872 229 1142 268 AFRICANO.
1482 227 1553 263 253

176 322 420 368 Cothonem
449 335 493 364 se
515 319 725 363 universae
749 315 1044 361 contulerunt.
1073 316 1216 360 Caesar
1249 313 1399 358 eodem
1426 324 1555 359 vento

179 400 529 464 promontorium
545 413 750 459 superare
772 413 860 440 non
886 396 1051 456 potuit,
1077 404 1207 455 atque
1230 395 1272 438 in
1296 393 1385 439 salo
1408 394 1453 439 in
1476 411 1554 439 an-

177 483 290 527 coris
311 498 361 526 ea
389 489 515 525 nocte
542 486 859 532 commoratus,
881 476 1023 536 prima
1049 474 1146 518 luce
1172 474 1463 519 Adrumetum
1484 491 1556 520 ac-

177 563 316 618 cedit,
344 562 489 621 ibique
512 558 695 602 navibus
716 556 950 609 onerariis,
976 570 1072 614 quae
1097 564 1224 597 erant
1247 565 1366 598 extra
1393 556 1559 600 Cotho-

179 660 299 699 nem,
329 639 535 695 incensis,
563 637 854 696 omnibusque
877 633 1057 694 reliquis
1082 632 1176 677 aliis
1207 644 1281 678 aut
1310 634 1559 694 subductis,

179 733 253 767 aut
281 723 326 765 in
353 720 598 765 Cothonem
625 714 885 777 compulsiS,
910 712 1134 775 paulisper
1161 724 1481 770 commoratus,
1525 718 1560 760 si

178 804 290 847 forte
310 800 471 845 vellent
495 798 628 843 classe
653 797 882 853 dimicare,
907 812 1059 840 rursus
1084 811 1129 839 se
1153 796 1318 857 recepit
1342 796 1387 840 in
1406 806 1558 841 castra.

239 883 397 926 LXIV.
427 883 478 926 In
507 896 557 924 ea
590 895 700 922 nave
737 888 889 939 captus
925 887 989 922 est
1013 879 1060 921 P.
1086 877 1286 921 Vestrius
1322 893 1452 938 eques
1488 895 1559 922 ro-

177 979 355 1017 manus,
383 971 426 1006 et
452 963 500 1005 P.
527 960 729 1022 Ligarius
754 958 1047 1015 Afranianus,
1077 974 1206 1019 quem
1231 959 1377 1003 Caesar
1407 958 1449 1001 in
1472 959 1565 1002 His-

177 1044 306 1106 pania
327 1059 426 1087 cum
454 1040 632 1102 reliquis
654 1039 899 1093 dimiserat3
924 1048 967 1083 et
990 1048 1140 1100 postea
1162 1055 1206 1083 se
1231 1038 1284 1082 ad
1306 1039 1563 1100 Pompeium

178 1123 445 1180 contulerat3
472 1121 574 1167 inde
601 1138 653 1166 ex
680 1119 835 1182 proelio
863 1119 1099 1182 effugerat,
1127 1120 1172 1163 in
1199 1119 1478 1181 Africamque
1508 1120 1564 1164 ad

178 1208 347 1250 Varum
369 1213 547 1248 venerat
572 1219 581 1246 :
608 1218 739 1264 quem
767 1201 823 1245 ob
853 1201 1095 1263 perjurium
1128 1200 1444 1262 perfidiamque
1481 1203 1567 1246 Cae-

183 1302 253 1330 sar
280 1286 409 1347 jussit
430 1284 613 1340 necari;
651 1285 698 1328 P.
721 1283 896 1327 Vestrio
935 1291 1110 1339 autem,
1147 1281 1267 1342 quod
1302 1282 1394 1343 ejus
1431 1282 1565 1326 frater

180 1368 331 1410 Romae
356 1365 584 1426 pecuniam
610 1365 869 1425 imperatam
898 1372 1232 1418 numeraverat,
1259 1371 1302 1406 et
1325 1362 1444 1423 quod
1474 1363 1564 1424 ipse

181 1463 301 1491 suam
336 1461 510 1491 causam
549 1445 708 1491 Caesari
745 1444 1027 1506 probaverat,
1059 1459 1130 1501 se,
1174 1460 1199 1487 a
1229 1443 1398 1489 Nasidii
1435 1442 1569 1488 classe

184 1537 385 1588 captum,
410 1543 547 1588 quum
571 1525 625 1569 ad
648 1541 800 1569 necem
827 1524 1081 1582 duceretur,
1107 1524 1321 1568 beneficio
1344 1524 1452 1568 Vari
1476 1540 1568 1568 esse

183 1617 421 1662 servatum,
455 1616 603 1668 postea
646 1604 897 1650 facultatem
936 1605 1017 1649 sibi
1046 1603 1211 1649 nullam
1251 1603 1397 1648 datam
1430 1614 1567 1649 trans-

185 1688 341 1746 eundi,
367 1688 550 1749 ignovit.

247 1771 384 1814 LXV.
425 1771 504 1813 Est
540 1769 586 1812 in
615 1768 762 1813 Africa
794 1767 1070 1812 consuetudo
1110 1767 1382 1824 incolarum,
1435 1778 1484 1812 ut
1522 1769 1568 1812 in

185 1849 319 1910 agris,
355 1858 397 1893 et
431 1849 477 1892 in
509 1848 713 1892 omnibus
746 1847 838 1891 fere
868 1846 981 1891 villis
1024 1847 1105 1891 sub
1132 1857 1248 1892 terra
1289 1863 1442 1909 specus
1474 1864 1572 1892 con-

186 1929 316 1973 dendi
350 1928 557 1972 frumenti
587 1928 730 1989 gratia
757 1926 867 1971 clam
895 1927 1111 1984 habeant,
1145 1937 1278 1988 atque
1309 1927 1354 1971 id
1390 1937 1572 1990 propter

185 2009 298 2054 bella
312 2009 521 2065 maxime,
541 2009 821 2069 hostiumque
846 2009 1041 2052 subitum
1056 2007 1293 2052 adventum
1310 2018 1570 2070 praeparent.

187 2091 288 2148 Qua
313 2090 366 2134 de
384 2106 432 2133 re
459 2092 604 2135 Caesar
639 2090 798 2133 certior
825 2106 905 2151 per
942 2088 1130 2134 indicem
1161 2089 1329 2147 factus,
1359 2090 1486 2134 tertia
1513 2090 1574 2134 vi-

190 2170 292 2233 gilia
319 2170 513 2233 legiones
538 2187 572 2215 11
595 2187 696 2215 cum
721 2170 919 2231 equitatu
944 2171 1081 2215 mittit
1109 2171 1164 2214 ab
1189 2171 1341 2215 castris
1369 2171 1456 2215 suis
1484 2170 1574 2215 mil-

189 2251 245 2295 lia
271 2268 475 2312 passuum
495 2268 547 2308 x,
564 2261 694 2312 atque
716 2250 817 2294 inde
838 2268 997 2313 magno
1024 2268 1209 2296 numero
1236 2251 1443 2296 frumenti
1465 2269 1576 2296 onu-

190 2341 278 2376 stos
303 2332 457 2393 recipit
478 2333 522 2375 in
546 2341 699 2376 castra.
728 2331 901 2389 Quibus
932 2332 1062 2377 rebus
1091 2333 1299 2394 cognitis,
1324 2332 1544 2377 Labienus
1562 2369 1573 2389 ‚

191 2428 446 2473 progressus
476 2429 501 2456 a
528 2412 615 2456 suis
649 2413 800 2456 castris
825 2411 961 2457 millia
984 2429 1193 2475 passuum
1218 2430 1280 2458 v11
1310 2430 1388 2475 per
1416 2414 1573 2475 jugum

191 2502 233 2537 et
258 2491 434 2549 collem,
458 2509 533 2553 per
556 2508 683 2553 quem
706 2494 849 2537 Caesar
872 2493 1011 2554 pridie
1037 2494 1118 2538 iter
1140 2493 1329 2551 fecerat,
1352 2495 1411 2538 ibi
1432 2505 1575 2539 castra

194 2572 379 2616 duarum
406 2571 626 2635 legionum
655 2572 780 2629 faeit3
806 2582 937 2634 atque
962 2575 1054 2636 ipse
1075 2574 1294 2635 quotidie,
1319 2576 1573 2619 existimans

194 2653 410 2698 Caesarem
424 2652 573 2698 eadem
594 2669 705 2714 saepe
727 2652 1024 2699 frumentandi
1045 2655 1184 2717 gratia
1198 2665 1545 2701 commeaturum
1564 2691 1575 2711 ‚
