1972 3356
453 237 519 271 DE
550 237 710 272 BELLO
742 237 961 272 GALLICO
992 238 1084 271 LIB.
1111 238 1157 271 H.
1463 239 1504 279 [17

110 335 161 363 eo
184 318 349 379 oppido
371 322 516 364 Caesar
539 338 639 365 cum
665 322 858 365 exercitu
887 322 1064 365 circiter
1087 320 1223 365 millia
1246 334 1449 378 passuum
1472 336 1513 360 v-

112 400 300 456 abesset,
323 415 475 445 omnes
502 402 690 462 majores
720 411 847 457 natu,
873 419 925 445 ex
952 401 1116 462 oppido
1141 401 1326 463 egressi,
1356 416 1513 443 manus

113 480 169 524 ad
193 482 410 526 Caesarem
434 481 638 538 tendere,
662 492 706 526 et
732 498 837 526 voce
866 482 1115 542 significare
1141 491 1392 542 coeperunt,
1423 497 1515 525 sese

115 562 159 604 in
180 561 274 622 ejus
297 561 429 605 fidem
457 579 506 605 ac
529 571 794 623 potestatem
816 563 991 618 venire,
1024 578 1167 622 neque
1191 572 1345 606 contra
1373 579 1515 624 popu-

116 640 206 685 lum
244 658 478 686 romanum
508 643 640 686 armis
674 642 955 686 contendere.
985 645 1119 698 Item,
1147 659 1284 703 quum
1312 643 1367 686 ad
1393 644 1518 704 oppi-

117 722 220 766 dum
237 723 492 767 accessisset
505 757 516 778 ,
532 733 762 784 castraque
781 723 840 766 ibi
857 733 1068 784 poneret,
1085 724 1211 784 pueri
1223 722 1519 785 mulieresque

117 820 173 847 ex
209 820 337 847 muro
364 804 502 865 passis
534 804 739 848 manibus
775 820 855 848 suo
888 821 1012 848 more
1037 821 1191 865 pacem
1224 805 1277 848 ab
1306 806 1519 850 Romanis

117 885 355 945 petierunt.

183 968 304 1009 XIV.
331 968 418 1010 Pro
441 967 509 1010 his
537 967 784 1012 Divitiacus
810 968 940 1029 (nam
967 978 1068 1030 post
1099 968 1339 1013 discessum
1365 968 1522 1031 Belga—

119 1062 244 1101 rum,
274 1045 461 1091 dimissis
488 1046 732 1092 AEduorum
762 1049 922 1110 copiis,
958 1049 1013 1093 ad
1043 1066 1144 1094 eum
1173 1050 1438 1112 reverterat)
1464 1050 1525 1095 fe-

122 1127 183 1170 cit
210 1127 345 1171 verba
373 1145 381 1171 z
406 1127 699 1174 «Bellovacos
721 1130 845 1174 omni
866 1140 1064 1192 tempore
1088 1132 1133 1175 in
1158 1131 1244 1176 fide
1265 1141 1396 1192 atque
1420 1132 1526 1176 ami—

121 1208 224 1251 citia
245 1208 433 1253 civitatis
453 1208 606 1253 AEduae
621 1209 753 1254 fuisse
778 1227 786 1254 ε
818 1210 1032 1272 impulsos
1050 1212 1103 1256 ab
1124 1213 1213 1256 suis
1234 1213 1526 1274 principibus,

123 1289 199 1349 qui
227 1288 444 1347 dicerent,
469 1290 657 1346 AEduos,
690 1308 713 1334 a
740 1293 910 1336 Caesare
934 1292 980 1335 in
1003 1293 1262 1337 servitutem
1295 1292 1498 1337 redactos
1516 1326 1527 1346 ‚

125 1386 276 1413 omnes
296 1369 581 1432 indignitates
598 1370 980 1433 contumeliasque
997 1371 1213 1433 perferre,
1230 1382 1275 1417 et
1296 1373 1351 1416 ab
1375 1372 1528 1418 AEduis

125 1450 352 1507 defecisse,
377 1461 421 1496 et
443 1451 610 1514 populo
633 1470 819 1497 romano
842 1452 1010 1498 bellum
1036 1453 1237 1498 intulisse
1263 1471 1272 1498 ε
1298 1454 1375 1515 qui
1397 1453 1529 1516 liujus

126 1531 296 1576 consilii
327 1533 549 1595 principes
584 1533 791 1591 fuissent,
822 1535 943 1596 quod
971 1534 1293 1597 intelligerent,
1318 1545 1531 1596 quantam

126 1611 423 1658 calamitatem
467 1615 637 1659 civitati
675 1614 948 1673 intulissent,
984 1618 1029 1660 in
1070 1617 1347 1661 Britanniam
1380 1615 1534 1678 profu-

129 1694 256 1754 gisse.
286 1696 442 1740 Petere
470 1713 559 1741 non
595 1695 738 1741 solum
761 1696 1044 1754 Bellovacos,
1073 1697 1148 1742 sed
1188 1697 1320 1742 etiam
1351 1714 1434 1758 pro
1466 1697 1534 1742 his

128 1775 312 1832 AEduos,
338 1787 386 1820 ut
407 1793 482 1821 sua
505 1777 737 1822 clementia
762 1796 811 1823 ac
835 1778 1174 1823 mansuetudine
1198 1779 1243 1822 in
1267 1796 1340 1823 eos
1367 1788 1533 1823 utatur.

131 1856 267 1914 Quod
303 1859 338 1902 si
376 1858 549 1915 fecerit,
591 1860 839 1904 AEduorum
882 1861 1193 1904 auctoritatem
1229 1859 1347 1922 apud
1382 1876 1536 1905 omnes

132 1936 289 1999 Belgas
317 1939 690 2001 amplificaturum
725 1958 733 1984 :
766 1958 957 2002 quorum
987 1940 1162 1985 auxiliis
1192 1952 1324 2002 atque
1353 1942 1536 2003 opibus,

133 2019 168 2062 si
192 2037 274 2081 qua
303 2020 416 2065 bella
442 2021 699 2077 inciderint,
723 2032 970 2067 sustentare
993 2023 1262 2066 consuerint.
1289 2042 1310 2063 »

199 2102 299 2145 XV.
330 2103 500 2156 Caesar,
523 2102 705 2147 lionoris
728 2104 934 2148 Divitiaci
961 2113 1095 2165 atque
1117 2103 1365 2147 AEduorum
1388 2119 1540 2158 causa,

136 2200 228 2226 esse
256 2199 328 2227 eos
359 2185 404 2227 in
436 2183 568 2227 fidem
607 2195 890 2246 recepturum
925 2195 969 2229 et
1000 2194 1366 2229 conservaturum
1399 2182 1539 2227 dixit:

138 2263 238 2320 sed,
270 2264 390 2324 quod
420 2275 512 2309 erat
539 2266 692 2310 civitas
728 2283 886 2328 magna
922 2266 1039 2310 inter
1070 2264 1225 2327 Belgas
1251 2264 1542 2320 auctoritate,

137 2355 273 2406 atque
299 2347 532 2390 hominum
568 2347 854 2392 multitudine
884 2348 1145 2409 praestabat,
1175 2363 1236 2392 Dc
1263 2345 1436 2391 obsides
1464 2362 1544 2406 po-

139 2429 294 2488 poscit.
332 2429 411 2472 His
446 2428 639 2485 traditis,
670 2429 964 2490 omnibusque
1001 2429 1135 2472 armis
1171 2444 1227 2472 ex
1262 2426 1429 2489 oppido
1457 2426 1546 2470 col-

142 2507 264 2565 latis,
289 2510 343 2554 ab
370 2527 421 2554 eo
456 2509 554 2554 loco
588 2510 632 2553 in
658 2509 766 2554 fines
796 2509 1118 2554 Ambianorum
1146 2508 1366 2570 pervenit,
1397 2507 1475 2568 qui
1501 2524 1545 2550 se.

144 2609 310 2653 suaque
332 2594 482 2637 omnia
502 2594 595 2637 sine
618 2609 742 2636 mora
765 2591 1045 2636 dediderunt.
1072 2592 1236 2634 Eorum
1262 2589 1370 2633 fines
1392 2589 1546 2633 Nervii

147 2675 439 2736 attingebant,
466 2691 652 2735 quorum
678 2674 731 2718 de
749 2682 906 2717 natura
931 2672 1216 2732 moribusque
1240 2671 1386 2715 Caesar
1404 2686 1541 2730 quum
