1972 3356
427 271 499 316 178
635 272 674 307 C.
707 272 836 306 JULII
867 272 1084 306 CAESARIS
1113 272 1604 308 COMMENTARIORUM

421 354 800 416 Vercingetorigis
823 354 1028 410 aberant,
1052 363 1094 397 et
1113 353 1239 415 palus
1261 364 1493 416 perpetua,
1515 372 1611 416 quae
1635 356 1819 400 interce-

423 436 572 489 debat,
597 437 820 479 Romanos
849 434 905 479 ad
933 434 1253 495 insequendum
1278 435 1495 479 tardabat.
1524 438 1709 497 Jamque
1735 437 1819 480 hoc

421 516 563 560 facere
590 525 726 559 noctu
755 515 1048 576 apparabant,
1080 532 1217 576 quum
1248 526 1411 560 matres
1439 515 1614 560 familiae
1638 527 1820 577 repente

422 597 467 639 in
494 595 720 657 publicum
749 606 1090 657 procurrerunt,
1126 597 1389 657 flentesque,
1420 598 1626 658 projectae
1659 596 1715 640 ad
1745 614 1820 657 pe-

422 676 497 720 des
520 693 721 733 suorum,
746 677 951 720 omnibus
976 677 1178 738 precibus
1215 678 1460 738 petierunt,
1485 694 1540 721 ne
1566 694 1610 721 se
1635 686 1678 721 et
1701 694 1819 721 com-

422 774 577 802 munes
603 756 763 802 liberos
789 758 989 802 hostibus
1018 758 1073 801 ad
1096 757 1361 819 supplicium
1387 757 1616 813 dederent,
1636 775 1745 819 quos
1766 758 1820 801 ad

424 838 684 900 capiendam
708 839 859 900 fugam
882 848 1051 883 naturae
1069 849 1112 883 et
1130 840 1291 883 virium
1317 839 1550 883 infirmitas
1570 839 1818 900 impediret.

421 919 512 964 Ubi
535 936 607 963 eos
628 920 673 963 in
699 921 917 964 sententia
941 930 1136 981 perstare
1159 919 1388 975 viderunt,
1414 919 1534 980 quod
1563 919 1822 981 plerumque

422 1001 467 1043 in
507 1016 680 1044 summo
721 999 915 1061 periculo
955 1001 1088 1043 timor
1128 999 1474 1043 misericordiam
1514 1017 1605 1045 non
1642 1001 1818 1061 recipit,

422 1078 717 1136 conclamare,
750 1089 794 1123 et
827 1079 1075 1140 significare
1113 1079 1166 1122 de
1194 1079 1298 1141 fuga
1333 1081 1547 1124 Romanis
1578 1090 1819 1140 coeperunt.

423 1160 527 1217 Quo
553 1161 712 1204 timore
734 1160 956 1221 perterriti
979 1159 1120 1217 Galli,
1145 1177 1199 1203 ne
1218 1161 1270 1204 ab
1295 1161 1495 1221 equitatu
1514 1164 1821 1206 Romanorum

422 1241 504 1284 viae
527 1250 961 1301 praeoccuparentur,
984 1238 1169 1285 consilio
1190 1240 1468 1285 destiterunt.

487 1323 675 1365 XXVII.
706 1323 889 1366 Postero
923 1320 993 1365 die
1027 1324 1197 1378 Caesar,
1230 1331 1435 1382 promota
1466 1322 1601 1376 turri,
1626 1320 1824 1365 directis—

423 1418 508 1463 que
536 1403 763 1463 operibus,
789 1419 884 1463 quae
909 1403 1051 1447 facere
1075 1404 1347 1457 instituerat,
1368 1418 1531 1464 magno
1560 1411 1713 1446 coorto
1743 1403 1824 1446 im-

422 1483 512 1540 bri,
537 1499 625 1527 non
648 1483 848 1527 inutilem
874 1484 988 1528 hanc
1012 1484 1067 1528 ad
1090 1484 1351 1545 capiendum
1382 1482 1615 1528 consilium
1636 1493 1824 1545 tempes-

426 1573 559 1607 tatem
579 1563 842 1619 arbitratus,
862 1564 980 1624 quod
997 1564 1133 1628 paulo
1151 1565 1372 1608 incautius
1386 1563 1606 1609 custodias
1629 1564 1673 1608 in
1695 1581 1823 1608 muro

425 1643 656 1705 dispositas
674 1643 868 1701 videbat,
893 1661 994 1688 suos
1018 1661 1193 1705 quoque
1221 1644 1473 1705 languidius
1501 1646 1544 1688 in
1569 1662 1702 1706 opere
1726 1662 1823 1689 ver-

425 1726 511 1769 sari
533 1725 689 1785 jussit,
719 1734 761 1768 et
789 1724 896 1785 quid
929 1724 1022 1768 fieri
1057 1724 1186 1769 vellet
1226 1725 1431 1769 ostendit.
1464 1726 1679 1786 Legiones
1709 1726 1823 1770 intra

425 1806 574 1850 vineas
597 1806 641 1848 in
663 1804 839 1849 occulto
863 1805 1088 1866 expeditas
1109 1805 1387 1859 cohortatur,
1409 1816 1457 1849 ut
1480 1805 1719 1865 aliquando
1743 1822 1824 1866 pro

427 1887 557 1930 tantis
592 1884 817 1929 laboribus
845 1885 1038 1930 fructum
1073 1886 1267 1929 victoriae
1302 1886 1610 1946 perciperent3
1641 1885 1708 1929 his
1745 1888 1822 1946 qui

424 1967 555 2026 primi
590 1983 768 2010 murum
807 1965 1133 2010 adscendissent
1167 1967 1344 2027 praemia
1384 1967 1636 2027 proposuit,
1671 1965 1823 2010 militi-

422 2046 592 2107 busque
612 2048 788 2108 signum
807 2046 942 2090 dedit.
958 2045 1027 2090 Illi
1043 2047 1188 2091 subito
1210 2064 1262 2091 ex
1285 2048 1491 2091 omnibus
1508 2047 1707 2109 partibus
1721 2064 1823 2091 evo-

425 2126 649 2185 laverunt,
671 2144 938 2188 murumque
959 2127 1161 2172 celeriter
1178 2127 1527 2189 compleverunt.

488 2210 702 2253 XXVIII.
732 2211 910 2265 Hostes,
940 2225 987 2253 re
1020 2226 1134 2253 nova
1164 2210 1409 2270 perterriti,
1440 2226 1569 2253 muro
1598 2210 1819 2254 turribus-

424 2304 509 2348 que
528 2288 707 2349 dejecti,
733 2290 778 2332 in
801 2289 898 2333 foro
924 2306 973 2333 ac
997 2288 1102 2333 locis
1126 2291 1450 2351 patentioribus
1471 2291 1695 2335 cuneatim
1718 2306 1821 2334 con-

424 2370 656 2428 stiterunt,
680 2371 765 2415 hoc
795 2370 943 2414 animo
965 2380 1037 2428 ut,
1071 2372 1105 2416 si
1128 2388 1216 2433 qua
1238 2389 1291 2416 ex
1314 2382 1440 2433 parte
1464 2373 1636 2416 obviam
1668 2380 1820 2415 contra

425 2452 667 2505 veniretur,
694 2452 785 2495 acie
815 2452 1030 2495 instructa
1058 2451 1379 2514 depugnarent.
1409 2453 1498 2498 Ubi
1527 2452 1748 2496 neminem
1774 2452 1819 2495 in

423 2546 598 2591 aequum
638 2529 787 2575 locum
819 2548 910 2576 sese
944 2532 1195 2590 demittere,
1226 2532 1300 2577 sed
1332 2543 1424 2577 toto
1453 2532 1649 2592 undique
1689 2549 1817 2576 muro

425 2610 722 2655 circumfundi
748 2611 976 2669 viderunt,
1007 2614 1135 2657 veriti
1166 2630 1220 2657 ne
1251 2614 1433 2657 omnino
1468 2629 1565 2673 spes
1592 2611 1707 2674 fugae
1734 2611 1819 2656 tol-

427 2688 610 2746 leretur,
637 2692 816 2752 abjectis
845 2694 996 2749 armis,
1022 2692 1198 2738 ultimas
1225 2692 1376 2754 oppidi
1403 2702 1549 2752 partes
1574 2694 1819 2737 continenti
