1972 3356
406 304 478 340 250
614 307 652 340 C.
687 306 811 340 JULII
843 305 1060 341 CAESARIS
1090 304 1576 341 COMMENTARIORUM

403 390 534 432 etiam
563 405 641 449 per
670 405 713 432 se
742 388 1046 433 discessionem
1078 389 1218 433 facere
1243 390 1375 449 coepit
1411 387 1552 448 (quod
1585 404 1638 431 ne
1671 390 1792 432 fieret

403 468 603 513 consules
638 471 854 531 amicique
897 473 1092 532 Pompeii
1127 470 1396 531 jusserunt),
1435 479 1565 529 atque
1607 470 1666 512 ita
1700 487 1792 513 rem

402 550 675 594 moderando
701 550 1006 595 discesserunt.

464 631 582 675 LIII.
622 633 840 694 Magnum
879 631 963 676 hoc
1004 634 1306 676 testimonium
1348 640 1523 675 senatus
1563 640 1656 674 erat
1696 632 1795 674 uni-

401 713 535 767 versi,
578 713 934 773 conveniensque
969 714 1185 773 superiori
1224 714 1351 758 facto.
1397 715 1513 758 Nam
1558 710 1796 756 Marcellus

402 793 604 852 proximo
637 809 775 848 anno,
812 810 948 853 quum
980 794 1263 855 impugnaret
1296 794 1477 837 Caesaris
1514 793 1795 854 dignitatem,

401 881 555 915 contra
587 871 728 933 legem
760 874 961 934 Pompeii
995 883 1036 917 et
1067 875 1211 917 Crassi
1246 872 1457 922 retulerat
1489 883 1590 917 ante
1623 883 1797 933 tempus

401 952 457 995 ad
481 962 681 996 senatum
711 952 764 996 de
791 954 975 997 Caesaris
1007 954 1269 1014 provincii53
1302 955 1617 1014 sententiisque
1645 953 1796 1007 dictis,

401 1031 711 1076 discessionem
740 1033 926 1077 faciente
961 1032 1198 1088 Marcello,
1229 1035 1305 1093 qui
1335 1035 1415 1077 sibi
1443 1051 1620 1077 omnem
1654 1034 1798 1094 digni-

402 1122 535 1156 tatem
565 1129 617 1156 ex
646 1114 828 1157 Caesaris
854 1113 1019 1157 invidia
1044 1114 1290 1174 quaerebat,
1317 1124 1492 1157 senatus
1520 1114 1725 1174 frequens
1754 1116 1798 1157 in

401 1191 484 1236 alia
510 1194 657 1237 omnia
683 1194 868 1237 transiit.
898 1194 1074 1252 Quibus
1100 1211 1189 1238 non
1217 1194 1535 1256 frangebantur
1557 1196 1692 1239 animi
1716 1196 1800 1238 ini-

404 1275 618 1319 micorum
658 1276 861 1331 Caesaris,
892 1275 967 1320 sed
1004 1275 1360 1321 admonebantur
1393 1294 1481 1337 quo
1509 1277 1696 1338 majores
1725 1293 1800 1336 pa-

401 1365 552 1399 rarent
576 1356 940 1413 necessitudines,
965 1357 1124 1418 quibus
1144 1358 1241 1419 cogi
1268 1368 1412 1419 posset
1435 1368 1612 1402 senatus
1637 1358 1678 1401 id
1701 1375 1800 1419 pro-

400 1430 505 1474 bare
529 1430 649 1491 quod
672 1431 755 1491 ipsi
779 1432 1121 1475 constituissent.

469 1512 583 1555 LIV.
614 1512 685 1554 Fit
714 1511 872 1555 deinde
904 1514 943 1555 S.
971 1515 1020 1557 C.
1055 1523 1102 1556 ut
1131 1513 1185 1556 ad
1215 1512 1379 1557 bellum
1403 1514 1660 1558 Parthicum
1685 1512 1800 1574 legio

407 1607 491 1634 una
517 1607 542 1633 a
564 1593 645 1635 Cn.
674 1594 906 1653 Pompeio,
933 1592 1070 1637 altera
1095 1611 1118 1637 a
1145 1596 1194 1638 C.
1222 1596 1391 1639 Caesare
1413 1595 1664 1638 mitteretur
1691 1612 1699 1637 ε
1726 1612 1800 1638 nc-

404 1689 489 1733 que
518 1673 702 1718 obscure
740 1674 806 1720 hae
834 1673 930 1718 duae
960 1674 1153 1736 legiones
1188 1677 1265 1719 uni
1292 1677 1453 1720 Caesari
1487 1676 1798 1719 detrahuntur.

402 1754 518 1797 Nam
546 1756 629 1798 Cn.
659 1757 895 1816 Pompeius
920 1754 1136 1817 legionem
1170 1757 1380 1816 primam,
1406 1774 1539 1817 quam
1573 1756 1628 1800 ad
1656 1758 1799 1801 Caesa-

403 1853 495 1880 rem
522 1836 722 1892 miserat,
757 1836 1003 1880 confectam
1034 1854 1085 1880 ex
1122 1836 1295 1881 delectu
1329 1838 1567 1898 provinciae
1594 1839 1800 1892 Caesaris,

405 1934 501 1961 eam
524 1926 734 1978 tanquam
760 1934 810 1961 ex
835 1934 914 1961 suo
935 1934 1122 1962 numero
1144 1918 1278 1961 dedit.
1301 1920 1447 1963 Caesar
1471 1928 1640 1973 tamen,
1664 1934 1801 1978 quum

404 1998 457 2042 de
492 1997 720 2042 voluntate
757 2000 939 2042 minime
970 1999 1155 2043 dubium
1185 2010 1297 2043 esset
1320 1999 1674 2043 adversariorum
1699 2015 1800 2043 suo-

403 2095 524 2134 rum,
550 2080 632 2123 Cn.
655 2081 867 2140 Pompeio
894 2079 1112 2142 legionem
1134 2081 1321 2132 remisit,
1345 2090 1388 2123 et
1413 2097 1492 2124 suo
1518 2081 1697 2124 nomine
1720 2096 1800 2135 xv,

404 2176 536 2219 quam
564 2160 607 2202 in
634 2158 781 2204 Gallia
806 2161 1010 2205 citeriore
1036 2161 1272 2214 habuerat,
1297 2178 1349 2205 ex
1378 2163 1419 2206 S.
1446 2163 1495 2205 C.
1519 2161 1646 2222 jubet
1671 2160 1798 2205 tradi.

404 2242 453 2283 In
491 2241 583 2301 ejus
629 2239 774 2285 locum
807 2258 890 2285 xm
924 2240 1142 2303 legionem
1186 2243 1229 2285 in
1274 2241 1444 2287 Italiam
1492 2243 1657 2297 mittit,
1706 2258 1801 2302 quae

405 2321 605 2382 praesidia
653 2332 831 2367 tueatur
883 2340 933 2366 ex
987 2324 1147 2383 quibus
1194 2323 1408 2384 praesidiis
1455 2340 1514 2368 xv
1557 2323 1799 2367 deduceba-

406 2414 488 2448 tur.
530 2408 628 2466 Ipse
667 2406 877 2449 exercitui
922 2405 1148 2449 distribuit
1193 2406 1402 2461 hiberna3
1441 2408 1488 2451 C.
1530 2405 1798 2450 Trebonium

403 2502 505 2529 cum
539 2485 787 2547 legionibus
823 2502 868 2530 1v
907 2487 950 2529 in
989 2486 1141 2548 Belgio
1171 2486 1377 2543 collocat3
1405 2489 1455 2532 C.
1484 2487 1669 2530 Fabium
1699 2503 1800 2530 cum

406 2566 588 2610 totidem
625 2568 668 2610 in
706 2567 866 2611 AEduos
900 2567 1091 2611 deducit.
1136 2569 1206 2612 Sic
1245 2570 1361 2612 enim
1405 2567 1680 2612 existimabat
1735 2576 1801 2610 tu-

406 2647 616 2691 tissimam
665 2648 757 2692 fore
807 2648 998 2693 Galliam
1018 2684 1028 2704 ,
1078 2651 1111 2693 si
1155 2649 1321 2711 Belgae,
1373 2665 1563 2710 quorum
1609 2648 1801 2691 maxima

406 2727 562 2783 virtus,
616 2739 655 2772 ct
711 2729 863 2785 AEdui,
920 2747 1107 2790 quorum
1157 2732 1396 2774 auctoritas
1443 2746 1612 2773 summa
1667 2739 1800 2786 esset,
