1972 3356
506 241 574 277 DE
601 241 762 277 BELLO
792 240 1008 276 GALLICO
1038 240 1129 275 LIB.
1153 240 1237 275 vu.
1504 235 1573 271 183

171 335 343 387 spectu,
364 325 542 387 fereque
562 343 584 370 e
609 327 787 388 regione
807 326 962 369 castris
991 334 1136 369 castra
1158 331 1362 385 poneret,
1389 320 1575 381 disposi-

172 408 227 451 tis
259 406 612 469 exploratoribus
642 407 802 452 necubi
831 406 989 451 effecto
1022 415 1182 467 ponte,
1209 403 1400 450 Romani
1429 401 1578 462 copias

173 488 534 545 transducerent,
559 498 653 533 erat
674 489 720 532 in
742 488 914 550 magnis
939 487 1102 532 Caesari
1127 483 1462 530 difficultatibus
1489 499 1578 537 res,

172 585 228 613 ne
256 570 474 630 majorem
506 569 667 613 aestatis
697 579 868 630 partem
900 568 1082 612 flumine
1114 565 1426 626 impediretur3
1458 564 1580 626 quod

172 667 261 694 non
288 649 378 694 fere
408 659 510 694 ante
534 660 802 694 autumnum
824 648 982 694 Elaver
1006 648 1119 692 vado
1143 646 1322 691 transiri
1347 644 1468 689 solet.
1491 648 1580 690 Ita·

171 747 276 791 que,
302 747 357 774 ne
384 730 429 774 id
463 730 708 787 accideret,
731 729 922 774 silvestri
950 728 1047 773 loco
1080 728 1233 772 castris
1262 726 1437 788 positis,
1462 742 1485 769 e
1510 741 1582 769 re—

170 812 298 872 gione
324 812 456 855 unius
487 828 642 856 eorum
668 812 876 873 pontium
905 828 1015 872 quos
1039 808 1383 871 Vercingetorix
1418 806 1582 851 rescin-

170 891 336 936 dendos
367 902 620 950 curaverat,
650 903 829 955 postero
860 892 929 937 die
959 909 1060 936 cum
1088 908 1123 936 11
1154 890 1404 953 legionibus
1432 889 1479 932 in
1510 904 1584 932 oc·

169 972 290 1018 culto
305 975 488 1030 restitit,
508 973 702 1036 reliquas
724 975 873 1036 copias
890 991 993 1018 cum
1007 973 1214 1018 omnibus
1231 971 1582 1034 impedimentis,

168 1065 217 1099 ut
240 1066 552 1111 consueverat,
582 1057 723 1113 misit,
750 1057 891 1118 captis
916 1054 1183 1117 quibusdam
1208 1053 1468 1099 cohortibus
1485 1087 1495 1107 ,
1517 1052 1583 1096 uti

171 1154 384 1181 numerus
413 1136 641 1199 legionum
670 1148 874 1182 constare
902 1137 1144 1181 videretur.
1182 1137 1287 1190 His,
1315 1152 1449 1197 quam
1483 1132 1582 1178 lon-

171 1221 349 1282 gissime
373 1230 575 1283 possent,
605 1219 814 1282 progredi
838 1219 986 1277 jussis,
1011 1235 1150 1280 quum
1167 1220 1259 1280 jam
1282 1234 1335 1262 ex
1359 1216 1446 1261 diei
1471 1226 1586 1260 tem-

170 1319 280 1363 pore
315 1303 619 1364 conjecturam
648 1311 828 1364 caperet
855 1302 903 1347 in
932 1310 1075 1346 castra
1109 1308 1398 1362 perventum,
1429 1296 1586 1343 iisdem

170 1383 368 1440 sublicis,
400 1401 589 1445 quarum
626 1401 727 1445 pars
757 1384 941 1428 inferior
968 1384 1140 1445 integra
1167 1381 1446 1435 remanebat,
1476 1396 1587 1441 pon—

169 1475 259 1509 tem
288 1465 471 1510 reficere
502 1467 651 1526 coepit.
686 1464 906 1510 Celeriter
942 1464 1100 1509 effecto
1130 1479 1284 1524 opere,
1314 1460 1587 1523 legionibus-

167 1564 254 1609 que
289 1547 529 1602 traductis,
568 1557 610 1591 et
643 1545 742 1591 loco
777 1547 932 1591 castris
965 1545 1126 1590 idoneo
1159 1542 1356 1601 delecto,
1392 1542 1587 1604 reliquas

167 1630 318 1692 copias
351 1630 590 1674 revocavit.
623 1630 992 1692 Vercingetorix,
1024 1645 1070 1673 re
1111 1627 1313 1690 cognita,
1345 1643 1398 1670 ne
1434 1635 1588 1670 contra

167 1729 292 1756 suam
323 1710 598 1757 voluntatem
629 1711 841 1756 dimicare
866 1720 1122 1774 cogeretur,
1152 1709 1325 1772 magnis
1350 1707 1586 1752 itineribus

167 1796 417 1839 antecessit.

230 1878 444 1921 XXXVI.
473 1879 620 1921 Caesar
645 1893 698 1921 ex
726 1893 778 1920 eo
811 1874 910 1919 loco
942 1875 1110 1935 quintis
1135 1874 1289 1918 castris
1312 1872 1589 1935 Gergoviam

165 1959 393 2019 pervenit3
417 1959 702 2019 equestrique
723 1956 880 2019 proelio
905 1973 957 2001 eo
978 1955 1049 2000 die
1077 1954 1162 2000 levi
1194 1956 1330 2009 facto,
1355 1962 1590 2015 perspecto

168 2041 289 2085 urbis
319 2041 429 2096 situ,
457 2058 578 2101 quae,
608 2041 752 2102 posita
789 2042 834 2084 in
867 2038 1085 2084 altissimo
1115 2047 1290 2095 monte,
1325 2053 1478 2081 omnes
1515 2033 1592 2080 ad-

168 2123 255 2167 itus
288 2122 492 2167 difficiles
527 2123 746 2180 habebat,
776 2122 830 2167 de
864 2121 1197 2185 expugnatione
1232 2119 1506 2181 desperavit3
1537 2117 1591 2162 de

168 2205 424 2249 obsessione
445 2222 535 2249 non
557 2206 680 2267 prius
699 2204 925 2268 agendum
949 2205 1184 2249 constituit
1200 2238 1210 2257 ,
1233 2219 1366 2264 quam
1388 2218 1483 2245 rem
1505 2200 1591 2244 fru-

173 2288 434 2331 mentariam
472 2286 733 2349 expedisset.
769 2290 828 2333 At
856 2287 1228 2349 Vercingetorix,
1262 2284 1419 2329 castris
1448 2299 1590 2344 prope

168 2368 386 2429 oppidum
412 2370 457 2413 in
487 2379 640 2413 monte
662 2370 839 2431 positis,
865 2368 1167 2413 mediocribus
1189 2367 1360 2412 circum
1386 2383 1430 2410 se
1454 2366 1593 2409 inter-

168 2449 294 2494 vallis
308 2451 546 2512 separatim
563 2450 839 2513 singularum
855 2452 1086 2495 civitatum
1102 2450 1252 2512 copias
1272 2447 1590 2501 collocaverat3

169 2543 303 2595 atque
328 2533 539 2577 omnibus
566 2533 660 2594 ejus
686 2533 784 2595 jugi
807 2531 994 2578 collibus
1020 2533 1272 2594 occupatis,
1303 2546 1391 2591 qua
1425 2529 1592 2590 despici

171 2625 370 2676 poterat,
396 2614 659 2660 horribilem
681 2616 871 2677 speciem
896 2615 1121 2678 praebebat
1147 2632 1154 2658 :
1183 2613 1500 2675 principesque
1523 2627 1594 2654 ea-

172 2714 272 2741 rum
295 2698 549 2753 civitatum,
577 2714 688 2759 quos
719 2698 800 2742 sibi
827 2697 880 2742 ad
910 2697 1147 2743 eonsilium
1176 2694 1444 2758 capiendum
1474 2692 1592 2737 dele-
