1972 3356
400 261 660 297 COMMENT.
690 263 757 297 DE
786 265 944 300 BELLO
972 266 1201 302 GALLICO.
1421 266 1490 301 261

157 336 240 370 Cap.
264 338 401 373 XVIII.
424 341 475 373 Ac
496 340 687 387 Szgambrc'.
708 343 761 376 At
777 349 881 376 vacat
899 342 939 376 in
964 342 1073 377 codd.
1095 350 1130 378 et
1151 343 1235 378 edd.
1264 342 1495 378 Oudendor-

104 400 186 446 pius
205 401 372 448 reposuit
386 414 431 437 ex
449 402 606 446 Ursino,
625 402 725 449 cujus
745 403 865 438 codex
884 404 1064 440 mendose
1083 405 1226 440 ferebat
1240 412 1290 440 ut.
1312 405 1498 453 Sigambri

105 475 182 497 non
208 462 391 497 Sicambri
408 477 453 499 ex
475 463 668 499 codicibus
692 470 727 499 et
747 466 974 512 etymologia
994 466 1195 513 legendum
1221 474 1292 512 est3
1315 479 1403 502 nam
1433 467 1496 502 Si-

103 524 252 571 gambri
266 537 365 559 mera
385 532 439 560 est
460 538 535 560 vox
558 538 675 572 graeca
695 523 971 575 σύγγαμβρω,
987 527 1113 562 mariti
1132 528 1288 563 duarum
1305 540 1498 572 sororum,

107 599 151 620 ex
178 584 262 630 σὺν,
277 586 402 630 simul,
415 594 450 621 et
473 584 698 636 γαμβρεὺω,
718 588 911 623 connubio
923 588 1052 635 jungo.
1073 590 1158 623 Mos
1172 596 1250 624 erat
1267 589 1380 637 igitur
1400 591 1498 637 apud

106 660 169 683 cos
196 648 285 683 duas
308 660 455 683 sorores
481 661 676 696 germanas
700 649 809 684 simul
830 661 963 685 uxores
989 650 1176 684 ducendas
1201 662 1278 685 esse
1303 663 1324 686 a
1350 652 1497 687 duobus

105 709 280 745 fratribus
305 710 491 757 germanis
516 711 576 745 vel
602 711 650 745 ab
674 722 750 745 uno
775 710 928 755 marit03
950 711 1050 746 unde
1074 718 1110 746 et
1135 724 1275 746 nomen
1297 712 1497 755 Germani,

107 773 210 820 quod
246 772 338 807 alibi
365 772 647 808 demonstrabo.
680 772 870 816 Ceterum,
897 779 936 807 ut
969 780 1075 808 notat
1103 781 1202 808 recte
1233 773 1500 809 eruditissimus

106 834 293 878 Lemaire,
316 833 432 869 facilis
459 834 617 869 mutatio
640 834 770 869 litterae
792 848 823 883 g
838 834 878 868 in
897 847 916 869 c
941 835 1019 869 fuit.

157 903 240 937 CAP.
269 903 372 938 XXI.
402 904 616 939 Commium.
631 905 675 939 In
699 903 890 939 Thesauro
904 903 1183 952 Brandenburg.
1209 905 1284 939 vol.
1302 917 1315 939 1
1328 932 1337 949 ,
1350 918 1386 952 p.
1403 903 1478 940 305
1491 932 1500 949 ,

105 971 222 998 exstat
247 977 436 1011 nummus,
464 966 503 1001 in
526 965 628 1011 cujus
653 978 727 1001 una
749 965 843 1001 facie
868 965 967 1000 circa
992 977 1147 1012 equum,
1181 966 1432 1012 COMMIOS,
1462 967 1501 1001 in

106 1027 220 1063 altera
234 1034 344 1074 caput
357 1029 540 1075 galeatum
561 1041 644 1063 cum
662 1029 731 1063 hac
750 1027 996 1075 inscriptione
1015 1027 1256 1071 GARMAN.,
1271 1040 1382 1075 quam
1401 1041 1501 1064 non-

106 1088 199 1123 nulli
224 1089 412 1136 explicant
439 1091 664 1134 Germanus,
693 1090 759 1125 sed
789 1090 868 1125 sine
896 1089 1125 1124 auctoritate.
1158 1090 1203 1123 In
1235 1089 1382 1126 duobus
1406 1090 1505 1137 ejus*

107 1149 193 1185 dem
211 1151 372 1186 nummis
393 1151 661 1187 eruditissimus
680 1153 726 1186 D.
747 1151 921 1186 Mionnet
944 1149 1086 1199 (Descr.
1107 1151 1174 1186 des
1196 1152 1312 1195 me'd„
1335 1159 1437 1187 tome
1470 1165 1505 1196 1,

107 1224 191 1259 pag.
217 1212 265 1248 86
287 1220 322 1248 et
348 1212 410 1262 87)
427 1213 516 1260 legit
534 1214 574 1248 in
593 1213 717 1248 antica
736 1220 841 1260 parte
862 1213 1115 1247 CARMANO.
1143 1219 1180 1247 et
1199 1213 1306 1248 CAR.
1320 1240 1330 1257 ,
1349 1214 1388 1248 in
1413 1226 1505 1261 pos-

108 1274 179 1309 tica
204 1275 321 1310 COM.
343 1282 378 1310 et
398 1276 598 1311 COMIOS.
625 1274 908 1323 Orthographia
931 1273 1045 1322 igitur
1062 1274 1170 1320 hujus
1187 1274 1360 1311 ‚nominis
1391 1288 1504 1310 num-

108 1336 177 1370 mis
202 1349 280 1371 non
312 1336 462 1372 sistitur.
505 1339 549 1372 In
584 1337 700 1372 dubio
739 1349 888 1385 quoque
919 1336 1148 1384 etymologia
1183 1349 1264 1372 eam
1302 1337 1505 1385 relinquit;

111 1398 292 1432 Commius
320 1399 420 1433 enim
454 1400 513 1434 vel
550 1400 696 1435 Comz'us
725 1412 747 1436 a
777 1411 898 1448 g-raeco
931 1398 1089 1443 κομμὸς,
1116 1406 1268 1435 ornatus
1300 1400 1506 1435 accuratior

108 1467 144 1494 et
168 1460 325 1505 fucatus,
349 1462 409 1496 vel
431 1475 450 1495 a
471 1457 584 1506 κομῆ,
606 1475 735 1506 coma,
759 1462 922 1498 caesaries
945 1462 1060 1505 culta,
1080 1469 1205 1508 potest
1230 1462 1404 1497 derivari.
1430 1462 1499 1497 Co-

108 1523 219 1556 mc'um
239 1534 329 1570 ergo
349 1523 478 1568 lectio,
497 1531 535 1558 ut
546 1513 688 1559 babent
708 1523 855 1559 codices
870 1531 905 1559 et
919 1523 1104 1559 editiones
1117 1524 1293 1558 nonnulli
1306 1536 1376 1570 pro
1393 1524 1505 1559 Com-

107 1586 218 1619 mium
231 1611 242 1627 ,
266 1585 475 1632 ableganda
496 1599 576 1621 non
600 1593 663 1620 est.
685 1587 835 1621 Nomen
854 1593 977 1620 autem
1003 1586 1219 1620 Garmanus
1243 1586 1337 1620 mihi
1358 1586 1507 1621 videtur

107 1646 307 1693 legendum
321 1648 548 1691 Germanus,
570 1647 715 1683 sicutin
729 1660 885 1682 nummo
909 1648 1092 1682 Germani
1106 1648 1386 1695 Indutillz'filii,
1409 1655 1508 1691 not.,

108 1721 148 1751 v,
174 1707 213 1752 33
237 1715 298 1743 aut
324 1710 460 1744 rectius
491 1710 719 1753 Carmanos,
750 1709 854 1757 quod
881 1716 969 1745 tunc
995 1709 1203 1746 derivatum
1228 1717 1322 1745 esset
1345 1722 1365 1745 a
1387 1721 1508 1757 graeco

107 1769 262 1817 χαρμὴ,
297 1771 441 1807 animus
467 1773 513 1807 ad
544 1773 792 1821 pugnandum
818 1773 955 1816 alacer,
987 1784 1132 1819 pugna,
1162 1771 1378 1816 conflictus,
1408 1772 1508 1807 unde

109 1846 219 1868 voces
243 1834 383 1880 gallicae
409 1836 558 1869 escrime
582 1843 617 1870 et
642 1833 906 1870 escarmouclze
931 1834 1112 1869 oriuntur.

161 1903 245 1938 CAP.
259 1903 403 1938 XXIII.
420 1905 656 1938 Britanniam
670 1905 795 1951 attigit.
810 1904 1024 1951 Suspicatur
1034 1903 1229 1938 D'Anville
1244 1902 1392 1951 (Ge'ogr.
1408 1916 1506 1946 ana,

111 1972 200 1999 tom.
231 1978 269 2009 1,
302 1978 338 2012 p.
369 1963 454 2015 101¹)
483 1967 663 2001 Caesarem
686 1966 873 2013 appulisse
899 1966 946 2000 ad
971 1978 1051 2000 eam
1077 1964 1279 1999 Britanniae
1298 1976 1403 1999 oram
1430 1977 1510 2011 quae

112 2039 211 2061 nunc
235 2026 370 2062 dicitur
382 2029 518 2075 Lyme,
535 2028 649 2063 latine
664 2028 857 2070 Lemanis,
878 2027 979 2063 haud
997 2027 1110 2075 longe
1131 2026 1332 2062 distantem
1350 2026 1398 2061 ab
1417 2026 1510 2061 urbe

114 2089 252 2123 Dubris
278 2087 489 2138 <Douvres).
513 2090 619 2124 Hanc
650 2089 901 2136 conjecturam
929 2088 1053 2124 firmat
1078 2095 1210 2123 natura
1241 2088 1436 2131 locorum,
1470 2087 1511 2121 id

115 2158 167 2186 est
186 2159 359 2198 apertum
378 2160 414 2186 ct
427 2154 593 2198 planum
613 2153 716 2195 litas5
734 2150 857 2186 firmat
876 2158 911 2187 et
930 2150 1181 2199 etymologia:
1202 2150 1380 2184 Lemanis
1407 2149 1509 2184 enim

115 2220 168 2247 est
194 2226 269 2248 vox
301 2225 418 2260 graeca
444 2212 574 2258 λιμὴν,
595 2221 741 2262 portus,
760 2213 968 2248 mutatione
988 2213 1119 2247 litterae
1147 2224 1164 2248 n
1187 2211 1227 2246 in
1250 2225 1293 2256 α,
1311 2223 1384 2259 pro
1405 2222 1510 2245 more

115 2274 263 2309 dialecti
291 2275 442 2311 doricae.

624 2350 682 2385 IN
707 2350 928 2385 LIBRUM
957 2349 1002 2382 V.

168 2449 252 2483 Cn.
273 2450 321 2484 ΙΙ.
346 2450 412 2484 Ad
422 2451 695 2496 portumItium.
716 2450 841 2487 Hodie
864 2451 921 2488 W
919 2450 1067 2485 z't-sand
1089 2461 1153 2483 seu
1177 2448 1233 2484 W
1232 2448 1365 2489 issam,
1391 2457 1511 2493 prope

116 2511 462 2556 Bononiam,sicuti
476 2511 726 2547 eruditissimo
740 2512 934 2548 D'Anville
948 2511 1086 2560 placuit
1098 2538 1107 2555 ,
1127 2517 1162 2545 et
1180 2516 1311 2557 postea
1329 2508 1412 2542 viro
1431 2518 1510 2542 non

116 2573 273 2609 minoris
293 2574 333 2609 in
354 2575 465 2609 rebus
484 2574 744 2622 geographicis
763 2575 904 2622 peritiae
919 2602 928 2619 ,
954 2573 1128 2609 Gosselin
1147 2572 1159 2620 ζ
1171 2571 1289 2607 Strab.
1309 2571 1402 2618 gall.
1425 2581 1513 2604 ver—

117 2636 209 2671 sion.
247 2649 284 2681 1,
317 2649 383 2681 77,
408 2638 454 2670 n⁰
492 2636 535 2685 xl.
565 2638 619 2671 Ex
649 2636 721 2672 hoc
750 2638 849 2672 enim
878 2643 990 2684 portu
1014 2634 1254 2671 brevissimus
1277 2640 1331 2668 est
1360 2632 1399 2667 in
1425 2631 1512 2666 Bri-

121 2698 283 2734 {anniam
319 2699 506 2746 trajectus,
539 2706 576 2733 ut
609 2699 658 2733 ait
693 2700 826 2743 Caesar,
858 2698 959 2746 quod
997 2705 1031 2733 ct
1068 2697 1251 2732 indicatur
1280 2693 1507 2742 etymologia
