1972 3356
504 210 570 246 DE
598 209 757 245 BELLO
790 209 1007 245 GALLICO
1039 210 1132 245 LIB.
1156 210 1239 245 VII.
1518 212 1581 252 17⁰,

240 296 364 340 XIX.
392 294 530 340 Collis
560 305 654 339 erat
684 295 843 340 leniter
872 295 926 339 ab
959 295 1114 340 infimo
1145 293 1325 339 acclivis
1354 297 1509 336 :hunc
1538 309 1590 336 ex

174 376 383 421 omnibus
406 376 497 421 fere
522 377 726 438 partibus
748 375 875 438 palus
897 375 1091 421 difficilis
1112 386 1247 437 atque
1267 373 1480 436 impedita
1497 375 1591 418 cin-

174 458 331 521 gebat,
370 475 459 501 non
489 457 621 502 latior
648 458 836 520 pedibus
874 474 913 502 L.
949 460 1046 501 Hoc
1083 474 1127 501 se
1156 456 1292 513 colle,
1330 457 1593 518 interruptis

174 539 410 601 pontibus,
442 539 561 585 Galli
593 540 755 584 fiducia
786 538 870 584 loci
905 538 1224 593 continebant3
1256 539 1595 600 generatimque

176 621 404 666 distributi
434 621 477 664 in
503 622 729 677 civitates,
756 621 906 665 omnia
930 619 1043 664 vada
1063 637 1113 664 ac
1138 619 1276 663 saltus
1299 619 1394 680 ejus
1420 618 1595 680 paludis

177 704 308 747 certis
343 702 605 747 custodibus
634 703 926 759 obtinebant,
963 703 1024 746 sic
1063 702 1216 746 animo
1247 701 1421 762 parati,
1456 711 1532 756 ut,
1562 702 1596 743 si

175 802 271 829 eam
292 784 501 847 paludem
527 784 720 830 Romani
746 800 1039 846 perrumpere
1066 792 1360 836 conarentur,
1387 782 1600 827 haesitan-

174 876 240 911 tes
257 877 513 928 premerent
533 883 584 911 ex
603 865 701 910 loco
728 867 959 927 superiore
983 882 990 909 :
1015 875 1085 922 ut,
1106 865 1183 927 qui
1208 864 1598 927 propinquitatem

177 947 263 993 loci
285 948 480 1004 videret,
504 958 682 1011 paratos
706 965 847 1010 prope
873 964 1000 1010 aequo
1025 949 1175 992 Marte
1205 946 1262 991 ad
1291 944 1598 991 dimicandum

179 1031 482 1087 existimaret3
526 1031 603 1092 qui
654 1031 934 1092 iniquitatem
985 1029 1258 1074 conditionis
1300 1030 1599 1092 perspiceret,

179 1114 302 1157 inani
325 1112 608 1157 simulatione
623 1130 717 1158 sese
738 1122 966 1157 ostentare
982 1121 1287 1174 cognosceret.
1306 1110 1601 1175 Indignantes

181 1195 344 1240 milites
369 1198 537 1250 Caesar,
561 1195 683 1257 quod
707 1204 999 1257 conspectum
1029 1212 1160 1239 suum
1183 1195 1334 1239 hostes
1359 1195 1475 1240 ferre
1499 1211 1603 1257 pos-

183 1287 304 1334 sent,
331 1276 508 1322 tantulo
539 1278 682 1339 spatio
710 1278 968 1339 interjecto,
994 1287 1038 1322 et
1065 1278 1242 1340 signum
1273 1277 1418 1340 proelii
1444 1295 1603 1341 expos·

181 1370 348 1418 centes,
375 1359 530 1404 edocet
554 1369 766 1421 «quanto
789 1359 1061 1404 detrimento
1092 1370 1135 1404 et
1153 1370 1263 1422 quot
1291 1361 1491 1406 virorum
1516 1361 1604 1406 for-

183 1442 296 1486 tium
325 1452 469 1486 morte
498 1458 676 1486 necesse
703 1443 761 1485 sit
788 1451 993 1486 constare
1025 1443 1258 1486 victoriam
1284 1459 1294 1487 z
1319 1459 1430 1504 quos
1463 1460 1603 1504 quum

183 1524 244 1568 sic
267 1524 415 1568 animo
442 1533 619 1585 paratos
644 1523 813 1580 videat,
845 1533 895 1567 ut
919 1521 1095 1568 nullum
1124 1541 1207 1585 pro
1233 1541 1311 1568 sua
1333 1523 1464 1569 laude
1490 1526 1606 1587 peri·

182 1605 332 1650 culum
365 1615 598 1661 recusent,
630 1622 816 1650 summae
847 1622 891 1649 se
927 1605 1177 1667 iniquitatis
1205 1606 1496 1652 condemnari
1529 1607 1606 1653 de-

182 1688 304 1744 bere,
325 1688 410 1732 nisi
435 1705 590 1732 eorum
615 1689 755 1732 vitam
776 1704 857 1732 sua
885 1686 1029 1732 salute
1054 1690 1216 1733 habeat
1240 1690 1512 1734 cariorem.»
1534 1691 1606 1735 Sic

188 1770 347 1815 milites
371 1769 647 1828 consolatus,
678 1770 835 1815 eodem
863 1770 934 1814 (lie
965 1770 1141 1815 reducit
1165 1771 1211 1815 in
1238 1781 1402 1827 castra3
1435 1771 1607 1835 reliqua

183 1870 280 1914 quae
303 1853 358 1897 ad
380 1853 764 1915 oppugnationem
785 1852 937 1914 oppidi
959 1853 1271 1913 pertinebant,
1291 1853 1607 1900 administrare

185 1936 395 1980 instituit.

249 2019 350 2067 XX.
376 2018 744 2081 VercingetoriX,
768 2034 907 2079 quum
936 2017 991 2061 ad
1020 2035 1122 2063 suos
1152 2018 1361 2077 redisset,
1388 2021 1607 2083 proditio-

186 2100 254 2144 nis
276 2098 583 2157 insimulatus,
606 2099 729 2162 quod
746 2110 890 2144 castra
911 2101 1095 2162 propius
1120 2102 1348 2147 Romanos
1374 2104 1607 2160 movisset,

186 2182 307 2245 quod
332 2199 435 2227 cum
460 2184 583 2227 omni
611 2183 814 2244 equitatu
841 2182 1132 2239 discessisset,
1154 2184 1277 2245 quod
1301 2186 1394 2229 sine
1419 2186 1608 2248 imperio

188 2276 332 2311 tantas
351 2267 503 2328 copias
521 2266 792 2327 reliquisset,
808 2266 930 2328 quod
946 2267 1040 2329 ejus
1055 2266 1249 2312 discessu
1273 2269 1468 2313 Romani
1485 2279 1608 2314 tanta

188 2350 527 2411 opportunitate
545 2359 590 2394 et
611 2349 838 2394 celeritate
857 2350 1102 2405 venissent;
1122 2367 1211 2394 non
1236 2351 1328 2396 haec
1353 2354 1504 2397 omnia
1522 2352 1611 2398 for-

185 2432 324 2489 tuito,
353 2441 432 2476 aut
455 2433 549 2477 sine
575 2430 762 2477 consilio
786 2432 989 2478 accidere
1014 2434 1238 2495 potuisse;
1263 2451 1455 2497 regnum
1482 2435 1609 2481 illum

187 2512 346 2559 Galliae
380 2514 511 2560 malle
537 2516 722 2561 Caesaris
755 2532 996 2573 concessu,
1035 2534 1170 2578 quam
1208 2517 1408 2579 ipsorum
1442 2519 1610 2565 habere

190 2596 424 2654 henefici03
450 2597 528 2642 tali
552 2597 687 2643 modo
711 2608 944 2643 accusatus
967 2598 1023 2643 ad
1047 2599 1141 2643 haec
1161 2600 1415 2662 respondit:
1440 2602 1610 2661 «Quod

192 2689 332 2725 castra
367 2682 602 2740 movisset,
628 2682 796 2727 factum
830 2683 979 2744 inopia
1005 2682 1185 2745 pabulif,
1214 2685 1348 2729 etiarn
1378 2686 1484 2747 ipsis
1508 2686 1612 2731 hor-
