1972 3356
503 232 568 268 DE
598 232 754 268 BELLO
784 232 1000 268 GALLICO
1032 232 1123 267 LIB.
1147 231 1230 267 VII.
1507 242 1575 276 177

174 318 369 379 primum
394 326 721 368 occurreretur,
747 326 821 361 aut
848 318 919 361 cui
945 318 1007 361 rei
1032 316 1222 360 ferretur
1244 313 1480 371 auxilium,
1503 317 1574 358 vix

174 399 287 442 ratio
324 398 426 441 iniri
464 408 626 459 posset.
661 399 848 456 Tamen,
877 397 999 458 quod
1033 397 1238 441 instituto
1269 396 1452 441 Caesaris
1481 395 1578 439 duae

175 495 348 540 semper
375 477 567 540 legiones
597 479 686 540 pro'
703 480 856 523 castris
883 478 1186 535 excubabant,
1213 477 1450 539 pluresque
1475 493 1576 538 par-

176 560 265 604 titis
289 560 564 620 temporibus
590 571 713 604 erant
746 560 790 602 in
819 575 974 620 opere,
1003 557 1204 602 celeriter
1228 558 1392 602 factum
1421 567 1505 613 est,
1530 567 1579 601 ut

176 639 251 684 alii
274 640 583 700 eruptionibus
610 640 886 693 resisterent,
910 637 985 682 alii
1012 648 1157 682 turres
1187 638 1478 694 reducerent,
1507 654 1581 699 ag-

176 736 413 781 geremque
446 719 836 775 interscinderent,
862 720 1006 763 omnis
1030 735 1136 763 vero
1165 735 1217 762 ex
1242 719 1398 762 castris
1428 717 1578 762 multi-

176 800 319 845 titudo
346 800 401 844 ad
429 800 795 862 restinguendum
821 810 1122 845 concurreret.

238 884 382 926 XXV.
419 882 573 940 Quum
603 882 647 925 in
675 882 881 926 omnibus
909 881 1038 938 locis,
1066 891 1333 943 consumpta
1355 881 1445 942 jani
1478 879 1580 924 reli-

174 980 261 1024 qua
290 973 414 1024 parte
444 964 604 1021 noctis,
635 971 928 1025 pugnaretur,
960 980 1219 1025 semperque
1246 963 1449 1007 hostibus
1484 979 1581 1024 spes

174 1045 370 1088 victoriae
386 1045 783 1107 redintegraretur,
810 1061 861 1088 eo
881 1046 1041 1106 magis,
1061 1045 1181 1106 quod
1202 1044 1380 1089 deustos
1406 1042 1582 1106 pluteos

175 1126 369 1169 turrium
399 1126 632 1182 videbant,
662 1144 742 1170 nec
771 1125 897 1171 facile
924 1126 1045 1170 adire
1075 1136 1251 1188 apertos
1280 1126 1335 1170 ad
1363 1124 1583 1170 auxilian-

176 1206 283 1250 dum
309 1206 745 1264 animadvertebant,
775 1224 1037 1269 semperque
1067 1208 1150 1269 ipsi
1178 1216 1377 1251 recentes
1403 1206 1582 1251 defessis

178 1287 486 1345 succederent,
515 1305 782 1350 omnemque
811 1288 966 1334 Galliae
1000 1287 1187 1333 salutem
1216 1290 1262 1332 in
1291 1287 1366 1332 illo
1397 1288 1583 1350 vestigio

177 1370 390 1430 temporis
415 1371 605 1430 positam
639 1371 987 1426 arbitrarentur,
1018 1369 1197 1426 accidit,
1228 1370 1582 1431 inspectantibus

178 1450 326 1506 nobis,
349 1450 490 1511 quod,
516 1451 701 1513 dignum
727 1453 941 1495 memoria
968 1452 1130 1507 visum,
1152 1450 1582 1512 praetermittendum

178 1548 267 1574 non
291 1532 651 1576 existimavimus.
675 1532 871 1590 Quidam
899 1543 1002 1576 ante
1025 1542 1200 1594 portam
1227 1531 1381 1593 oppidi
1406 1530 1584 1585 Gallus,

176 1613 251 1672 qui
287 1628 365 1673 per
395 1630 553 1658 manus
583 1614 673 1657 sevi
702 1630 752 1658 ac
782 1614 890 1675 picis
922 1613 1106 1658 traditas
1137 1613 1286 1676 glebas
1311 1614 1356 1657 in
1384 1615 1532 1676 ignem
1562 1630 1585 1657 e

176 1694 356 1755 regione
399 1695 534 1739 turris
569 1695 856 1756 projiciebat,
896 1697 1130 1757 scorpione
1158 1696 1212 1740 ab
1254 1694 1390 1739 latere
1427 1694 1586 1739 dextro

176 1776 386 1837 trajectus
429 1777 793 1837 exanimatusque
836 1777 1044 1821 concidit.
1096 1780 1228 1822 Hunc
1276 1794 1329 1822 ex
1372 1777 1585 1838 proximis

176 1873 289 1901 unus
316 1858 539 1919 jacentem
570 1868 893 1920 transgressus,
922 1858 1079 1902 eodem
1110 1857 1186 1902 illo
1215 1875 1399 1902 munere
1427 1857 1585 1919 funge·

175 1938 308 1982 batur
338 1956 346 1982 ε
378 1939 533 1983 eadem
562 1940 731 1983 ratione
757 1940 846 1982 ictu
873 1939 1120 2000 scorpionis
1146 1941 1398 1983 exanimato
1424 1937 1584 1995 altero,

177 2020 387 2064 successit
414 2021 596 2075 tertius,
630 2029 671 2064 et
707 2021 839 2065 tertio
870 2030 1082 2081 quartus,
1112 2037 1191 2064 nec
1219 2021 1341 2081 prius
1370 2019 1442 2064 ille
1470 2029 1535 2063 est
1562 2036 1585 2063 a

178 2102 587 2163 propugnatoribus
614 2118 778 2146 vacuus
807 2100 987 2146 relictus
1012 2101 1159 2157 locus,
1187 2119 1342 2162 quam,
1374 2101 1586 2145 restincto

178 2199 358 2244 aggere,
393 2192 526 2243 atque
562 2184 685 2227 omni
721 2193 846 2244 parte
880 2184 1094 2228 submotis
1137 2183 1363 2239 hostibus,
1390 2181 1491 2226 finis
1521 2191 1588 2226 cst

180 2263 410 2325 pugnandi
438 2264 591 2308 factus.

243 2346 411 2389 XXVI.
447 2347 612 2389 Omnia
644 2348 813 2407 experti
846 2346 990 2403 Galli,
1025 2346 1141 2408 quod
1174 2363 1240 2390 res
1271 2345 1393 2390 nulla
1424 2361 1589 2390 succes-

181 2436 316 2483 serat,
348 2436 527 2488 postero
553 2426 622 2470 die
650 2427 886 2472 consilium
912 2437 1128 2490 ceperunt
1157 2445 1209 2471 ex
1238 2426 1406 2488 oppido
1440 2425 1590 2488 profu·

181 2524 306 2569 gere,
342 2507 550 2552 hortante
588 2518 633 2552 et
665 2509 850 2569 jubente
888 2509 1268 2571 Vercingetorige.
1302 2507 1373 2563 Id,
1415 2506 1590 2550 silentio

181 2589 322 2633 noctis
341 2590 512 2645 conati,
533 2606 623 2633 non
649 2607 810 2652 magna
831 2591 1005 2652 jactura
1036 2606 1219 2634 suorum
1244 2605 1335 2632 sese
1354 2587 1590 2632 effecturos

181 2670 436 2731 sperabant3
459 2681 693 2733 propterea
714 2672 834 2733 quod
855 2689 999 2734 neque
1022 2671 1155 2734 longe
1174 2671 1227 2715 ab
1251 2669 1416 2732 oppido
1447 2678 1589 2714 castra

379 2769 406 2796 ι.
1342 2767 1393 2794 12
