1972 3356
355 226 400 268 84
562 227 600 262 C.
624 226 753 260 JULII
784 223 1004 259 CAESARIS
1033 223 1525 258 COMMENTARIORUM

354 309 515 370 integri
547 307 862 369 procumbunt.
890 309 1103 351 Hortatur
1127 305 1367 350 Curionem
1393 306 1473 349 Cn.
1499 305 1739 362 Domitius,

355 389 586 449 praefectus
603 389 802 448 equitum
815 422 826 443 ,
845 403 947 431 cum
970 386 1121 448 paucis
1141 385 1362 447 equitibus
1384 385 1708 429 circumsistens
1727 420 1738 442 ,

310 466 315 470 ’
353 477 403 512 ut
432 468 535 530 fuga
560 466 746 513 salutem
775 477 919 529 petat,
941 476 1072 528 atque
1100 467 1143 511 in
1169 475 1312 511 castra
1336 464 1600 521 contendat,
1626 474 1669 509 et
1695 482 1739 510 se

354 548 408 592 ab
435 565 488 593 eo
510 565 600 596 non
630 548 924 594 discessurum
948 547 1197 610 pollicetur.
1222 551 1279 592 At
1302 547 1465 604 Curio,
1490 562 1741 607 nunquam,

355 630 515 674 amisso
542 630 762 686 exercitu,
796 645 927 691 quem
956 645 979 673 a
1009 630 1182 674 Caesare
1215 627 1316 673 fidei
1347 643 1434 672 suae
1461 627 1742 672 commissum

355 711 599 772 acceperit,
620 727 666 756 se
685 712 729 755 in
751 711 846 772 ejus
867 719 1153 773 conspectum
1177 724 1457 754 reversurum
1480 706 1712 752 confirmat
1730 725 1741 765 ;

354 801 486 853 atque
511 792 569 837 ita
598 791 804 855 proelians
830 790 1107 836 interficitur.
1123 790 1302 852 Equites
1323 789 1533 851 perpauci
1555 805 1607 833 ex
1631 805 1742 851 proe-

355 871 415 917 lio
448 889 494 917 se
529 873 751 934 recipiunt
776 889 785 916 :
810 870 886 917 sed
925 872 978 928 ii,
1014 887 1126 933 quos
1165 870 1218 916 ad
1260 871 1546 915 novissimum
1586 887 1743 933 agmen

355 970 571 1015 equorum
598 952 937 997 reficiendorum
965 969 1096 998 causa
1122 952 1365 996 substitisse
1394 951 1743 997 demonstratum

355 1044 448 1091 est,
477 1034 582 1096 fuga
608 1034 744 1078 totius
769 1034 985 1078 exercitus
1016 1031 1170 1095 procul
1198 1033 1519 1091 animadversa,
1549 1050 1642 1078 sese
1677 1034 1745 1078 in-

355 1112 549 1159 columes
579 1114 624 1158 in
652 1123 793 1158 castra
826 1112 1074 1159 conferunt.
1114 1112 1279 1158 Milites
1317 1112 1373 1158 ad
1411 1130 1550 1159 unum
1594 1131 1745 1159 omnes

358 1194 701 1240 interficiuntur.

421 1277 583 1321 XLIII.
622 1277 700 1320 His
721 1276 852 1321 rebus
877 1278 1091 1339 cognitis,
1113 1279 1176 1322 M.
1199 1277 1341 1322 Rufus
1362 1285 1580 1338 quaestor,
1605 1276 1649 1319 in
1675 1291 1744 1320 ca-

357 1357 458 1402 stris
484 1356 660 1402 relictus
685 1375 709 1402 a
735 1359 949 1412 Curione,
967 1358 1227 1403 cohortatur
1248 1374 1368 1416 suos,
1397 1374 1450 1402 ne
1473 1358 1622 1402 animo
1649 1357 1749 1402 defi-

357 1439 489 1483 ciant.
517 1438 585 1484 Illi
611 1450 742 1484 orant
765 1449 898 1500 atque
921 1439 1175 1495 obsecrant,
1200 1448 1250 1483 ut
1274 1439 1317 1483 in
1346 1437 1539 1484 Siciliam
1562 1439 1748 1483 navibus

359 1529 657 1581 reportentur.
695 1518 961 1577 Pollicetur,
991 1520 1299 1582 magistrisque
1327 1520 1515 1580 imperat
1541 1520 1718 1563 navium
1737 1555 1748 1575 ,

358 1610 406 1643 ut
436 1600 581 1660 primo
611 1617 793 1662 vespere
823 1617 976 1645 omnes
1009 1600 1192 1662 scaphas
1227 1599 1281 1644 ad
1311 1598 1415 1644 litus
1444 1598 1649 1661 appulsas
1674 1600 1750 1644 ha-

355 1673 504 1717 beant.
535 1673 622 1718 Sed
647 1684 794 1718 tantus
818 1673 900 1718 fuit
924 1675 1119 1719 omnium
1146 1684 1311 1729 terror,
1337 1684 1385 1719 ut
1407 1673 1480 1718 alii
1505 1673 1655 1718 adesse
1680 1690 1750 1718 co-

358 1755 452 1816 pias
478 1754 599 1799 Jubae
623 1754 848 1809 dicerent,
876 1753 949 1798 alii
976 1771 1076 1799 cum
1102 1754 1348 1816 legionibus
1374 1755 1535 1799 instare
1563 1757 1747 1810 Varum,

352 1835 532 1896 jamque
553 1851 598 1879 se
618 1835 847 1897 pulverem
870 1836 1143 1880 venientium
1166 1852 1347 1880 cernere
1370 1835 1577 1897 (quarum
1601 1852 1749 1880 rerum

357 1914 467 1960 nihil
497 1917 680 1961 omnino
706 1917 972 1979 acciderat),
998 1916 1071 1963 alii
1109 1916 1287 1962 classem
1322 1917 1515 1962 hostium
1549 1916 1751 1962 celeriter

356 1996 660 2042 advolaturam
686 1999 1030 2059 suspicarentur.
1053 2001 1208 2060 Itaque
1223 2034 1234 2055 ,
1255 1999 1500 2060 perterritis
1522 1999 1750 2052 omnibus,

356 2080 438 2124 sibi
463 2080 651 2141 quisque
679 2080 940 2125 consulebat
969 2099 977 2125 :
1006 2082 1081 2143 qui
1112 2082 1156 2126 in
1183 2080 1321 2126 classe
1350 2090 1503 2137 erant,
1533 2079 1750 2142 proficisci

354 2161 682 2222 properabant;
710 2161 871 2206 horum
904 2161 1006 2224 fuga
1040 2164 1220 2207 navium
1253 2162 1560 2207 onerariarum
1596 2163 1751 2224 magis·

356 2251 448 2286 tros
467 2242 679 2287 incitabat
699 2260 708 2287 :
729 2244 856 2305 pauci
879 2241 1104 2289 lenunculi
1128 2243 1183 2289 ad
1205 2243 1402 2289 officium
1428 2245 1749 2306 imperiumque

355 2324 691 2368 conveniebant.
729 2323 815 2370 Sed
837 2334 957 2369 tanta
983 2335 1104 2381 erat,
1132 2324 1364 2387 completis
1390 2324 1613 2381 litoribus,
1641 2340 1748 2368 con·

358 2404 521 2462 tentio,
549 2406 626 2468 qui
661 2406 938 2467 potissimum
971 2423 1023 2450 ex
1059 2423 1219 2468 magno
1258 2423 1445 2451 numero
1480 2403 1749 2451 conscende-

357 2494 483 2541 rent,
512 2495 563 2530 ut
589 2484 873 2530 multitudine
899 2496 1031 2547 atque
1057 2503 1193 2532 onere
1221 2486 1422 2531 nonnulli
1451 2486 1751 2547 deprimeren-

358 2573 454 2622 tur,
478 2565 637 2627 reliqui
663 2567 719 2611 ob
748 2567 955 2611 timorem
979 2569 1161 2629 propius
1186 2567 1307 2612 adire
1333 2566 1628 2611 tardarentur.

423 2647 582 2691 XLIV.
623 2647 798 2705 Quibus
818 2647 948 2692 rebus
969 2648 1152 2706 accidit,
1175 2659 1222 2693 ut
1244 2649 1372 2710 pauci
1397 2646 1557 2692 milites
1583 2655 1750 2708 patres-
