1972 3356
147 253 266 267 mmm
269 253 391 266 LU'WUSM
395 252 645 266 m'LUWthm
648 253 771 266 ὺἋἯῚ-Ἇὶ.
776 253 898 266 §.vxwtvvx
903 253 963 266 1511.
966 253 1120 266 ὶὶῒνωῒὶ
1125 253 1525 267 ἱᾝῑῑΜΊΜΊ-ἮἊΣΣΣἜΜᾺὮ

371 558 374 561 .
430 464 503 531 c,
538 464 786 530 JULH
826 463 1236 531 cAEsAffls

232 680 1438 773 COMMENTARIORUM

462 918 559 971 DE
598 918 688 971 BE
700 919 838 973 LLO
873 920 1192 975 GALLICO

595 1116 784 1161 LIBER
824 1114 1089 1163 PRIMUS.

722 1359 934 1369 ‘-

147 1528 180 1569 Ι.
198 1487 418 1573 GALLIA
435 1534 498 1568 est
520 1525 661 1569 omnis
682 1524 820 1568 divisa
834 1525 879 1567 in
899 1534 1045 1585 partes
1063 1534 1171 1582 tres,
1193 1542 1381 1586 quarum
1403 1543 1536 1571 unam

148 1605 348 1650 incolunt
382 1604 544 1666 Belgae,
573 1604 704 1649 aliam
735 1606 970 1665 Aquitani,
1004 1606 1198 1663 tertiam,
1236 1608 1311 1666 qui
1342 1608 1537 1667 ipsorum

148 1685 300 1748 lingua
338 1686 493 1739 Celtae,
532 1695 682 1729 nostra
721 1685 840 1730 Galli
866 1685 1159 1746 appellantur.
1190 1688 1246 1731 Hi
1281 1704 1432 1732 omnes
1454 1686 1538 1731 lin-

149 1783 254 1828 gua,
276 1768 506 1823 institutis,
527 1765 696 1828 legibus
715 1767 830 1810 inter
849 1783 893 1810 se
914 1766 1139 1810 differunt.
1162 1766 1313 1812 Gallos
1334 1769 1387 1812 ab
1407 1770 1539 1829 Aqui-

152 1848 261 1892 tanis
286 1850 515 1893 Garumna
538 1846 728 1902 flumen,
751 1863 775 1890 a
797 1846 940 1907 Belgis
961 1849 1170 1892 Matrona
1195 1858 1235 1892 et
1255 1850 1457 1909 Sequana
1476 1848 1539 1892 di-

152 1928 272 1971 vidit.
299 1930 471 1972 Horum
500 1928 700 1971 omnium
729 1926 954 1970 fortissimi
984 1937 1088 1971 sunt
1116 1927 1282 1990 Belgae,
1305 1938 1538 1990 propterea

150 2008 269 2067 quod
293 2025 317 2052 a
340 2007 465 2052 cultu
485 2017 616 2068 atque
632 2007 906 2050 humanitate
929 2008 1169 2052 Provinciae
1190 2007 1443 2070 longissime
1464 2009 1539 2053 ab-

150 2097 272 2144 sunt,
294 2089 563 2148 minimeque
586 2087 641 2130 ad
665 2103 737 2131 eos
763 2097 1027 2131 mercatores
1052 2104 1163 2149 saepe
1181 2099 1450 2144 commeant,
1477 2099 1539 2133 at-

152 2185 236 2228 que
263 2185 333 2223 ea,
360 2185 457 2229 quae
477 2168 532 2212 ad
556 2168 874 2212 effeminandos
903 2170 1073 2212 animos
1101 2169 1345 2229 pertinent,
1372 2170 1538 2230 impor-

152 2258 248 2292 tant
271 2265 278 2291 :
299 2249 577 2309 proximique
600 2258 702 2293 sunt
722 2249 976 2306 Germanis,
997 2250 1072 2310 qui
1098 2259 1218 2293 trans
1239 2249 1444 2294 Rhenum
1474 2251 1533 2293 in-

151 2328 325 2383 colunt,
356 2329 620 2389 quibuscum
650 2330 928 2374 continenter
959 2328 1124 2373 bellum
1153 2341 1327 2391 gerunt.
1357 2332 1458 2387 Qua
1487 2329 1539 2374 de

153 2426 282 2454 causa
300 2409 489 2454 Helvetii
508 2426 684 2470 quoque
702 2409 894 2471 reliquos
914 2409 1066 2454 Gallos
1085 2411 1249 2455 virtute
1268 2411 1539 2470 praecedunt,

155 2490 274 2550 quod
294 2490 383 2534 fere
403 2489 853 2551 quotidianis-proeliis
868 2507 969 2534 cum
990 2492 1226 2535 Germanis
1240 2491 1538 2546 contendunt,

154 2587 291 2630 quum
320 2581 395 2614 aut
422 2571 510 2613 suis
534 2569 693 2613 finibus
715 2587 787 2614 eos
818 2570 1076 2631 prohibent,
1101 2581 1176 2615 aut
1205 2572 1286 2632 ipsi
1311 2573 1355 2615 in
1388 2587 1539 2615 eorum

156 2649 315 2694 finibus
333 2648 498 2693 bellum
519 2660 689 2710 gerunt.
708 2653 873 2695 Eorum
892 2668 979 2695 una
1001 2668 1122 2712 pars,
1142 2668 1273 2710 quam
1296 2651 1447 2696 Gallos
1467 2652 1542 2695 ob-

349 2746 363 2772 ἱ
1326 2749 1340 2776 1
