1972 3356
489 227 556 262 DE
589 227 750 262 BELLO
780 227 998 262 GALLiCO
1029 227 1120 261 LIB.
1143 227 1229 262 VH.
1496 227 1565 277 193

154 320 243 354 tate
272 310 424 373 gloriae
447 312 665 357 adductus
696 314 739 356 in
764 311 1011 374 periculum
1038 312 1215 356 deduxi.
1240 315 1355 369 Vos,
1387 312 1486 356 data
1512 313 1570 356 fa-

154 391 343 450 cultate,
372 394 497 438 vobis
526 394 757 439 consulite.
785 415 805 435 »
835 393 977 439 Simul
1008 395 1052 437 in
1084 393 1252 439 medios
1281 395 1430 439 hostes
1459 396 1571 439 irru-

154 475 245 536 pit,
287 475 552 538 duobusque
599 476 864 526 interfectis,
910 476 1105 538 reliquos
1152 495 1176 520 a
1219 487 1346 538 porta
1387 476 1569 540 paulum

155 558 394 602 submovit.
431 559 708 604 Conantibus
739 558 941 602 auxiliari
978 559 1091 615 suis,
1127 561 1371 614 «Frustra,
1402 561 1570 622 inquit,

155 656 264 683 meae
287 640 388 683 vitae
413 640 651 684 subvenire
682 640 932 695 conamini,
957 656 1091 700 quem
1110 640 1203 700 jam
1229 641 1408 702 sanguis
1435 642 1572 685 vires-

154 739 240 782 que
269 721 495 766 deficiunt.
515 721 710 766 Proinde
730 722 835 765 hinc
859 721 997 778 abite,
1020 721 1126 765 dum
1151 731 1216 765 est
1240 721 1449 776 facultas,
1474 739 1573 767 vos-

155 819 241 863 que
276 803 332 847 ad
370 802 591 865 legionem
628 804 825 865 recipite.
858 824 879 844 n
919 806 985 847 Ita
1022 820 1226 864 pugnans
1257 813 1355 865 post
1388 803 1572 866 paulum

159 884 376 942 concidit,
403 902 453 929 ae
479 886 569 929 suis
595 884 727 930 saluti
752 886 849 930 fuit.

222 969 295 1012 LI.
333 967 509 1024 Nostri,
537 985 676 1029 quum
703 966 900 1030 undique
923 980 1250 1031 premerentur,
1283 985 1388 1015 XLV]
1414 979 1572 1014 centu-

156 1050 359 1095 rionibus
392 1051 589 1107 amissis,
629 1050 789 1112 dejecti
833 1062 935 1096 sunt
977 1051 1089 1097 loco.
1127 1053 1212 1097 Sed
1259 1051 1573 1096 intolerantius

156 1131 311 1178 Gallos
343 1133 622 1193 insequentes
659 1132 774 1194 legio
811 1151 841 1177 x
880 1134 1098 1191 tardavit,
1131 1152 1228 1196 quae
1264 1152 1346 1196 pro
1378 1134 1575 1179 subsidio

157 1213 291 1276 paulo
319 1215 512 1275 aequiore
542 1213 639 1258 loco
674 1216 948 1260 constiterat.
977 1219 1104 1261 Hanc
1133 1233 1286 1261 rursus
1319 1234 1401 1261 x111
1438 1216 1575 1278 legio-

158 1297 226 1339 nis
262 1296 468 1340 cohortes
516 1306 816 1358 exceperunt,
859 1314 983 1358 quae,
1025 1316 1076 1342 ex
1126 1300 1280 1343 castris
1324 1299 1576 1343 minoribus

159 1377 351 1433 eductae,
381 1395 481 1422 cum
509 1380 557 1422 T.
593 1380 741 1424 Sextio
771 1378 919 1441 legato
949 1391 1159 1441 ceperant
1191 1381 1340 1425 locum
1374 1383 1576 1443 superio-

158 1476 266 1504 rem.
291 1459 532 1521 Legiones,
559 1460 633 1503 ubi
665 1461 862 1521 primum
888 1460 1119 1522 planitiem
1149 1463 1414 1524 attigerunt,
1444 1462 1576 1506 infes-

159 1542 214 1585 tis
246 1551 403 1585 contra
440 1541 589 1585 hostes
626 1542 763 1604 signis
797 1544 1110 1587 constiterunt.
1143 1545 1490 1605 Vercingetorix
1522 1544 1576 1588 ab

158 1623 381 1667 radicibus
413 1622 538 1667 collis
574 1641 674 1668 suos
714 1625 831 1668 intra
869 1626 1146 1670 munitiones
1180 1626 1371 1670 reduxit.
1403 1629 1466 1671 Eo
1505 1626 1576 1670 die

158 1704 321 1750 milites
349 1716 454 1750 sunt
480 1705 613 1768 paulo
639 1708 787 1751 minus
816 1724 905 1753 DCC
928 1708 1180 1753 desiderati.

183 1843 189 1851 ..
224 1790 321 1832 LII.
359 1791 545 1833 Postero
573 1789 642 1834 die
663 1792 832 1847 Caesar,
859 1792 1074 1835 concione
1093 1790 1327 1849 advocata,
1352 1792 1578 1836 temerita-

160 1881 248 1914 tem
282 1870 664 1933 cupiditatemque
699 1872 893 1916 militum
935 1874 1250 1934 reprehendit,
1285 1895 1305 1916 «
1336 1874 1457 1936 quod
1495 1875 1577 1919 sibi

161 1954 246 2014 ipsi
275 1952 600 2013 judicavissent
634 1972 722 2015 qno
749 1954 1084 2015 procedendum
1114 1965 1189 1999 aut
1220 1955 1328 2017 quid
1353 1957 1575 2018 agendum

160 2034 410 2091 videretur,
435 2051 579 2096 neque
602 2036 729 2097 signo
750 2036 996 2097 recipiendi
1024 2036 1129 2081 dato
1155 2039 1481 2094 constitissent,
1501 2056 1578 2082 ne-

161 2133 248 2178 que
275 2134 298 2160 a
321 2117 515 2161 tribunis
550 2117 745 2162 militum
772 2116 1016 2180 legatisque
1044 2120 1227 2164 retineri
1256 2121 1533 2181 potuissent,
1557 2140 1578 2162 »

162 2200 383 2259 exposito,
399 2220 419 2240 «
435 2199 543 2260 quid
564 2200 776 2261 iniquitas
801 2199 884 2244 loci
911 2212 1084 2262 posset,
1110 2202 1218 2262 quid
1238 2203 1332 2263 ipse
1350 2201 1406 2245 ad
1421 2203 1579 2247 Avari-

163 2297 265 2324 cum
292 2282 520 2339 sensisset,
550 2299 716 2343 quum,
741 2283 834 2327 sine
860 2283 972 2327 duce
1003 2293 1043 2327 et
1074 2285 1168 2328 sine
1192 2284 1393 2345 equitatu
1422 2283 1576 2346 depre-

161 2361 311 2407 hensis
327 2363 546 2420 hostibus,
568 2363 846 2426 exploratam
867 2367 1102 2410 victoriam
1125 2366 1381 2420 dimisisset,
1404 2383 1459 2410 ne
1482 2383 1578 2428 par-

161 2462 267 2490 vum
299 2445 434 2490 modo
464 2445 785 2491 detrimentum
810 2449 855 2491 in
881 2449 1172 2492 contentione
1198 2458 1381 2510 propter
1411 2449 1578 2510 iniqui-

163 2539 301 2573 tatem
331 2527 415 2573 loci
437 2528 671 2573 accideret.
687 2531 983 2592 Quantopere
1006 2548 1161 2575 eorum
1185 2531 1322 2575 animi
1351 2532 1577 2593 magnitu-

164 2609 311 2654 dinem
353 2610 673 2669 admiraretur,
714 2629 824 2673 quos
865 2629 955 2656 non
991 2623 1240 2657 castrorum
1281 2613 1575 2670 munitiones,

164 2708 253 2736 uon
278 2692 468 2738 altitudo
492 2694 658 2738 montis
675 2730 686 2751 ,
718 2711 808 2739 non
837 2712 992 2740 murus
1020 2693 1174 2756 oppidi
1207 2693 1384 2738 tardare
1408 2694 1577 2756 potuis-

364 2792 392 2820 1.
1328 2773 1381 2819 13
