1972 3356
442 221 511 256 150
643 221 682 254 C.
711 219 841 254 JULII
871 218 1090 253 CAESARIS
1119 217 1613 256 COMMENTARIORUM

500 306 550 349 C.
583 301 749 346 Eodem
775 311 972 362 tempore
997 303 1053 346 D.
1076 299 1235 345 Laelius
1265 317 1364 345 cum
1388 300 1524 346 classe
1556 304 1608 347 ad
1632 305 1820 349 Brundi-

416 385 549 428 sium
588 383 733 438 venit;
770 381 1010 443 eademque
1043 384 1235 437 ratione,
1271 399 1357 443 qua
1399 382 1562 427 factum
1594 401 1617 428 a
1654 386 1824 431 Libone

438 474 565 509 antea
590 463 1015 519 demonstravimus,
1043 462 1231 508 insulam
1264 463 1481 524 objectam
1506 465 1654 525 portui
1686 466 1824 511 brun-

440 544 583 590 disino
602 545 759 589 tenuit.
786 544 999 590 Similiter
1018 545 1247 601 Vatinius,
1269 545 1344 605 qui
1364 544 1599 590 Brundisio
1624 557 1826 607 praeerat,

438 627 563 670 tectis
578 626 896 686 instructisque
914 625 1108 687 scaphis,
1130 623 1279 670 elicuit
1301 642 1431 669 naves
1447 624 1679 684 Laelianas;
1697 636 1829 688 atque

439 723 493 751 ex
516 707 583 752 his
606 706 779 769 longius
805 706 1067 768 productam
1102 723 1235 751 unam
1262 707 1648 768 quinqueremem,
1675 719 1718 753 et
1743 710 1828 753 mi·

440 805 569 841 nores
590 787 697 832 duas
712 823 723 845 ,
749 789 793 832 in
816 789 1029 850 angustiis
1054 797 1208 850 portus
1228 788 1369 849 cepit,
1395 788 1591 848 itemque
1611 805 1688 849 per
1707 790 1828 850 equi-

440 879 503 913 tes
538 868 773 931 dispositos
810 885 924 929 aqua
960 868 1196 930 prohibere
1227 867 1470 913 classiarios
1506 869 1706 913 instituit.
1744 869 1827 914 Sed

440 948 619 1006 Laelius,
642 959 841 1010 tempore
865 949 967 992 anni
990 948 1291 993 commodiore
1309 965 1413 993 usus
1428 936 1489 993 ad
1507 949 1828 1010 navigandum,

439 1030 654 1075 onerariis
672 1029 858 1073 navibus
877 1030 1070 1088 Corcyra
1090 1029 1429 1089 Dyrrachioque
1443 1046 1603 1090 aquam
1623 1031 1712 1075 suis
1730 1048 1829 1093 sup-

440 1110 670 1171 portabat,
703 1125 846 1170 neque
877 1125 900 1153 a
935 1109 1165 1170 proposito
1199 1108 1518 1168 deterrebatur,
1555 1127 1699 1171 neque
1728 1122 1830 1156 ante

440 1189 646 1251 proelium
671 1191 716 1234 in
744 1188 971 1234 Thessalia
1001 1189 1165 1234 factum
1201 1190 1455 1251 cognitum,
1480 1201 1556 1234 aut
1592 1190 1831 1252 ignominia

439 1271 695 1315 amissarum
720 1271 926 1328 navium,
952 1280 1028 1315 aut
1048 1271 1391 1315 necessariarum
1411 1287 1559 1316 rerum
1588 1272 1755 1333 inopia,
1779 1288 1829 1316 ex

440 1362 572 1412 portu
596 1351 828 1413 insulaque
853 1351 1048 1413 expediri
1073 1352 1232 1413 potuit.

508 1435 581 1478 CI.
608 1432 768 1476 Iisdem
793 1432 884 1476 fere
906 1433 1199 1494 temporibus,
1219 1433 1392 1477 Cassius
1416 1449 1517 1476 cum
1537 1430 1673 1478 classe
1695 1435 1829 1495 Syro-

442 1529 569 1569 rum,
605 1522 649 1557 et
679 1513 936 1558 Phoenicum
955 1547 966 1569 ,
997 1521 1038 1556 et
1070 1511 1285 1568 Cilicum,
1314 1513 1358 1556 in
1386 1511 1579 1557 Siciliam
1612 1517 1760 1558 venit:
1789 1525 1831 1560 et

442 1610 579 1654 quum
602 1603 711 1637 esset
735 1593 920 1638 Caesaris
943 1591 1091 1637 classis
1118 1592 1257 1636 divisa
1283 1593 1327 1636 in
1355 1592 1462 1638 duas
1490 1604 1664 1655 partes,
1693 1606 1735 1639 et
1763 1595 1830 1639 di-

441 1674 585 1719 midiae
610 1676 722 1735 parti
748 1684 951 1736 praeesset
976 1676 1022 1718 P.
1044 1672 1265 1735 Sulpicius
1290 1685 1449 1735 praetor
1471 1675 1645 1721 Vibone
1673 1676 1730 1721 ad
1747 1677 1831 1721 fre·

441 1765 560 1811 tum,
588 1754 780 1799 dimidiae
802 1757 863 1798 M.
883 1754 1156 1814 Pomponius
1183 1754 1238 1797 ad
1265 1756 1515 1799 Messanam
1533 1791 1545 1808 ‚
1571 1757 1692 1817 prius
1725 1759 1831 1803 Cas—

440 1838 529 1880 sius
556 1835 611 1880 ad
635 1837 884 1880 Messanam
914 1835 1099 1880 navibus
1131 1834 1380 1890 advolavit,
1402 1853 1535 1896 quam
1558 1839 1830 1899 Pomponius

441 1917 494 1962 de
528 1918 621 1978 ejus
649 1916 840 1961 adventu
873 1925 1180 1978 cognosceret3
1205 1917 1599 1979 perturbatumque
1626 1935 1726 1963 eum
1761 1937 1836 1965 na-

441 2009 562 2054 ctus,
600 1995 732 2042 nullis
767 1996 1005 2054 custodiis,
1040 2013 1183 2058 neque
1219 1996 1449 2042 ordinibus
1480 1999 1632 2056 certis,
1667 2015 1828 2061 magno

442 2088 574 2124 vento
608 2088 651 2123 et
683 2077 874 2123 secundo
905 2076 1146 2139 completas
1178 2078 1400 2123 onerarias
1435 2095 1571 2124 naves
1613 2079 1750 2135 taeda,
1790 2090 1832 2124 et

442 2161 538 2221 pice
556 2195 567 2213 ,
591 2169 634 2204 et
655 2169 806 2221 stupa,
833 2157 1099 2220 reliquisque
1122 2159 1273 2216 rebus,
1294 2176 1390 2220 quae
1412 2168 1513 2204 sunt
1536 2159 1591 2204 ad
1610 2159 1831 2217 incendia,

442 2242 486 2284 in
516 2240 866 2301 Pomponianam
897 2238 1078 2284 classem
1112 2240 1318 2297 immisit,
1348 2249 1479 2300 atque
1511 2257 1663 2285 onmes
1701 2257 1847 2287 naves

442 2321 638 2366 incendit
659 2337 800 2378 XXXV,
822 2338 845 2365 e
875 2320 1032 2381 quihus
1058 2330 1181 2366 erant
1208 2338 1269 2366 xx
1298 2331 1527 2366 constratae
1551 2339 1561 2366 :
1593 2331 1832 2382 tantusque

442 2419 493 2446 eo
524 2401 641 2446 facto
669 2403 802 2446 timor
830 2402 1032 2454 incessit,
1068 2411 1144 2460 ut,
1169 2418 1307 2463 quum
1337 2411 1450 2446 esset
1479 2400 1594 2464 legio
1624 2401 1831 2462 praesidio

441 2485 678 2539 Messanae,
714 2483 786 2527 vix
820 2481 1033 2543 oppidum
1063 2481 1370 2527 defenderetur
1402 2499 1410 2526 :
1442 2491 1512 2537 et,
1541 2482 1623 2525 nisi
1658 2497 1710 2526 eo
1734 2482 1831 2542 ipso

443 2575 640 2625 tempore
663 2562 841 2624 quidam
863 2563 1005 2606 nuntii
1031 2562 1084 2607 de
1107 2564 1293 2608 Caesaris
1323 2563 1504 2607 victoria
1536 2578 1615 2623 per
1642 2561 1830 2622 disposi-

445 2654 510 2688 tos
536 2646 703 2705 equites
730 2654 871 2688 essent
900 2642 1042 2691 allati,
1069 2645 1375 2689 existimabant
1404 2642 1599 2704 plerique
1627 2642 1824 2687 futurum
