1972 3356
577 279 645 315 DE
674 279 836 315 BELLO
868 275 1083 312 GALLICO
1113 276 1204 310 LIB.
1229 274 1275 309 V.
1572 268 1640 305 133

239 381 427 426 rumque
457 380 585 426 agros
617 362 962 424 populaturum,
991 377 1040 404 ac
1073 360 1221 420 priUS,
1252 373 1385 418 quani
1416 354 1461 398 id
1489 355 1642 410 saciat,

237 446 424 490 Labieni
448 455 591 489 castra
611 452 975 505 oppugnaturum
1004 459 1012 484 2
1038 457 1136 502 quae
1160 439 1258 484 fieri
1276 437 1406 493 velit,
1428 435 1642 497 praecipit.

302 528 440 572 LVII.
478 526 723 579 Labienus,
749 540 888 584 quum
911 532 953 566 et
976 521 1061 566 loci
1084 531 1243 564 natura
1266 529 1309 563 et
1336 535 1471 563 manu
1496 518 1641 562 muni-

237 608 416 652 tissimis
443 607 597 650 castris
623 622 716 649 sese
741 613 934 661 teneret,
963 603 1017 647 de
1045 618 1125 647 suo
1159 618 1210 645 ac
1235 600 1419 661 legionis
1445 597 1643 661 periculo

238 686 346 732 nihil
381 687 589 743 timebat3
620 702 675 729 ne
700 702 786 746 qua
811 684 1090 729 occasionem
1120 683 1184 726 rei
1210 682 1323 725 bene
1353 680 1555 742 gerendae
1580 679 1645 723 di-

235 769 452 825 mitteret,
478 767 715 829 cogitabat.
739 768 896 827 Itaque
916 783 940 810 a
963 764 1250 827 Cingetorige
1276 772 1408 823 atque
1429 759 1522 819 ejus
1543 775 1646 822 pro-

234 850 413 911 pinquis
436 849 636 894 oratione
659 847 958 892 Indutiomari
989 846 1189 908 cognita,
1220 860 1353 905 quaxn
1384 844 1430 887 in
1457 839 1644 886 concilio

235 932 480 988 habuerat,
506 931 687 975 nuntios
719 930 858 974 mittit
886 929 941 974 ad
968 929 1182 972 finitimas
1210 926 1430 980 civitates,
1455 923 1646 984 equites-

234 1031 320 1075 que
344 1012 542 1074 undique
567 1022 722 1057 evocat
749 1029 758 1056 ε
788 1013 840 1056 iis
867 1021 1032 1056 certam
1058 1009 1175 1053 diem
1204 1005 1502 1053 conveniendi
1524 1003 1643 1048 dicit·

234 1096 417 1140 Interim
454 1111 594 1156 prope
624 1093 826 1156 quotidie
856 1110 958 1138 cum
984 1092 1106 1136 omni
1139 1090 1341 1152 equitatu
1367 1087 1648 1132 Indutioma-

235 1194 310 1221 rus
335 1177 414 1221 sub
440 1177 594 1220 castris
623 1176 718 1236 ejus
747 1175 1014 1237 vagabatur,
1035 1172 1144 1217 alias
1164 1182 1215 1217 ut
1239 1172 1373 1216 situm
1400 1178 1647 1214 castrorum

235 1268 544 1320 cognosceret,
567 1255 673 1301 alias
693 1255 977 1317 colloquendi
998 1264 1073 1298 aut
1095 1252 1329 1298 territandi
1345 1267 1475 1296 causa
1499 1267 1507 1293 :
1529 1249 1650 1309 equi-

237 1350 300 1384 tes
323 1339 587 1401 plerumque
615 1355 768 1382 omnes
793 1336 880 1381 tela
902 1339 1018 1381 intra
1041 1334 1206 1379 vallum
1231 1332 1541 1395 conjiciebant.
1563 1332 1649 1375 La-

234 1422 393 1465 bienus
419 1438 521 1465 suos
547 1430 663 1464 intra
683 1419 954 1463 munitiones
975 1417 1253 1473 continebat,
1275 1415 1538 1474 timorisque
1556 1412 1651 1472 opi-

239 1503 445 1557 nionem,
473 1502 816 1563 quibuscunque
847 1510 1023 1562 poterat
1049 1499 1205 1551 rebus,
1235 1497 1439 1559 augebat.

300 1586 460 1628 LVIII.
482 1586 638 1642 Quum
658 1584 826 1644 majore
841 1583 886 1626 in
905 1582 996 1626 dies
1016 1581 1351 1642 contemptione
1370 1578 1651 1623 Indutioma-

234 1683 309 1710 rus
334 1665 389 1709 ad
412 1676 558 1710 castra
582 1664 831 1722 accederet,
856 1675 989 1709 nocte
1005 1681 1114 1721 una,
1141 1662 1408 1707 intromissis
1428 1659 1650 1721 equitibus

236 1749 439 1792 omnium
463 1747 758 1791 finitimarum
787 1748 1044 1803 civitatum,
1069 1762 1180 1806 quos
1205 1742 1492 1789 arcessendos
1522 1756 1651 1785 cura-

237 1839 386 1884 verat,
419 1838 540 1873 tanta
565 1828 794 1890 diligentia
818 1845 972 1872 omnes
998 1844 1100 1872 suos
1127 1826 1338 1871 custodiis
1363 1826 1479 1868 intra
1508 1831 1653 1867 castra

235 1911 479 1966 continuit,
502 1920 551 1954 ut
575 1909 698 1954 nulla
723 1911 896 1954 ratione
923 1926 972 1953 ea
996 1925 1065 1953 res
1093 1908 1339 1964 enuntiari,
1364 1915 1440 1950 aut
1465 1905 1521 1950 ad
1542 1906 1653 1949 Tre-

235 1992 354 2036 viros
374 1991 561 2053 perferri
582 2001 742 2052 posset.
769 1992 957 2035 Interim
973 2007 1030 2034 ex
1049 1988 1372 2034 consuetudine
1391 1986 1653 2048 quotidiana

233 2074 571 2118 Indutiomarus
599 2074 654 2118 ad
681 2084 826 2118 castra
849 2074 1044 2129 accedit,
1071 2082 1205 2133 atque
1228 2071 1289 2115 ibi
1316 2086 1525 2131 magnam
1549 2084 1654 2129 par-

238 2168 325 2201 tein
352 2155 438 2200 diei
454 2157 679 2200 consumit
696 2173 704 2200 :
723 2157 893 2217 equites
917 2153 1003 2200 tela
1020 2154 1287 2216 conjiciunt,
1310 2162 1354 2196 et
1372 2167 1535 2213 magna
1550 2166 1654 2194 cum

238 2237 510 2283 contumelia
526 2238 769 2282 verborum
792 2247 967 2282 nostros
986 2236 1042 2281 ad
1061 2251 1261 2298 pugnam
1284 2243 1488 2278 evocant.
1514 2230 1655 2277 Nullo

237 2321 292 2364 ab
321 2320 485 2364 nostris
513 2319 617 2364 dato
645 2336 885 2381 responso,
915 2319 993 2363 ubi
1018 2319 1165 2362 visum
1191 2327 1281 2372 est,
1309 2316 1389 2360 sub
1417 2330 1655 2376 vesperum

237 2402 423 2464 dispersi
454 2418 504 2446 ac
529 2399 730 2464 dissipati
760 2401 1008 2446 discedunt.
1040 2399 1197 2445 Subito
1227 2398 1452 2443 Labienus
1482 2395 1656 2440 duabus

238 2484 378 2545 portis
406 2500 587 2528 omnem
610 2484 862 2546 equitatum
886 2483 1072 2538 emittit,
1094 2482 1296 2543 praecipit
1318 2490 1454 2542 atque
1478 2475 1655 2523 interdi-

236 2568 317 2624 cit,
347 2566 601 2627 proterritis
630 2566 832 2610 hostibus
857 2576 989 2625 atque
1018 2566 1063 2609 in
1091 2563 1243 2625 fugam
1273 2561 1485 2624 conjectis
1511 2560 1657 2625 (quod

236 2647 331 2693 fore
346 2683 358 2704 ,
385 2650 499 2693 sicut
525 2646 707 2703 accidit,
736 2647 964 2708 videbat),
995 2663 1137 2691 unum
1161 2661 1315 2689 omnes
1339 2653 1496 2705 petant
1520 2642 1659 2689 Indu-

239 2730 505 2787 tiomarum3
541 2746 626 2774 neu
657 2730 755 2790 quis
779 2747 913 2790 quem
946 2730 1071 2791 prius
1099 2727 1331 2784 vulneret,
1357 2742 1493 2786 quam
1529 2724 1657 2769 illum
