1972 3356
433 230 506 264 236
665 231 704 264 C.
731 230 859 262 JULll
889 229 1106 263 CAESARIS
1135 229 1393 264 COMMENT.
1432 233 1576 267 LIBER

428 329 525 372 quae
551 312 604 355 ad
633 310 795 355 bellum
824 312 920 355 usui
955 310 1095 355 solent
1130 328 1240 368 esse,
1270 323 1640 373 comportaverat‚
1668 317 1708 358 vi
1735 332 1808 360 ex-

430 391 691 452 pugnando,
717 402 782 436 est
806 393 983 453 potitus.

490 473 717 516 XXXVII.
762 474 906 517 Caesar
944 483 1173 535 postquam
1218 473 1460 534 legionibus
1507 475 1720 519 veteranis
1757 492 1812 527 11,

427 554 643 614 equitatu,
669 553 838 615 levique
864 565 1084 599 armatura
1099 589 1109 609 ,
1129 555 1276 615 copias
1299 571 1397 599 suas
1418 571 1470 598 ex
1487 555 1677 599 secundo
1699 572 1813 600 com-

426 644 571 678 meatu
587 645 788 691 auxerat,
807 652 938 679 naves
954 653 999 680 vi
1022 637 1244 680 onerarias
1265 636 1410 679 statim
1427 635 1551 696 jubet
1570 635 1809 697 Lilybaeum

425 715 481 759 ad
509 715 727 776 reliquum
756 718 992 761 exercitum
1023 715 1410 778 transportandum
1438 716 1653 777 proficisci
1683 734 1692 759 :
1722 717 1812 778 ipse

425 811 469 839 v1
495 793 574 840 cal.
606 795 712 841 febr.
740 798 912 841 circiter
942 796 1086 858 vigilia
1112 799 1253 858 prima
1280 798 1488 858 imperat,
1518 796 1812 858 speculatores

425 878 782 938 apparitoresque
807 895 957 923 omnes
982 888 1030 922 ut
1055 879 1135 922 sibi
1163 888 1319 939 praesto
1343 888 1496 922 essent.
1520 880 1698 939 Itaque,
1721 895 1812 922 om-

425 957 554 1001 nibus
580 959 724 1002 insciis
762 975 903 1019 neque
944 959 1292 1020 suspicantibus,
1336 958 1484 1019 vigilia
1526 960 1652 1002 tertia
1687 959 1809 1020 jubet

424 1054 572 1082 omnes
603 1038 794 1100 legiones
819 1056 870 1083 ex
902 1040 1052 1083 castris
1085 1039 1233 1095 educi,
1265 1049 1394 1100 atque
1431 1056 1474 1083 se
1511 1041 1719 1100 consequi
1756 1040 1811 1084 ad

424 1118 635 1178 oppidum
663 1119 907 1181 Ruspinam
936 1136 1110 1176 versus,
1135 1121 1178 1163 in
1205 1136 1294 1180 quo
1325 1119 1417 1180 ipse
1449 1119 1698 1180 praesidium
1735 1120 1811 1164 ha-

424 1203 539 1256 buit,
568 1214 611 1247 et
639 1202 757 1264 quod
784 1205 974 1264 primum
1004 1202 1057 1247 ad
1094 1203 1328 1247 amicitiam
1358 1204 1450 1262 ers
1478 1204 1668 1247 accessit.
1703 1203 1810 1247 Inde

422 1283 648 1345 parvulam
677 1283 997 1346 proclivitatem
1027 1284 1267 1345 digressus,
1308 1285 1481 1328 sinistra
1510 1294 1634 1345 parte
1667 1286 1810 1345 campi

421 1375 600 1427 propter
631 1382 750 1410 mare
780 1365 970 1427 legiones
995 1365 1128 1410 ducit.
1158 1367 1240 1410 Hic
1274 1382 1453 1427 campus
1488 1365 1674 1411 mirabili
1715 1363 1809 1426 pla·-

421 1447 527 1490 nitie
554 1457 673 1507 patet
700 1446 837 1490 millia
864 1463 1069 1508 passuum
1106 1463 1183 1501 xv3
1221 1463 1348 1508 quem
1383 1447 1537 1508 jugum
1571 1447 1746 1508 iugem,
1788 1464 1810 1490 a

421 1529 529 1571 mari
557 1538 727 1584 ortum,
756 1545 899 1589 neque
936 1530 993 1572 ita
1031 1528 1283 1589 praealtum,
1321 1527 1442 1572 velut
1482 1528 1639 1574 theatri
1679 1527 1811 1573 efficit

421 1610 622 1669 speciem.
651 1611 702 1653 In
728 1609 812 1653 hoc
832 1609 942 1671 jugo
968 1608 1098 1653 colles
1124 1619 1226 1652 sunt
1252 1608 1406 1652 excelsi
1431 1610 1557 1669 pauci
1591 1626 1599 1652 :
1630 1611 1671 1652 in
1712 1611 1810 1670 qui-

418 1687 501 1732 bus
534 1689 714 1750 singulae
739 1699 881 1733 turres
906 1689 1179 1751 speculaeque
1206 1689 1387 1750 singulae
1413 1699 1658 1750 perveteres
1683 1701 1808 1734 erant

420 1769 640 1814 collocatae
669 1788 677 1813 :
716 1787 904 1830 quarum
933 1770 1051 1830 apud
1086 1769 1284 1814 ultimam
1318 1770 1568 1831 praesidium
1603 1781 1645 1814 et
1680 1773 1809 1816 statio

421 1850 502 1894 fuit
528 1851 757 1912 Scipionis.

482 1933 736 1976 XXXVIII.
764 1935 1001 1993 Postquam
1026 1935 1170 1977 Caesar
1193 1933 1247 1977 ad
1271 1934 1444 1994 jugum,
1470 1933 1523 1977 de
1545 1951 1632 1994 quo
1657 1934 1809 1991 docui,

419 2011 634 2069 ascendit,
658 2023 789 2074 atque
828 2014 871 2057 in
913 2030 1271 2074 unumquemque
1299 2012 1453 2058 collem
1492 2024 1632 2059 turres
1661 2016 1811 2060 castel-

420 2093 547 2154 laque
573 2094 712 2139 facere
736 2097 867 2156 coepit
883 2131 894 2149 ‚
921 2104 1051 2156 atque
1076 2112 1124 2138 ea
1149 2096 1295 2139 minus
1320 2096 1538 2139 semihora
1573 2095 1740 2151 effecit;
1767 2107 1809 2141 et

419 2184 650 2236 postquam
674 2193 762 2220 non
786 2177 846 2220 ita
882 2175 1011 2238 longe
1036 2177 1090 2219 ab
1129 2176 1284 2220 ultimo
1319 2175 1428 2220 colle
1465 2178 1662 2238 turrique
1695 2177 1776 2222 fuit
1796 2213 1807 2233 ,

418 2273 515 2316 quae
540 2258 739 2318 proxima
768 2257 849 2302 fuit
876 2258 1028 2301 castris
1056 2256 1431 2314 adversariorum,
1474 2258 1515 2301 in
1553 2275 1638 2319 qua
1676 2258 1804 2303 (locui

418 2354 509 2381 esse
558 2338 808 2400 praesidium
852 2340 1173 2399 stationemque
1213 2338 1505 2384 Numidarum
1533 2373 1544 2394 ,
1589 2337 1811 2400 paulisper

418 2430 738 2477 commoratus,
768 2429 1081 2482 perspectaque
1106 2430 1263 2464 natura
1290 2419 1400 2474 loci,
1431 2421 1630 2481 equitatu
1658 2421 1700 2463 in
1729 2429 1810 2464 sta-

419 2501 538 2544 tione
566 2501 799 2562 (lisposit0‚
828 2500 1074 2563 legionibus
1102 2519 1212 2563 opus
1240 2502 1465 2558 attribuit,
1493 2502 1809 2561 brachiumque

421 2581 563 2625 medio
584 2583 692 2643 jugo
719 2583 773 2628 ab
799 2600 851 2627 eo
880 2581 996 2637 loco,
1027 2583 1082 2626 ad
1113 2601 1242 2644 quem
1275 2592 1556 2645 pervenerat,
1588 2598 1723 2642 usque
1753 2581 1806 2625 ad

419 2679 543 2718 cum,
571 2665 686 2708 unde
713 2682 912 2727 egressus
941 2674 1054 2717 erat,
1083 2665 1204 2724 jubet
1235 2665 1363 2725 ‹lii-igi
1390 2682 1439 2708 ac
1470 2664 1641 2707 muniri.
1675 2663 1807 2720 Quod
