1972 3356
602 226 667 259 DE
699 224 738 259 C.
770 223 916 258 JULIO
947 220 1162 257 CAESARE.
1545 213 1581 259 iij

186 309 353 353 teribus
390 308 539 353 credat
578 307 898 369 grammaticis,
931 307 1005 366 qui
1044 322 1096 348 ex
1128 300 1456 347 commentariis
1492 298 1585 342 istis

188 415 284 458 quae
312 397 566 452 adducunt,
598 397 757 442 Caesari
786 396 1010 449 tribuunt,
1037 411 1126 437 non
1154 392 1294 436 alteri.

254 487 455 548 Reliquit
476 496 518 530 et
541 489 689 530 Caesar
708 483 1070 545 Ephemeridem,
1099 485 1189 526 sive
1207 482 1412 527 Diariuin
1438 495 1588 524 rerum

189 594 213 620 a
238 594 281 621 se
303 587 539 638 gestarum.

254 667 399 712 Etiam
425 667 551 727 jussu
584 666 678 727 ejus
713 666 903 727 scriptus
933 674 998 708 est
1030 662 1141 707 liber
1167 663 1220 708 de
1250 664 1347 708 Situ
1371 661 1491 705 orbis
1521 677 1591 704 ro-

192 758 322 801 mani.
345 756 545 800 AEthicus
567 757 611 799 in
632 754 892 817 praefatione
913 772 921 798 :
944 756 1136 814 «Itaque
1153 751 1297 797 Julius
1316 754 1486 807 Caesar,
1506 751 1593 794 bis·

190 846 360 892 sextilis
383 847 567 890 rationis
592 846 819 901 inventor,
844 845 1005 888 divinis
1028 843 1326 903 humanisque
1348 841 1480 885 rebus
1505 841 1594 884 sin-

191 936 403 1000 gulariter
422 937 683 994 instructus,
706 953 846 997 quum
868 933 1125 980 consulatus
1144 933 1211 977 sui
1232 932 1365 976 fasces
1385 932 1598 992 erigeret,

191 1043 245 1070 ex
272 1025 656 1071 senatusconsulto
692 1026 887 1083 censuit,
913 1040 1091 1069 omnem
1118 1022 1271 1068 orbem
1291 1024 1383 1083 jam
1421 1021 1595 1065 romani

192 1117 384 1160 nominis
405 1116 611 1161 admetiri
634 1133 712 1178 per
735 1115 1104 1178 prudentissimos
1130 1115 1270 1169 viros,
1290 1122 1333 1157 et
1355 1112 1474 1156 omni
1502 1111 1598 1172 phi-

194 1206 405 1268 losophiae
421 1223 605 1251 munere
624 1206 867 1251 decoratos.
885 1209 1001 1268 Ergo
1021 1223 1044 1250 a
1058 1208 1081 1250 J
1087 1204 1176 1250 ulio
1194 1208 1364 1251 Caesare
1382 1212 1423 1246 et
1441 1203 1597 1247 Marco

191 1298 387 1341 Antonio
405 1300 526 1342 Coss.
537 1331 549 1354 ,
566 1297 685 1341 orbis
701 1307 922 1340 terrarum
938 1297 1085 1339 metiri
1099 1297 1252 1354 coepit3
1268 1306 1380 1338 etc.»
1396 1294 1510 1337 Puto
1525 1308 1599 1335 au-

194 1397 281 1430 tem
302 1386 418 1431 idem
440 1403 532 1431 esse
550 1403 660 1448 opus
681 1386 801 1447 quod
823 1385 943 1429 varie
958 1394 1108 1446 postea
1124 1381 1598 1444 interpolatum‚nunc

193 1476 274 1520 sub
295 1477 511 1521 Antonini
531 1486 575 1521 et
594 1476 755 1521 AEthici
773 1476 952 1520 nomine
973 1475 1147 1538 legitur.

255 1570 307 1612 A.
334 1570 529 1613 Hamus
555 1568 665 1623 sive,
691 1577 741 1612 ut
770 1566 844 1612 alii
868 1566 1094 1622 scribunt,
1122 1566 1328 1620 Hirmas,
1356 1572 1511 1608 auctor
1535 1571 1599 1607 est

195 1658 297 1702 libri
322 1675 407 1705 v111
445 1659 499 1704 de
519 1659 705 1704 Caesaris
726 1656 845 1702 bello
867 1656 1047 1719 gallico,
1073 1666 1123 1701 ut
1150 1655 1387 1701 Suetonius
1414 1655 1459 1698 in
1483 1652 1599 1698 Julio

193 1759 405 1805 testatur,
428 1767 523 1811 cap.
558 1747 630 1795 56.
664 1751 780 1794 Sane
807 1766 899 1794 non
924 1765 1014 1792 esse
1039 1748 1176 1809 ipsius
1198 1746 1382 1792 Caesaris
1409 1744 1513 1789 satis
1535 1745 1602 1787 in-

195 1839 331 1897 dicat,
349 1840 550 1902 praefatio
571 1840 665 1901 ejus
686 1839 741 1884 ad
752 1837 961 1895 Balbum,
976 1855 1074 1899 quae
1094 1839 1155 1882 sic
1177 1837 1393 1898 incipitz«
1407 1837 1601 1880 Coactus

195 1930 381 1975 assiduis
414 1931 501 1974 tuis
531 1930 736 1986 vocibus⁷
763 1927 920 1985 Balbe,
948 1944 1085 1990 quum
1114 1927 1376 1988 quotidiana
1406 1942 1506 1970 mea
1531 1941 1602 1968 re-

196 2021 381 2077 cusatio⁷
405 2037 494 2064 non
519 2018 794 2064 difficultatis
816 2019 1166 2074 excusationem,
1189 2016 1265 2062 sed
1290 2017 1460 2062 inertiae
1478 2015 1602 2060 vide·

197 2121 320 2155 retur
345 2111 700 2173 deprecationem
718 2110 883 2154 habere
913 2126 922 2153 ε
949 2107 1256 2153 difficillimam
1282 2125 1375 2152 rem
1402 2106 1602 2168 suscepi,

197 2203 382 2248 Caesaris
421 2203 563 2247 nostri
602 2201 946 2246 commentarios
984 2217 1136 2244 rerum
1170 2208 1395 2261 gestarum
1424 2196 1601 2254 Galliae,

198 2312 289 2340 non
311 2294 637 2356 comparandos
663 2293 966 2357 superioribus
987 2302 1121 2354 atque
1148 2291 1485 2352 insequentibus
1509 2291 1603 2352 ejus

197 2390 391 2451 scriptis,
411 2390 634 2434 contexui.
656 2410 676 2431 υ
697 2386 910 2449 Ejusdem
939 2395 1042 2430 sunt
1069 2383 1170 2428 libri
1197 2384 1251 2429 de
1282 2383 1403 2430 Bello
1429 2382 1603 2427 alexan-

198 2481 327 2524 drino
349 2490 391 2525 et
416 2480 642 2534 africano3
667 2496 770 2523 nam
797 2478 1012 2522 continuo
1039 2476 1240 2536 sequitur
1262 2491 1271 2518 z
1295 2495 1314 2516 «
1338 2474 1606 2518 Novissime-

197 2588 285 2634 que
309 2571 565 2632 imperfecta
592 2570 647 2614 ab
673 2570 805 2614 rebus
833 2569 965 2631 gestis
992 2566 1273 2613 Alexandriae
1298 2565 1491 2622 confeci3
1516 2584 1536 2605 »
1562 2574 1605 2608 et

200 2672 300 2725 post
321 2661 468 2723 aliqua
497 2662 778 2707 excusatione
802 2661 1021 2722 ejusmodi
1048 2660 1190 2704 utitur
1212 2676 1221 2702 :
1245 2657 1394 2702 «Mihi
1416 2672 1471 2700 ne
1495 2655 1605 2700 illud
