1972 3356
561 150 573 168 <

379 230 426 265 92
584 216 622 251 C.
651 215 780 251 JULII
811 215 1028 251 CAESARIS
1059 215 1552 255 COMMENTARIORUM

378 299 531 361 ligneis
567 297 734 343 effectis
774 298 991 356 turribus,
1023 299 1074 343 iis
1107 315 1198 344 sese
1234 300 1514 357 munierunt3
1548 311 1592 346 et
1623 319 1760 364 quum

376 387 518 422 essent
543 377 707 423 infirmi
733 377 788 422 ad
813 377 1103 424 resistendum
1125 388 1306 441 propter
1327 381 1594 442 paucitatem
1621 381 1763 428 homi·

376 475 505 516 num,
525 458 689 504 crebris
709 459 895 504 confecti
913 458 1187 519 vulneribus,
1209 459 1264 505 ad
1283 470 1525 506 extremum
1551 460 1761 508 auxilium

375 538 722 596 descenderunt,
740 557 975 602 servosque
989 557 1142 586 omnes
1162 541 1346 603 puberes
1363 540 1680 600 liberaverunt,
1698 553 1762 602 et,

376 622 595 682 praesectis
624 622 825 667 omnium
855 620 1090 668 mulierum
1115 623 1335 679 crinibus,
1360 632 1577 669 tormenta
1611 623 1764 669 effece-

375 711 494 746 runt.
526 704 732 761 Quorum
759 703 933 765 cognita
959 705 1194 761 sententia,
1214 705 1423 751 Octavius
1440 704 1585 766 quinis
1609 706 1763 750 castris

375 782 589 845 oppidum
617 783 932 841 circumdedit,
960 794 1092 846 atque
1126 801 1215 830 uno
1247 795 1443 848 tempore
1469 785 1698 830 obsidione
1720 795 1764 830 et

376 865 782 926 oppugnationibus
815 881 888 910 eos
918 881 1116 926 premere
1140 866 1285 927 coepit.
1315 864 1385 910 Illi
1416 866 1565 911 omnia
1594 852 1763 927 perpeti

375 946 542 1006 parati,
580 946 768 990 maxime
807 962 832 989 a
870 962 916 989 re
963 945 1249 990 frumentaria
1293 945 1569 991 laborabant.
1614 946 1764 1005 Quare

374 1025 517 1070 missis
537 1025 592 1070 ad
617 1027 834 1070 Caesarem
853 1024 1006 1087 legatis
1021 1059 1033 1082 ,
1054 1024 1265 1071 auxilium
1288 1025 1343 1070 ab
1368 1042 1419 1070 eo
1445 1026 1680 1087 petebant:
1702 1043 1765 1071 re-

374 1105 514 1166 liqua,
548 1115 596 1150 ut
626 1115 850 1168 poterant,
886 1122 964 1167 per
996 1122 1040 1151 se
1075 1105 1351 1151 incommoda
1381 1106 1655 1151 sustinebant
1684 1124 1693 1150 :
1722 1117 1764 1151 et

373 1185 505 1248 longo
531 1187 790 1249 interposito
816 1187 983 1248 spatio,
1010 1203 1148 1248 quum
1172 1185 1442 1231 diuturnitas
1470 1187 1765 1250 oppugnatio-

374 1268 440 1312 nis
459 1266 797 1330 negligentiores
816 1268 1083 1313 Octavianos
1099 1267 1307 1313 effecisset
1326 1303 1337 1325 ‚
1357 1269 1472 1313 nacti
1490 1268 1764 1313 occasionem

373 1348 603 1393 meridiani
628 1350 861 1411 temporis,
888 1349 1076 1394 discessu
1103 1365 1280 1405 eorum,
1310 1350 1457 1411 pueris
1484 1347 1764 1394 mulieribus·

374 1446 460 1490 que
486 1431 530 1473 in
555 1447 683 1475 muro
710 1430 931 1493 dispositis
947 1467 959 1485 ‚
978 1448 1033 1475 ne
1058 1430 1165 1492 quid
1194 1431 1463 1492 quotidianae
1483 1429 1764 1476 consuetudi·

375 1511 442 1554 nis
469 1510 803 1567 desideraretur,
827 1512 936 1572 ipsi,
965 1528 1098 1556 manu
1132 1511 1244 1556 facta
1277 1528 1376 1555 cum
1410 1512 1462 1556 iis
1487 1528 1598 1572 quos
1624 1527 1764 1574 nuper

375 1591 563 1635 maxime
598 1590 922 1648 liberaverant,
951 1593 995 1636 in
1030 1592 1230 1654 proxima
1263 1593 1435 1637 Octavii
1475 1602 1618 1637 castra
1652 1592 1763 1636 irru-

376 1681 549 1732 perunt.
567 1672 644 1716 His
661 1673 947 1733 expugnatis,
963 1671 1114 1716 eodem
1131 1673 1297 1734 impetu
1322 1671 1460 1717 altera
1475 1681 1575 1716 sunt
1600 1670 1762 1726 adorti;

372 1753 472 1797 inde
495 1754 622 1797 tertia
639 1788 650 1809 ‚
673 1763 715 1797 et
738 1762 893 1813 quarta
908 1788 919 1807 ,
946 1762 988 1796 et
1010 1752 1214 1813 deinceps
1239 1751 1405 1813 reliqua
1434 1770 1442 1795 :
1469 1753 1762 1813 omnibusque

371 1850 444 1877 eos
488 1833 641 1877 castris
677 1831 963 1894 expulerunt,
990 1843 1055 1888 et,
1094 1849 1255 1895 magno
1289 1849 1473 1881 numero
1507 1832 1763 1889 interfecto,

372 1912 561 1975 reliquos
607 1923 740 1975 atque
783 1914 930 1975 ipsum
977 1914 1212 1959 Octavium
1256 1915 1298 1957 in
1350 1930 1480 1958 naves
1526 1913 1763 1976 confugere

370 2005 620 2057 coegerunt.
644 1996 727 2039 Hic
753 1995 835 2039 fuit
859 1997 1203 2057 oppugnationis
1233 1996 1388 2039 exitus.
1414 1998 1598 2055 Jamque
1624 1995 1763 2039 hiems

369 2077 776 2138 appropinquabat,
790 2086 854 2132 et,
870 2077 1001 2120 tantis
1018 2075 1293 2120 detrimentis
1311 2075 1762 2137 acceptis‚Octavius,

369 2157 596 2219 desperata
635 2159 968 2221 oppugnatione
1008 2157 1158 2219 oppidi
1182 2193 1192 2213 ‚
1234 2157 1529 2218 Dyrrachium
1573 2173 1664 2201 sese
1707 2154 1762 2199 ad

369 2240 627 2301 Pompeium
650 2241 826 2302 recepit.

433 2322 488 2364 X.
522 2321 933 2366 Demonstravimus
952 2356 961 2373 ‚
992 2323 1039 2364 L.
1067 2320 1310 2365 Vibullium
1345 2320 1537 2376 Rufum,
1566 2318 1761 2380 Pompeii

371 2400 626 2461 praefectum
643 2437 653 2457 ,
679 2403 744 2446 bis
771 2402 813 2445 in
838 2410 1095 2462 potestatem
1121 2403 1368 2463 pervenisse
1395 2401 1602 2455 Caesaris,
1632 2409 1762 2459 atque

371 2482 424 2525 ab
459 2499 510 2526 eo
549 2500 639 2527 esse
672 2482 925 2537 dimissum,
954 2482 1082 2526 semel
1119 2483 1173 2527 ad
1207 2482 1451 2529 Corfinium
1472 2516 1482 2535 ,
1517 2481 1675 2524 iterum
1717 2480 1760 2522 in

370 2562 594 2624 Hispania.
621 2566 749 2608 Hunc
778 2579 858 2624 pro
884 2563 971 2606 suis
1000 2562 1219 2608 beneflciis
1245 2565 1389 2609 Caesar
1413 2561 1618 2605 idoneum
1641 2558 1760 2620 judi-

372 2654 571 2701 caverat,
602 2661 732 2705 quem
764 2661 862 2689 cuin
894 2643 1107 2689 mandatis
1139 2644 1192 2689 ad
1221 2647 1301 2690 Cn.
1326 2642 1584 2703 Pompeium
1615 2641 1759 2683 mitte-
