1972 3356
3 3178 7 3217 .,
0 2911 7 2981 2⁴⁴

562 192 625 227 DE
661 191 816 227 BELLO
849 192 1065 229 GALLICO
1098 191 1189 226 LIB.
1216 191 1279 226 IV.
1576 193 1616 229 δι

224 271 410 330 abesset,
435 273 566 335 legati
591 276 644 319 ab
670 276 736 319 his
760 286 996 332 venerunt,
1012 292 1203 336 quorum
1229 275 1322 319 haec
1348 275 1429 319 fuit
1450 279 1621 321 oratio:

223 374 243 394 (ι
267 356 514 400 Germanos
552 373 692 418 neque
726 358 896 418 priores
934 356 1101 418 populo
1134 373 1319 400 romano
1353 355 1520 402 bellum
1556 360 1624 402 in-

224 436 360 492 ferre;
386 454 529 498 neque
553 448 702 482 tamen
727 454 954 494 recusare,
980 438 1014 480 si
1041 436 1335 494 lacessantur,
1360 439 1467 499 quin
1492 439 1624 483 armis

223 518 519 573 contendant3
536 517 656 579 quod
670 519 1000 562 Germanorum
1016 518 1294 562 consuetudo
1311 519 1402 563 haec
1420 520 1473 563 sit
1498 537 1521 563 a
1537 537 1625 564 ma-

226 598 390 656 joribus
425 598 610 654 tradita,
645 599 913 658 quicumque
944 596 1111 641 bellum
1150 597 1366 655 inferant,
1404 601 1625 657 resistere,

225 695 364 738 neque
399 677 625 738 deprecari
665 695 674 721 :
710 678 796 722 hoc
837 689 986 722 tamen
1032 677 1197 735 dicere,
1231 679 1403 723 venisse
1439 680 1624 737 invitos,

224 759 381 819 ejectos
406 757 552 802 domo.
578 759 623 803 Si
653 775 775 803 suam
800 760 987 821 gratiam
1010 759 1202 803 Romani
1226 758 1391 817 velint,
1416 777 1543 821 posse
1566 763 1626 805 eis

223 838 349 883 utiles
378 856 468 883 esse
496 840 662 884 amicos
687 857 696 883 :
721 839 788 884 vel
817 840 899 884 sibi
923 857 1052 902 agros
1074 841 1338 897 attribuant,
1364 840 1432 885 vel
1458 843 1627 903 patian-

224 930 296 964 tur
317 937 391 965 eos
419 931 588 979 tenere,
613 938 723 982 quos
749 923 882 966 armis
907 922 1197 983 possederint.
1224 923 1327 966 Sese
1352 923 1450 967 unis
1474 925 1626 968 Suevis

222 1002 482 1060 concedere,
509 1003 671 1064 quibus
697 1020 752 1047 ne
783 1002 852 1047 dei
883 1003 1060 1064 quidem
1086 1002 1359 1047 immortales
1383 1021 1508 1065 pares
1534 1022 1624 1049 esse

223 1085 393 1144 possint
412 1103 420 1128 :
442 1084 662 1146 reliquum
685 1084 864 1146 quidem
886 1085 931 1128 in
958 1086 1084 1129 terris
1106 1101 1198 1129 6556
1218 1085 1441 1129 neminem
1456 1120 1467 1142 ‚
1492 1103 1624 1147 quem

225 1182 311 1208 non
335 1182 544 1226 superare
567 1167 751 1227 possint.
775 1187 795 1207 n

290 1248 409 1291 VIII.
451 1246 512 1291 Ad
539 1247 631 1290 haec
668 1248 834 1302 Caesar,
859 1264 955 1306 quae
978 1247 1122 1291 visum
1154 1258 1240 1304 est,
1274 1247 1523 1309 1¹espondi13
1550 1250 1622 1293 sed

222 1328 361 1371 exitus
388 1327 473 1370 fuit
501 1329 712 1371 orationis
738 1345 747 1370 :
773 1348 793 1368 «
820 1328 913 1371 Sibi
944 1327 1114 1371 nullam
1142 1345 1244 1371 cuin
1279 1328 1346 1372 his
1382 1330 1621 1374 amicitiam

222 1425 311 1453 6556
334 1425 477 1469 posse,
506 1409 540 1452 si
566 1409 609 1451 in
634 1406 782 1452 Gallia
806 1418 1086 1466 remanerent
1119 1426 1127 1451 :
1160 1425 1304 1469 neque
1329 1426 1483 1453 verum
1509 1427 1623 1467 esse,

221 1490 295 1550 qui
331 1507 430 1533 suos
466 1489 575 1534 fines
611 1490 725 1533 tueri
762 1506 850 1533 non
889 1474 1139 1550 potuerint,
1180 1489 1347 1534 alienos
1387 1507 1624 1552 occupare,

221 1589 361 1633 neque
385 1571 498 1615 ullos
524 1573 566 1615 in
592 1570 739 1616 Gallia
764 1588 919 1615 vacare
944 1588 1093 1633 agros,
1119 1572 1195 1632 qui
1217 1572 1338 1627 dari,
1363 1582 1494 1616 tantae
1513 1589 1624 1634 prae-

220 1654 369 1697 sertim
397 1651 697 1710 multitudini,
732 1653 826 1696 sine
857 1653 1020 1714 injuria
1053 1654 1237 1713 possint.
1273 1653 1358 1697 Sed
1398 1652 1550 1711 licere,
1589 1655 1624 1698 si

221 1733 380 1791 velint,
418 1735 463 1777 in
497 1734 719 1778 Ubiorum
749 1734 911 1777 finibus
943 1733 1192 1791 considere,
1222 1751 1415 1795 quorum
1448 1736 1535 1779 sint
1563 1734 1624 1779 le—

219 1817 306 1878 gati
333 1816 450 1877 apud
470 1832 532 1873 56,
558 1825 601 1859 et
622 1815 675 1859 de
700 1817 946 1859 Suevorum
976 1815 1151 1875 injuriis
1174 1825 1439 1875 querantur,
1463 1827 1506 1860 et
1530 1834 1554 1861 a
1579 1834 1623 1861 se

219 1897 431 1941 auxilium
453 1907 603 1958 petant
630 1914 638 1939 :
664 1897 747 1940 hoe
770 1913 813 1939 se
842 1896 896 1939 ab
920 1896 1044 1940 Ubiis
1071 1896 1431 1956 impetraturum.
1457 1918 1477 1938 »

281 1981 357 2023 IX.
391 1978 544 2040 Legati
574 1978 665 2021 hoec
695 1994 740 2021 se
769 1977 824 2020 ad
852 1994 953 2021 suos
979 1975 1196 2020 relaturos
1229 1976 1456 2036 dixerunt,
1483 1990 1547 2036 et,
1578 1998 1622 2024 re

219 2058 483 2116 deliberata,
514 2068 613 2114 post
638 2058 754 2102 diem
783 2059 964 2102 tertium
993 2058 1047 2101 ad
1078 2060 1295 2103 Caesarem
1327 2075 1581 2105 reversuros
1611 2080 1619 2105 z

221 2141 406 2197 interea,
431 2157 485 2184 ne
516 2140 698 2201 propius
726 2156 770 2183 56
801 2149 942 2183 castra
974 2149 1190 2196 moveret,
1214 2140 1453 2200 petierunt.
1482 2142 1550 2186 Ne
1577 2142 1619 2185 id

219 2221 398 2282 quidem
438 2223 584 2265 Caesar
609 2221 661 2264 ab
695 2237 739 2264 se
769 2221 998 2282 impetrari
1023 2237 1149 2282 posse
1178 2220 1288 2264 dixit
1313 2238 1322 2264 ε
1353 2234 1622 2283 cognoverat

219 2304 358 2355 enim,
396 2319 602 2364 magnam
636 2312 808 2364 partein
842 2303 1065 2364 equitatus
1094 2302 1147 2346 ab
1180 2302 1230 2345 iis
1264 2301 1433 2363 aliquot
1468 2303 1622 2348 diebus

219 2394 341 2441 ante,
373 2383 598 2445 praedandi
633 2383 1024 2445 frumentandique
1055 2400 1209 2440 causa⁷
1238 2382 1293 2427 ad
1324 2384 1622 2429 Ambivaritos

220 2475 342 2509 trans
385 2467 557 2508 Mosam
605 2464 793 2508 missam.
841 2467 932 2509 Hos
978 2465 1222 2526 exspectari
1263 2465 1452 2525 equites,
1491 2475 1623 2526 atque

221 2547 315 2606 ejus
336 2548 397 2591 rei
417 2563 547 2591 causa
568 2563 738 2590 moram
758 2547 999 2607 interponi,
1029 2546 1339 2590 arbitrabatur.

275 2632 332 2674 X.
369 2629 499 2672 Mosa
538 2627 717 2689 profluit
747 2645 800 2671 ex
832 2638 984 2672 monte
1014 2630 1218 2689 Vosego,
1249 2628 1325 2688 qui
1355 2637 1420 2671 est
1451 2629 1496 2671 in
1526 2627 1624 2672 fmi-

433 2717 463 2742 1.
1401 2709 1430 2754 6
