1972 3356
299 320 370 343 107.
505 309 544 343 C.
577 307 707 342 JULII
736 303 952 339 CAESARIS
983 299 1478 338 COMMENTARIORUM

295 391 559 435 nominatim
590 396 875 443 evocaverat,
908 384 1160 430 consolatus
1192 382 1549 426 Indutiomarum
1582 381 1687 424 hor-

296 481 501 530 tatusque
522 479 612 526 est,
632 469 697 513 uti
723 469 769 512 in
790 466 936 511 officio
962 472 1268 527 permaneret3
1293 460 1433 505 nihilo
1457 471 1603 505 tamen
1630 478 1692 505 se-

296 553 409 607 cius,
431 550 706 612 principibus
726 549 1015 594 Trevirorum
1037 546 1091 591 ad
1116 563 1160 590 se
1179 544 1453 600 convocatis,
1473 543 1552 586 hos
1576 542 1694 603 sigil-

295 631 421 675 latim
446 630 723 693 Cingetorigi
745 627 1000 673 conciliavit
1024 645 1032 671 :
1061 626 1181 687 quod
1206 641 1343 686 quum
1368 623 1527 667 merito
1551 623 1643 683 ejus
1670 639 1695 666 a

298 728 342 755 se
369 710 466 755 fieri
498 709 774 772 intelligebat
828 719 922 752 tum
956 707 1104 769 magni
1136 707 1345 749 interesse
1380 703 1694 759 arbitrabatur,

299 792 391 852 ejus
428 792 740 835 auctoritatem
779 790 893 833 inter
932 805 1033 832 suos
1071 803 1203 848 quam
1243 784 1488 846 plurimum
1531 782 1694 839 valere,

304 872 429 932 cujus
461 881 552 915 tam
584 872 806 933 egregiam
838 871 883 913 in
918 886 962 913 se
994 867 1272 912 voluntatem
1306 866 1612 926 perspexisset.
1642 864 1693 907 Id

304 951 471 995 factum
495 952 688 1013 graviter
714 949 817 994 tulit
843 949 1197 1003 Indutiomarus,
1222 962 1347 990 suam
1372 945 1559 1007 gratiam
1584 946 1698 988 inter

303 1047 402 1075 suos
423 1033 587 1088 minui;
612 1042 678 1086 et,
705 1032 780 1091 qui
805 1032 895 1091 jam
922 1039 1023 1073 ante
1047 1029 1228 1072 inimico
1253 1028 1298 1070 in
1322 1043 1402 1070 nos
1427 1027 1574 1069 animo
1597 1025 1699 1069 fuis-

304 1121 387 1167 set,
412 1111 552 1155 multo
580 1112 756 1172 gravius
785 1111 870 1154 hoc
894 1109 1046 1153 dolore
1072 1109 1248 1153 exarsit.

368 1193 421 1234 V.
459 1192 537 1236 His
569 1191 700 1235 rebus
740 1191 1015 1245 constitutis,
1052 1192 1199 1235 Caesar
1246 1187 1300 1231 ad
1347 1197 1527 1248 portum
1563 1188 1698 1231 Itium

304 1288 406 1315 cum
431 1271 681 1333 legionibus
709 1271 924 1332 pervenit.
951 1271 1019 1314 Ibi
1047 1270 1296 1331 cognoscit,
1326 1285 1382 1313 XL
1410 1284 1565 1323 naves,
1604 1285 1701 1328 quae

306 1352 352 1394 in
373 1350 516 1413 Belgis
535 1351 659 1396 factae
679 1361 826 1406 erant,
848 1360 1109 1412 tempestate
1129 1351 1334 1411 rejectas,
1355 1365 1533 1393 cursum
1551 1359 1701 1393 tenere

309 1447 397 1474 non
420 1432 631 1491 potuisse,
657 1440 787 1491 atque
810 1431 984 1486 eodem,
1009 1429 1126 1474 unde
1149 1440 1274 1473 erant
1296 1429 1526 1489 profectae,
1550 1446 1698 1472 rever-

310 1510 411 1553 tisse
439 1526 448 1552 :
481 1509 668 1570 reliquas
699 1520 872 1571 paratas
900 1509 956 1554 ad
986 1509 1306 1571 navigandum,
1333 1518 1466 1569 atque
1495 1509 1701 1553 omnibus

310 1589 441 1633 rebus
465 1590 702 1633 instructas
731 1591 913 1634 invenit.
939 1589 1105 1634 Eodem
1139 1590 1274 1634 totius
1300 1588 1455 1633 Galliae
1478 1590 1700 1649 equitatus

310 1670 540 1725 convenit,
564 1686 751 1713 numero
777 1669 965 1713 millium
992 1686 1054 1726 1v,
1083 1670 1394 1730 principesque
1417 1670 1623 1713 omnibus
1648 1687 1699 1713 ex

312 1748 562 1792 civitatibus
589 1766 597 1791 :
622 1766 674 1793 ex
706 1750 866 1809 quibus
898 1766 1166 1811 perpaucos,
1196 1765 1388 1809 quorum
1417 1750 1461 1792 in
1491 1766 1536 1793 se
1568 1750 1700 1793 fidem

314 1838 619 1890 perspexerat,
640 1827 888 1889 relinquere
908 1831 953 1873 in
972 1828 1116 1874 Gallia
1133 1864 1143 1883 ,
1168 1827 1359 1889 reliquos
1380 1829 1584 1874 obsidum
1609 1829 1705 1874 loco

314 1924 461 1952 secum
483 1907 642 1951 ducere
665 1908 918 1953 decreverat
933 1945 944 1966 ,
960 1909 1099 1970 quod,
1125 1925 1260 1969 quum
1286 1910 1377 1969 ipse
1398 1910 1592 1967 abesset,
1617 1928 1706 1955 mo-

317 1997 410 2032 tum
433 1985 589 2032 Galliae
612 1988 859 2032 verebatur.

380 2068 456 2112 VI.
493 2069 598 2111 Erat
626 2084 713 2111 una
739 2084 837 2112 cum
867 2069 1023 2112 ceteris
1050 2071 1302 2113 Dumnorix
1331 2069 1504 2126 aeduus,
1533 2071 1586 2115 de
1615 2088 1702 2132 quo

319 2163 343 2190 a
368 2147 493 2190 nobis
518 2157 645 2191 antea
669 2147 843 2191 dictum
872 2159 948 2192 est.
970 2151 1100 2193 Hunc
1124 2166 1272 2194 secum
1296 2151 1457 2195 habere
1481 2152 1525 2195 in
1549 2153 1702 2212 primis

319 2226 632 2278 constituerat,
666 2227 785 2287 quod
815 2244 914 2271 eum
940 2229 1150 2289 cupidum
1177 2246 1326 2273 rerum
1358 2248 1599 2289 novarum,
1626 2249 1703 2277 cu-

321 2304 472 2364 pidum
499 2306 692 2366 imperii,
725 2308 873 2368 magni
901 2308 1056 2363 animi,
1084 2325 1253 2370 magnae
1279 2311 1395 2354 inter
1421 2310 1574 2355 Gallos
1601 2328 1704 2356 auc-

323 2385 510 2427 toritatis
530 2395 807 2446 cognoverat.
827 2386 1074 2432 Accedebat
1093 2387 1199 2445 huc,
1216 2390 1334 2449 quod
1349 2392 1440 2451 jam
1459 2392 1503 2434 in
1519 2390 1703 2435 concilio

326 2463 565 2507 AEduorum
593 2464 842 2509 Dumnorix
866 2465 1036 2511 dixerat
1067 2468 1146 2511 sibi
1179 2485 1201 2511 a
1228 2472 1396 2514 Caesare
1423 2487 1607 2531 regnum
1640 2472 1702 2514 ci-

325 2543 469 2586 vitatis
508 2543 666 2587 deferri
706 2545 858 2603 :quod
892 2546 1057 2592 dictum
1089 2548 1217 2592 AEdui
1254 2551 1446 2611 graviter
1482 2550 1701 2608 ferebant,

329 2638 467 2680 neque
494 2623 721 2667 recusandi
745 2635 822 2668 aut
853 2624 1117 2686 deprecandi
1145 2646 1274 2673 causa
1304 2630 1466 2690 legatos
1490 2631 1543 2673 ad
1568 2635 1703 2676 Caesa-

327 2715 417 2743 rem
448 2702 617 2745 mittere
642 2703 871 2749 audebant.
895 2705 945 2748 Id
971 2707 1133 2751 factum
1157 2725 1206 2752 ex
1231 2710 1317 2752 suis
1342 2709 1587 2769 hospitibus
1612 2716 1702 2755 (2ae-
