1972 3356
338 208 385 253 78
549 209 588 242 C.
616 208 636 242 J
644 206 748 242 ULII
778 205 997 241 CAESARIS
1028 204 1522 241 COMMENTARIORUM

336 303 454 337 stero
478 290 549 335 die
568 289 833 352 productos,
848 288 1005 334 eodem
1019 288 1138 347 loco,
1162 305 1251 350 quo
1266 289 1568 351 superioribus
1583 290 1738 335 diebus

336 372 620 428 constiterat,
643 371 687 414 in
707 371 800 415 acie
821 368 1025 415 collocat.
1049 371 1116 415 Ne
1135 372 1282 415 Varus
1306 369 1487 431 quidem
1500 371 1647 415 Attius
1665 371 1739 416 du·

334 454 446 497 bitat
461 453 612 515 copias
626 452 874 515 producere
886 488 898 510 ,
914 453 1006 497 sive
1021 451 1287 497 sollicitandi
1305 451 1488 510 milites,
1507 453 1598 496 sive
1613 469 1735 514 aequo

337 533 434 579 loco
450 534 693 579 dimicandi
712 534 844 579 detur
860 535 1058 593 occasio,
1076 551 1130 579 ne
1146 533 1399 579 facultatem
1415 534 1737 596 praetermittat.

399 617 612 662 XXXIV.
652 619 758 661 Erat
793 615 918 661 vallis
955 617 1070 661 inter
1102 615 1210 660 duas
1254 616 1396 672 acies,
1435 624 1486 658 ut
1515 631 1650 676 supra
1670 614 1740 659 de-

337 706 636 742 monstratum
653 707 739 755 est,
765 715 854 742 non
878 698 940 742 ita
961 714 1148 759 magno,
1171 707 1249 742 aut
1269 694 1439 740 difficili
1458 705 1501 740 et
1520 694 1661 740 arduo
1676 712 1740 740 as-

333 794 480 823 censu.
505 781 631 823 Hanc
655 789 842 840 uterque
866 780 901 824 si
928 778 1285 824 adversariorum
1302 778 1440 840 copiae
1461 777 1650 821 transire
1669 793 1739 821 co-

334 870 547 905 narentur
574 862 882 923 exspectabat,
914 878 1003 923 quo
1031 862 1224 922 aequiore
1250 860 1348 905 loco
1380 859 1584 922 proelium
1623 876 1739 904 com-

334 943 542 987 mitteret.
561 942 705 988 Simul
720 943 775 986 ab
792 943 972 987 sinistro
984 959 1124 987 cornu
1137 944 1186 987 P.
1202 943 1314 987 Attii
1330 942 1553 1003 equitatus
1569 941 1714 986 omnis
1726 976 1737 998 ‚

332 1034 376 1069 et
401 1041 489 1069 una
516 1023 624 1069 levis
644 1033 881 1068 armaturae
907 1024 1126 1085 interjecti
1155 1022 1435 1085 complures,
1459 1039 1598 1083 quum
1627 1023 1738 1067 sein

334 1104 494 1150 vallem
526 1105 838 1160 demitterent,
867 1105 1181 1149 cernebantur.
1210 1103 1276 1151 Ad
1302 1120 1377 1148 eos
1404 1104 1542 1148 Curio
1569 1104 1742 1164 equita·

332 1196 455 1244 tum,
485 1196 528 1231 et
563 1186 673 1231 duas
701 1186 1063 1232 Marrucinorum
1099 1186 1303 1230 cohortes
1345 1184 1481 1229 mittit
1509 1202 1518 1228 τ
1547 1201 1740 1245 quorum

332 1269 527 1330 primum
561 1270 775 1330 impetum
811 1269 980 1330 equites
1021 1268 1217 1312 hostium
1245 1284 1336 1311 non
1379 1265 1608 1323 tulerunt,
1641 1265 1738 1321 sed,

331 1349 535 1395 admissis
571 1351 717 1411 equis,
746 1349 798 1394 ad
832 1367 934 1394 suos
963 1349 1222 1412 refugerunt
1250 1366 1259 1393 :
1285 1347 1426 1393 relicti
1456 1349 1510 1392 ab
1539 1348 1628 1403 his,
1662 1349 1739 1409 qui

331 1449 422 1477 una
453 1442 794 1494 procurrerant,
834 1431 941 1476 levis
999 1441 1232 1476 armaturae
1275 1430 1740 1475 circumveniebantur

332 1525 465 1576 atque
482 1514 865 1560 interficiebantur
877 1514 931 1558 ab
956 1515 1131 1558 nostris.
1158 1516 1259 1558 Huc
1282 1522 1375 1556 tota
1393 1513 1501 1557 Vari
1525 1528 1740 1556 conversa

332 1597 447 1641 acies
465 1612 567 1640 suos
583 1595 735 1657 fugere
746 1605 790 1639 et
808 1594 982 1639 concidi
1006 1594 1198 1638 videbat.
1220 1596 1333 1638 Tum
1349 1592 1551 1650 Rebilus,
1568 1592 1739 1655 legatus

332 1678 517 1722 Caesaris
534 1693 689 1738 ,quem
704 1677 844 1721 Curio
865 1692 1013 1721 secum
1041 1693 1094 1719 ex
1114 1674 1262 1720 Sicilia
1286 1675 1491 1732 duxerat,
1506 1675 1627 1736 quod
1647 1692 1738 1721 ma-

333 1775 470 1820 gnum
494 1759 656 1802 habere
679 1774 807 1803 usum
834 1759 877 1801 in
894 1774 941 1801 re
966 1756 1145 1800 militari
1171 1757 1364 1801 sciebat:
1387 1758 1739 1811 «perterritum,

333 1840 501 1900 inquit,
530 1839 702 1883 hostem
726 1838 874 1895 vides,
901 1839 1038 1884 Curio
1065 1856 1072 1882 :
1100 1837 1208 1899 quid
1231 1837 1406 1882 dubitas
1431 1839 1495 1882 uti
1526 1841 1739 1900 temporis

331 1920 696 1984 opportunitate?
714 1920 829 1965 »Ille
846 1938 984 1966 unum
1000 1919 1199 1965 clocutus
1214 1955 1225 1978 ,
1243 1931 1291 1964 ut
1307 1921 1520 1964 memoria
1537 1931 1740 1965 tenerent

333 2003 493 2048 milites
516 2020 589 2059 ea,
612 2020 710 2064 quae
737 2001 878 2064 pridie
907 2002 989 2047 sibi
1015 2002 1379 2059 confirmassent,
1407 2003 1526 2063 sequi
1557 2018 1648 2046 sese
1670 2002 1740 2063 ju-

332 2085 428 2141 bet,
466 2094 510 2128 et
536 2085 768 2146 praecurrit
804 2093 906 2127 ante
947 2100 1100 2127 omnes
1135 2082 1369 2144 :adeoque
1406 2093 1500 2126 erat
1529 2082 1739 2145 impedita

332 2165 481 2224 vallis,
515 2175 563 2210 ut
599 2166 643 2210 in
669 2182 876 2219 ascensu,
906 2166 990 2209 nisi
1028 2164 1243 2209 sublevati
1279 2182 1303 2209 a
1334 2165 1444 2222 suis,
1479 2166 1609 2226 primi
1647 2181 1736 2209 non

334 2246 461 2292 facile
481 2249 770 2292 eniterentur.
790 2246 875 2291 Sed
897 2257 1228 2308 praeoccupatus
1246 2248 1419 2291 animus
1447 2248 1735 2291 Attianorum

335 2328 525 2373 militum
554 2329 735 2383 timore,
764 2337 808 2373 et
833 2328 959 2389 fuga,
989 2339 1031 2372 ct
1060 2328 1177 2372 caede
1205 2345 1415 2386 suorum,
1446 2326 1555 2372 nihil
1584 2327 1637 2372 de
1664 2345 1734 2372 re-

335 2410 530 2455 sistendo
553 2411 799 2472 cogitabat,
818 2426 1057 2470 omnesque
1073 2411 1165 2471 jam
1186 2427 1230 2454 se
1250 2410 1305 2454 ab
1325 2410 1522 2470 equitatu
1543 2410 1734 2454 circum-

335 2492 475 2536 veniri
515 2492 860 2536 arbitrabantur.
897 2493 1051 2552 Itaque
1085 2493 1228 2553 prius,
1267 2508 1399 2553 quam
1440 2489 1575 2535 telum
1605 2489 1734 2551 adjici

337 2584 506 2635 posset,
537 2585 611 2619 aut
635 2574 775 2618 nostri
804 2574 986 2635 propius
1011 2574 1288 2629 accederent,
1316 2573 1460 2617 omnis
1484 2572 1591 2616 Vari
1623 2572 1736 2616 acies

338 2665 461 2717 terga
485 2657 644 2710 vertit,
668 2671 801 2716 seque
827 2655 870 2698 in
901 2665 1042 2699 castra
1069 2656 1244 2716 recepit.
