1972 3356
211 283 270 294 §aff-'VS
276 283 334 295 ΙιΑιἉ
338 283 397 295 mxx
399 283 583 295 ἱῆιὶἱῐὶἱῖνδὶἱ
586 283 646 295 m}
649 282 768 295 *xm*
772 282 892 294 ᾺἏἏΣΊ
894 284 956 295 m&
958 281 1268 296 ΚἊΜΊΝΜΊἋΜ
1270 281 1330 293 Q&
1335 281 1580 296 Mlmm*

501 480 573 548 C.
612 481 653 546 J
660 480 852 547 ULII
902 479 1298 548 CAESARIS

304 674 1493 768 COMMENTARIORUM

455 889 539 931 DE
574 889 788 931 BELLO
824 888 1314 933 ALEXANDRINO

705 1059 880 1093 LIBER
910 1060 1077 1094 UNUS.

786 1225 994 1235 *-

198 1411 231 1453 Ι.
264 1371 446 1455 BELLO
470 1407 754 1453 alexandrino
779 1407 993 1462 conflato,
1019 1409 1161 1451 Caesar
1188 1407 1347 1451 Rhodo
1375 1417 1505 1467 atque
1532 1424 1584 1451 ex

198 1490 317 1549 Syria
341 1488 581 1549 Ciliciaque
605 1505 780 1542 omnem
809 1487 987 1532 classem
1017 1488 1216 1541 arcessit3
1244 1489 1375 1532 Creta
1403 1488 1582 1548 sagitta-

198 1570 305 1625 rios,
333 1569 499 1630 equites
525 1569 578 1612 ab
611 1585 713 1630 rege
749 1568 1060 1613 Nabataeorum
1086 1566 1264 1611 Malcho
1289 1577 1467 1624 evocat3
1496 1577 1585 1611 toi·-

197 1660 344 1694 menta
364 1649 559 1710 undique
580 1650 803 1710 conquiri,
825 1660 868 1693 et
892 1648 1161 1694 frumentum
1181 1649 1319 1704 mitti,
1335 1647 1583 1709 auxiliaque

196 1729 354 1774 adduci
377 1731 513 1792 jubet.
542 1730 722 1774 Interim
751 1730 1014 1773 munitiones
1045 1729 1240 1790 quotidie
1268 1729 1475 1790 operibus
1509 1745 1584 1773 au-

198 1820 382 1872 gentur,
415 1819 545 1870 atque
572 1825 724 1853 omnes
758 1808 907 1869 oppidi
935 1820 1108 1870 partes,
1137 1825 1232 1869 quae
1264 1810 1408 1852 minus
1446 1809 1583 1852 firmae

196 1906 288 1934 esse
310 1889 585 1942 viderentur,
614 1888 907 1933 testudinibus
937 1899 1067 1948 atque
1101 1888 1308 1932 musculis
1343 1899 1579 1949 aptantur:

198 1986 249 2013 ex
273 1969 465 2014 aedificiis
491 1979 636 2013 autem
656 1985 734 2030 per
755 1968 969 2013 foramina
995 1969 1039 2012 in
1061 1970 1258 2029 proxima
1277 1969 1457 2013 aedificia
1480 1971 1585 2013 arie-

197 2060 260 2093 tes
291 2049 610 2104 immittuntur,
637 2059 936 2110 quantumque
970 2058 1045 2092 aut
1071 2050 1210 2093 ruinis
1249 2048 1472 2109 dejicitur,
1509 2061 1583 2094 aut

196 2147 275 2191 per
300 2131 388 2173 vim
413 2130 622 2190 recipitur
649 2129 761 2184 loci,
790 2131 833 2173 in
862 2139 1029 2174 tantum
1060 2130 1326 2173 munitiones
1354 2129 1584 2191 proferun-

199 2220 282 2254 tur.
308 2211 423 2254 Nam
459 2209 660 2253 incendio
691 2209 779 2253 sere
804 2219 897 2254 tuta
925 2220 988 2254 est
1016 2208 1297 2263 Alexandria,
1335 2210 1451 2270 quod
1493 2211 1583 2254 sine

198 2290 526 2350 contignatione
555 2307 604 2334 ac
627 2291 806 2334 materia
833 2300 933 2334 sunt
971 2289 1170 2345 aedificia,
1194 2300 1237 2333 et
1261 2291 1490 2334 structuris
1515 2300 1582 2334 at-

199 2387 282 2431 que
318 2370 557 2415 fornicibus
595 2371 897 2427 continentur,
932 2380 1132 2430 tectaque
1174 2380 1274 2414 sunt
1302 2370 1483 2425 rudere,
1508 2380 1583 2414 aut

196 2451 469 2511 pavimentis.
499 2452 643 2495 Caesar
681 2451 866 2495 maxime
902 2450 1129 2507 studebat,
1169 2460 1241 2506 ut,
1269 2467 1400 2510 quam
1441 2467 1581 2511 angu-

198 2531 426 2575 stissimam
453 2542 621 2591 partem
650 2531 798 2592 oppidi
824 2531 946 2592 palus
975 2548 997 2575 a
1023 2530 1204 2576 meridie
1242 2531 1462 2591 interjecta
1491 2529 1583 2573 effi-

198 2612 362 2668 ciebat,
390 2612 504 2655 hanc
530 2612 735 2672 operibus
751 2612 971 2673 vineisque
993 2611 1172 2674 agendis
1195 2610 1248 2654 ab
1277 2609 1446 2671 reliqua
1460 2620 1582 2671 parte

200 2691 318 2735 urbis
351 2692 624 2749 excluderet,
680 2691 788 2736 illud
831 2703 1048 2754 spectans,
1091 2693 1306 2753 primum,
1338 2700 1407 2747 ut,
1444 2707 1579 2751 quum

394 2789 440 2816 11.
1336 2788 1351 2816 1
1368 2788 1383 2815 1
