1972 3356
355 308 429 358 276
747 308 903 344 NOTAE
935 310 991 344 IN
1023 310 1225 346 LIBRUM
1256 311 1361 345 VIII.

821 426 884 462 IN
908 427 1145 462 LIBRUM
1169 427 1297 462 VIII.

405 527 489 563 cip.
509 528 602 563 XII.
637 528 820 574 Vem‘sco,
841 529 1020 578 principe
1048 530 1215 566 civitatis.
1243 531 1302 565 Ita
1335 529 1470 578 optimi
1500 529 1668 575 codices3
1699 530 1759 566 alii

357 590 510 626 Verucio
533 590 595 626 vel
625 590 785 627 Ver-ulio.
813 590 885 628 Hic
918 591 1082 628 Ver-timo
1105 591 1202 628 mihi
1226 592 1380 629 videtur
1405 592 1508 628 idem
1533 605 1575 628 ac
1604 592 1760 635 Ver-lico,

350 665 492 687 nomen
516 652 624 700 hujus
648 653 782 689 Nervii
804 654 1024 702 transfugae,
1044 667 1198 703 quoque
1218 655 1305 690 loco
1327 654 1408 690 nati
1426 655 1609 699 honesto,
1630 667 1673 700 V,
1694 653 1762 700 [ὥς

351 721 387 750 et
411 721 613 763 utrumque
638 716 840 764 legendum
873 717 1034 753 Vertisco
1059 724 1122 752 aut
1152 717 1319 753 Ver-aleco.
1347 717 1481 753 Oritur
1506 717 1608 753 enim
1633 729 1651 750 a
1679 712 1762 763 φέρ-

349 790 499 823 τια-κος,
517 791 612 814 voce
637 778 864 815 diminuti-sa
891 779 1046 825 φερτὸς,
1065 787 1263 827 praestans,
1284 780 1490 823 excellens,
1504 780 1563 815 vel
1587 792 1609 814 a
1633 791 1762 827 super-

349 841 464 877 lativa
491 838 715 888 φέρτιστος,
739 842 1086 890 praestantissimus,
1111 842 1459 878 excellentissimus.

403 921 488 956 cip.
515 921 658 956 XXVI.
685 922 900 956 Lemonum.
927 921 986 956 Ita
1011 920 1134 956 nostri
1159 920 1328 965 codices;
1349 920 1413 955 alii
1432 921 1641 955 Limonum.
1666 921 1761 956 Pos-

349 982 468 1019 terior
492 982 604 1018 lectio
629 982 865 1030 praeferenda
896 989 969 1027 est3
994 983 1068 1017 hoc
1093 982 1195 1017 enim
1225 995 1368 1018 nomen
1399 983 1601 1018 Ptolemaeo
1627 983 1759 1030 Λίμω-

349 1057 422 1090 νον,
443 1058 463 1079 a
483 1057 605 1093 graeco
624 1042 791 1089 Λειμὼν,
809 1052 977 1092 pratum,
998 1044 1129 1079 oritur.
1150 1046 1197 1080 Et
1220 1057 1353 1080 revera
1373 1045 1412 1080 in
1437 1045 1555 1092 pratis
1573 1045 1651 1080 haec
1670 1047 1760 1082 urbs

349 1119 431 1154 quae
451 1106 589 1142 dicitur
606 1107 724 1142 hodie
747 1107 901 1142 Poc'u'ers
926 1119 946 1141 a
967 1119 1061 1141 voce
1080 1107 1241 1149 Pictavi,
1269 1106 1309 1141 in
1333 1106 1451 1154 pratis
1470 1114 1542 1151 est,
1565 1107 1613 1142 ad
1637 1108 1759 1155 ripam

347 1168 455 1204 Clani
480 1169 541 1204 vel
567 1169 694 1212 Cleni,
720 1170 756 1204 le
783 1169 907 1204 Clain.

399 1248 485 1283 Cn.
499 1247 623 1283 XXX.
637 1247 872 1296 Drappetem
899 1263 915 1279 «
931 1245 1183 1294 Manuscripti
1207 1258 1287 1281 non
1312 1253 1440 1281 tamen
1468 1259 1618 1291 omnes,
1643 1255 1684 1283 ut
1703 1261 1760 1284 as-

345 1309 437 1346 serit
456 1308 774 1356 Oudendorpius,
793 1309 937 1344 habent
964 1308 1016 1344 ita
1037 1322 1044 1344 :
1067 1322 1155 1344 nam
1180 1316 1311 1344 noster
1330 1308 1455 1356 regius
1479 1308 1601 1355 5763,
1625 1311 1760 1360 Drap-

342 1380 488 1422 petent,
511 1378 548 1407 et
574 1371 697 1407 codex
724 1369 846 1418 5764,
871 1373 1057 1421 Drapten.
1084 1371 1221 1408 Melius
1242 1379 1368 1407 tamen
1387 1373 1632 1420 Drappeten,
1656 1373 1760 1421 cujus

344 1434 603 1469 nominativus
624 1440 678 1469 est
697 1434 888 1483 Drappes.
903 1435 990 1470 Vox
1003 1434 1270 1470 hellenismum
1290 1441 1411 1470 sonat.
1431 1450 1446 1465 »
1462 1435 1518 1470 Ita
1532 1435 1578 1470 D.
1593 1435 1759 1471 Achain-

345 1504 412 1532 tre.
427 1497 565 1544 Reipsa
589 1496 630 1532 id
654 1509 796 1532 nomen
819 1509 979 1545 graecum
1005 1504 1082 1533 est:
1100 1497 1287 1545 originem
1313 1497 1415 1533 enim
1440 1497 1575 1533 ducita
1591 1497 1760 1544 τραπὲω,

344 1571 436 1594 uvas
462 1560 584 1603 calco,
615 1555 837 1605 τραπητὴς,
861 1572 1018 1595 uvarum
1051 1560 1231 1604 calcator,
1257 1561 1318 1595 vel
1344 1572 1364 1595 a
1389 1557 1606 1606 δραπέτης,
1629 1573 1759 1597 servus

344 1620 544 1668 fugitivus,
575 1618 705 1667 ἓρτίω,
734 1621 915 1666 famulor,
945 1621 1140 1666 ministro,
1164 1621 1287 1669 fugi03
1313 1621 1552 1669 proindeque
1583 1623 1757 1659 scriben-

344 1682 434 1717 dum
458 1684 676 1732 Drapeten,
709 1696 788 1719 non
814 1691 939 1720 autem
962 1685 1184 1732 Drappeten
1209 1695 1278 1731 per
1303 1685 1493 1733 geminam
1525 1684 1688 1720 litteram
1700 1699 1754 1734 p,

344 1756 414 1781 nec
439 1746 610 1794 Drapten
637 1753 842 1782 contracte.

397 1830 482 1866 CAP.
504 1831 585 1866 XL.
617 1831 906 1865 Uxellodunum.
935 1845 949 1861 α
966 1830 1051 1865 Hoc
1077 1842 1238 1873 nomen,
1263 1829 1315 1864 ait
1340 1829 1509 1865 eruditus
1535 1830 1756 1877 Achaintre,

343 1899 383 1928 ut
407 1894 588 1940 pleraque
614 1893 738 1927 solent
762 1891 920 1927 nomina
951 1892 1127 1939 propria,
1152 1899 1330 1939 corrupte
1355 1891 1493 1939 legitur
1517 1892 1618 1940 apud
1644 1894 1754 1929 codi-

342 1967 412 1990 ces.
439 1954 513 1990 Alii
537 1955 854 1997 Auxiliodunum,
877 1953 941 1989 alii
964 1955 1084 1989 multo
1105 1955 1231 2002 plures
1256 1954 1532 1989 Uxelludonum
1550 1955 1611 1990 vel
1642 1957 1756 1991 Uaeel-

342 2018 531 2053 lodunum.
563 2019 703 2053 Noster
738 2017 860 2052 codex
891 2016 1016 2065 regius
1050 2015 1151 2065 5794
1190 2017 1439 2060 Velodunum,
1477 2017 1581 2064 quod
1612 2030 1753 2054 nomen

341 2081 478 2116 nullibi
504 2080 554 2116 ita
580 2080 761 2128 scriptum
786 2079 988 2115 invenio.»
1025 2080 1302 2115 Uxellodunum
1334 2086 1389 2114 est
1418 2078 1537 2114 hodie
1567 2081 1603 2115 le
1627 2081 1754 2116 Puecl!

341 2155 390 2179 ou
417 2145 452 2178 le
477 2144 565 2190 Puy
588 2144 773 2186 d’Issolu,
810 2149 849 2177 ut
876 2141 915 2177 id
948 2142 1002 2177 Cl.
1029 2141 1229 2177 D'Anville
1255 2141 1462 2177 certissime
1491 2141 1693 2187 stabilivit,
1718 2151 1754 2178 et

340 2205 507 2242 nominis
528 2205 737 2241 similitudo
759 2204 903 2250 innuit3
929 2217 1145 2253 nomenque
1170 2204 1280 2251 hujus
1305 2203 1440 2252 oppidi
1464 2204 1634 2252 undique
1660 2217 1754 2253 prae-

338 2268 461 2315 rupti,
493 2268 615 2304 adhuc
645 2280 806 2315 graecum
837 2275 903 2303 est.
937 2270 967 2303 Α
991 2266 1150 2303 vocibus
1184 2267 1286 2303 enim
1312 2265 1372 2303 Givv
1402 2268 1464 2304 vel
1495 2264 1566 2313 etv,
1592 2267 1752 2310 dunum,

339 2343 493 2365 acervus
503 2358 512 2374 ,
528 2331 696 2365 cumulus
706 2358 715 2375 ,
729 2329 838 2365 collis
852 2343 1072 2375 armamus,
1087 2337 1123 2366 et
1137 2323 1301 2376 ὑψηλὸς,
1314 2331 1409 2366 altus
1420 2358 1430 2376 ‚
1445 2330 1583 2376 editus,
1597 2342 1753 2378 compo-

338 2393 440 2428 nitur
464 2394 526 2428 vel
552 2392 757 2438 conflatur,
778 2400 960 2440 sonatque
975 2394 1126 2428 Danum
1144 2395 1280 2437 altum,
1297 2394 1358 2429 vel
1383 2392 1504 2429 arduo
1523 2405 1699 2437 ascensu,
1714 2399 1752 2427 ut

339 2455 389 2491 ait
415 2455 570 2491 Hirtius.
594 2457 743 2491 Nomen
768 2462 892 2490 autem
917 2455 1148 2491 hodiernum
1173 2458 1297 2492 Issolu
1317 2469 1337 2491 a
1358 2455 1480 2504 priori
1498 2467 1592 2491 voce
1616 2455 1751 2490 Ila-ello

339 2517 478 2564 oritur3
499 2520 534 2554 le
557 2518 686 2555 Puech
711 2532 732 2554 a
749 2519 928 2567 podium,
956 2519 1091 2555 eodem
1117 2531 1228 2554 sensu
1259 2531 1301 2555 ac
1325 2520 1487 2554 Dunum.
1513 2516 1750 2553 Scriberetur

339 2581 454 2629 igitur
480 2582 618 2618 rectius
644 2581 979 2630 Hypsellodunum.

1099 2635 1300 2671 ELIGIUS
1326 2632 1638 2670 JOHANNEAU.

758 2752 874 2781 FtNts
905 2752 974 2781 PR!
984 2754 1035 2781 Mt
1070 2753 1340 2784 γΟΙᾸΥΜῙΝῙὸ.
