1972 3356
616 225 682 261 DE
713 223 874 260 BELLO
902 223 1059 260 CIVILI
1090 223 1184 259 LIB.
1213 223 1282 259 111.
1574 236 1645 270 107

251 310 450 356 deductis
479 311 746 372 Pergamum
785 318 917 370 atque
952 309 997 353 in
1031 306 1398 370 locupletissimas
1433 308 1564 353 urbes
1600 309 1645 352 in

249 392 435 437 hiberna
465 390 737 453 legionibus,
753 391 969 435 maximas
997 387 1257 452 largitiones
1275 388 1462 446 fecit,et
1487 389 1648 436 confir-

249 474 517 519 mandorum
539 471 731 518 militum
755 489 889 517 causa
910 470 1188 532 diripiendas
1213 472 1264 515 iis
1286 472 1486 517 civitates
1511 471 1646 517 dedit.

312 557 505 600 XXXII.
536 555 722 599 Interim
751 553 1034 598 acerbissime
1064 553 1290 614 imperatae
1324 554 1522 613 pecuniae
1554 563 1649 599 tota

248 637 475 700 provincia
511 635 801 697 exigebantur
834 651 843 677 ε
883 632 1021 679 multa
1056 642 1271 696 praeterea
1308 635 1554 696 generatim
1589 634 1646 679 ad

248 719 477 764 avaritiam
513 715 891 778 excogitabantur.
930 716 983 759 In
1020 714 1164 776 capita
1200 712 1377 776 singula
1416 730 1647 759 servorum

248 817 299 846 ac
320 799 560 844 liberorum
585 797 803 842 tributum
827 796 1138 858 imponebatur
1159 813 1168 840 :
1190 794 1487 853 columnaria,
1512 796 1648 841 ostia-

246 882 338 937 ria,
376 880 678 935 frumentum,
716 877 906 936 milites,
945 878 1160 940 remiges,
1199 894 1348 935 arma,
1391 887 1615 922 tormenta
1638 914 1648 932 ‚

244 972 435 1007 vecturae
460 961 793 1024 imperabantur
820 979 829 1006 :
859 961 985 1023 cujus
1014 959 1135 1005 modi
1168 960 1232 1005 rei
1262 976 1425 1005 nomen
1461 960 1646 1022 reperiri

244 1054 441 1106 poterat,
464 1043 549 1088 hoc
575 1044 680 1088 satis
709 1060 800 1088 esse
825 1042 880 1088 ad
906 1041 1127 1106 cogendas
1157 1044 1367 1104 pecunias
1396 1042 1643 1088 videbatur.

245 1127 351 1172 Non
377 1124 519 1170 solum
545 1125 756 1182 urbibus,
780 1125 855 1170 sed
884 1142 997 1188 pene
1023 1125 1131 1169 vicis
1157 1123 1434 1186 castellisque
1463 1124 1649 1188 singulis

246 1225 348 1252 cum
376 1208 564 1270 imperio
597 1207 968 1270 praeficiebantur.
998 1207 1091 1265 Qui
1122 1207 1284 1252 horum
1316 1206 1424 1268 quid
1452 1207 1648 1252 acerbis·

246 1290 355 1334 sime
381 1288 776 1351 crudelissimeque
802 1288 988 1346 fecerat,
1012 1291 1046 1334 is
1079 1299 1123 1334 et
1156 1289 1223 1333 vir
1249 1299 1292 1333 et
1317 1289 1426 1334 civis
1452 1290 1650 1350 optimus

245 1369 505 1415 habebatur.
525 1373 629 1415 Erat
651 1369 780 1432 plena
798 1370 1006 1415 lictorum
1024 1382 1068 1416 et
1087 1372 1377 1433 imperiorum
1398 1371 1649 1432 provincia3

244 1451 419 1496 differta
449 1452 664 1514 praefectis
692 1462 823 1514 atque
847 1453 1157 1510 exactoribus,
1188 1454 1292 1514 qui,
1322 1462 1482 1513 praeter
1510 1453 1650 1514 impe-

229 1543 360 1577 ratas
381 1534 615 1594 pecunia3‚
634 1550 714 1579 suo
732 1535 864 1578 etiam
886 1534 1060 1595 privato
1080 1533 1346 1596 compendio
1367 1533 1619 1578 serviebant
1640 1551 1649 1577 z

242 1614 510 1659 dictitabant
535 1616 651 1660 enim
670 1651 681 1672 ‚
714 1632 785 1670 se,
816 1614 950 1660 domo
980 1616 1214 1678 patriaque
1244 1613 1478 1677 expulsos,
1507 1616 1650 1659 omni-

240 1695 324 1741 bus
358 1698 614 1742 necessariis
653 1714 782 1759 egere
811 1698 974 1754 rebus,
1009 1708 1058 1742 ut
1094 1698 1279 1742 honesta
1313 1697 1650 1759 praescriptione

241 1793 337 1821 rem
362 1778 663 1839 turpissimam
687 1788 902 1840 tegerent.
930 1778 1218 1823 Accedebant
1243 1778 1299 1822 ad
1324 1779 1417 1824 haec
1443 1779 1652 1840 gravissi-

242 1874 325 1902 mae
346 1874 512 1915 usurae,
533 1858 651 1920 quod
678 1860 723 1903 in
747 1857 864 1904 bello
889 1858 1154 1920 plerumque
1175 1859 1377 1904 accidere
1395 1859 1649 1913 consuevit,

243 1940 460 1984 universis
489 1940 716 2002 imperatis
742 1941 942 2002 pecuniis
968 1957 976 1984 :
1004 1941 1165 2002 quibus
1193 1941 1237 1985 in
1271 1940 1402 1985 rebus
1434 1939 1650 2001 prolatio·

243 2037 345 2066 nem
377 2021 464 2066 diei
492 2021 779 2067 donationem
813 2039 906 2067 esse
933 2022 1155 2068 dicebant.
1185 2024 1342 2084 Itaque
1371 2039 1428 2067 aes
1455 2021 1649 2067 alienum

242 2103 485 2164 provinciae
518 2120 571 2149 eo
606 2103 790 2149 biennio
821 2103 1167 2166 multiplicatum
1206 2113 1285 2148 est.
1312 2105 1471 2165 Neque
1500 2105 1649 2148 minus

243 2183 302 2228 ob
330 2201 426 2229 eam
461 2201 639 2230 causam
667 2186 837 2230 civibus
862 2187 1058 2231 romanis
1089 2186 1184 2247 ejus
1210 2187 1474 2248 provinciae,
1498 2185 1574 2231 sed
1600 2187 1645 2230 in

244 2264 443 2328 singulos
470 2277 719 2312 conventus
746 2266 1031 2330 singulasque
1058 2269 1259 2313 civitates
1288 2278 1417 2312 certae
1446 2268 1647 2330 pecuniae

245 2346 608 2409 imperabantur,
642 2358 910 2412 mutuasque
953 2349 1048 2395 illas
1084 2367 1138 2394 ex
1165 2351 1208 2395 S.
1241 2351 1290 2396 C.
1316 2350 1435 2411 exigi
1472 2349 1650 2394 dictita-

241 2427 350 2473 bant
370 2446 379 2474 :
401 2428 672 2491 publicanis,
695 2431 761 2475 uti
784 2431 830 2476 in
853 2431 978 2494 Syria
1002 2431 1222 2487 fecerant,
1244 2432 1519 2493 insequentis
1542 2431 1647 2476 anui

241 2509 433 2574 vectigal
464 2522 771 2573 promutuum.

306 2593 520 2638 XXXIII.
545 2595 766 2640 Praeterea
788 2594 950 2657 Ephesi
973 2612 997 2641 a
1021 2595 1126 2642 fano
1147 2597 1304 2642 Dianae
1326 2594 1553 2658 depositas
1575 2611 1651 2639 an-

245 2672 431 2733 tiquitus
465 2677 677 2737 pecunias
709 2677 858 2738 Scipio
895 2675 990 2723 tolli
1027 2678 1241 2740 jubebat,
1270 2687 1528 2739 ceterasque
1558 2676 1652 2738 ejus
