1972 3356
611 226 680 262 DE
710 227 874 263 BELLO
906 228 1059 264 CIVILI
1089 229 1182 264 LIB.
1210 230 1260 264 II.
1592 245 1640 280 79

298 313 485 357 XXXV.
512 311 614 369 Qua
640 313 686 357 in
711 311 816 376 fuga
840 312 1001 358 Fabius
1027 313 1238 378 Pelignus
1262 314 1470 378 quidam,
1493 333 1544 361 ex
1572 317 1640 362 in-

231 392 347 437 fimis
369 393 602 438 ordinibus
623 393 676 438 de
694 395 889 439 exercitu
917 396 1147 454 Curionis,
1172 397 1367 458 primum
1388 414 1546 460 agmen
1568 398 1638 444 su-

230 475 447 536 gientium
470 485 751 532 consecutus,
783 491 943 537 magna
970 493 1078 521 voce
1096 479 1268 522 Varum
1284 480 1463 524 nomine
1485 479 1638 542 appel-

230 556 325 601 lans
353 555 626 617 requirebat,
654 556 719 599 uti
746 572 860 600 unus
890 573 982 601 esse
1008 574 1062 601 ex
1088 559 1182 619 ejus
1210 558 1446 618 militibus,
1473 571 1517 605 et
1544 579 1639 606 mo-

230 655 334 682 nere
361 636 531 698 aliquid
565 635 678 683 velle
703 653 754 683 ac
781 637 927 682 dicere
960 638 1200 683 videretur.
1228 641 1319 685 Ubi
1351 640 1448 697 ille,
1481 644 1639 704 saepius

228 718 505 783 appellatuS,
534 721 703 781 aspexit
728 737 779 764 ac
808 720 990 778 restitit,
1015 730 1084 778 et,
1112 721 1211 782 quis
1244 731 1383 779 esset,
1417 733 1494 767 aut
1529 725 1636 785 quid

227 800 384 856 vellet,
412 802 613 862 quaesivit
628 837 638 859 ,
655 801 893 846 humerum
920 812 1124 864 apertum
1145 801 1292 865 gladio
1315 805 1509 866 appetit,
1531 822 1640 868 pau·

228 881 410 944 lumque
436 882 603 940 abfuit,
628 885 735 945 quin
769 886 944 930 Varum
979 884 1251 930 interficeret
1278 902 1287 930 :
1318 886 1439 947 quod
1468 885 1541 932 ille
1566 905 1641 949 pe-

227 964 439 1023 riculum,
461 965 634 1011 sublato
661 966 717 1011 ad
737 967 828 1029 ejus
853 977 1061 1012 conatum
1085 978 1234 1026 scuto,
1253 968 1424 1013 vitavit.
1448 970 1612 1014 Fabius
1628 1006 1639 1028 ,

227 1065 250 1092 a
275 1049 489 1110 proximis
519 1048 732 1094 militibus
759 1050 1115 1108 circumventus,
1143 1049 1420 1095 interficitur.
1450 1054 1546 1097 Hac
1570 1052 1640 1097 fu-

228 1131 445 1194 gientium
485 1130 773 1176 multitudine
818 1149 868 1177 ac
899 1132 1029 1176 turba
1067 1141 1206 1194 portae
1233 1142 1481 1177 castrorum
1512 1151 1641 1179 occu-

227 1223 413 1275 pantur,
441 1223 572 1274 atque
597 1214 679 1258 iter
707 1213 970 1276 impeditur;
1000 1212 1237 1276 pluresque
1262 1215 1308 1259 in
1331 1231 1382 1259 eo
1410 1213 1508 1260 loco
1544 1217 1639 1261 sine

227 1294 439 1352 vulnere,
472 1311 609 1356 quam
652 1296 696 1340 in
734 1294 889 1357 proelio
921 1306 997 1340 aut
1040 1296 1165 1358 fuga,
1204 1297 1430 1341 intereunt
1458 1314 1640 1359 :neque

226 1376 415 1422 multum
438 1376 601 1432 abfuit,
629 1378 738 1438 quin
759 1378 891 1422 etiam
913 1378 1067 1422 castris
1090 1376 1444 1439 expellerentur3
1465 1396 1514 1423 ac
1534 1396 1640 1424 non-

226 1457 337 1503 nulli
366 1459 572 1520 protinus
603 1459 756 1504 codem
789 1477 923 1505 cursu
958 1460 1003 1503 in
1044 1459 1262 1521 oppidum
1295 1461 1636 1506 contenderunt.

225 1539 309 1585 Sed
334 1557 473 1602 quum
496 1539 579 1585 loci
606 1551 767 1586 natura
785 1551 827 1586 et
845 1542 1035 1586 munitio
1059 1550 1308 1585 castrorum
1336 1541 1506 1586 aditum
1535 1559 1639 1604 pro-

225 1622 430 1679 hibebat,
452 1632 566 1681 tum,
591 1623 712 1685 quod
738 1623 792 1667 ad
817 1622 1022 1685 proelium
1049 1624 1211 1685 egressi
1237 1624 1450 1668 Curionis
1474 1622 1638 1669 milites

225 1705 279 1750 iis
297 1705 430 1749 rebus
462 1704 739 1767 indigebant,
768 1722 867 1767 quae
892 1705 947 1750 ad
975 1705 1359 1767 oppugnationem
1388 1716 1635 1752 castrorum

226 1796 354 1831 erant
367 1786 480 1830 usui.
501 1788 660 1848 Itaque
677 1788 816 1833 Curio
842 1787 1086 1831 exercitum
1109 1787 1153 1830 in
1172 1796 1314 1830 castra
1333 1787 1530 1846 reducit,
1547 1791 1637 1833 suis

227 1869 434 1913 omnibus
461 1878 620 1930 praeter
641 1869 826 1913 Fabium
852 1866 1174 1925 incolumibus,
1196 1884 1249 1912 ex
1272 1885 1459 1913 numero
1483 1869 1639 1915 adver·

227 1951 447 1995 sariorum
469 1951 644 1995 circiter
657 1966 716 1996 Dc
737 1949 977 1995 interfectis
993 1985 1004 2007 ,
1026 1967 1077 1994 ac
1105 1948 1225 1994 mille
1254 1949 1496 1995 vulneratis
1524 1969 1533 1995 τ
1561 1954 1636 2014 qui

227 2049 408 2089 omnes,
434 2032 626 2077 discessu
642 2033 875 2089 Curionis,
901 2031 1120 2093 multique
1144 2041 1385 2095 praeterea,
1412 2049 1491 2094 per
1509 2034 1638 2078 simu-

226 2113 437 2158 lationem
474 2113 706 2158 vulnerum
726 2149 737 2171 ,
779 2131 832 2158 ex
867 2115 1020 2158 castris
1049 2114 1094 2158 in
1121 2113 1337 2175 oppidum
1375 2124 1558 2176 propter
1586 2117 1638 2159 ti-

229 2211 399 2240 morem
430 2212 522 2240 sese
561 2196 795 2258 recipiunt.
825 2196 926 2254 Qua
951 2212 999 2240 re
1024 2195 1361 2254 animadversa,
1389 2199 1536 2242 Varus
1555 2231 1566 2253 ,
1594 2207 1638 2242 et

229 2288 398 2323 terrore
418 2279 637 2323 exercitus
663 2279 869 2340 cognito,
895 2278 1183 2323 buccinatore
1206 2278 1249 2322 in
1278 2279 1434 2323 castris
1460 2288 1502 2323 et
1529 2296 1638 2341 pau-

229 2363 290 2406 cis
314 2359 366 2404 ad
395 2361 584 2422 speciem
613 2358 909 2405 tabernaculis
938 2358 1127 2414 relictis,
1158 2359 1212 2404 de
1238 2360 1366 2404 tertia
1398 2359 1549 2423 vigilia
1579 2362 1635 2405 si-

230 2441 366 2487 lentio
402 2443 641 2487 exercitum
671 2442 714 2486 in
743 2441 957 2504 oppidum
994 2441 1179 2487 reducit.

294 2524 705 2569 XXXVI.Postero
726 2522 797 2568 die
812 2559 824 2583 ,
842 2524 981 2569 Curio
1007 2525 1185 2569 Uticam
1204 2523 1428 2579 obsidere,
1453 2533 1496 2568 et
1520 2521 1635 2568 vallo

230 2606 575 2652 circummunire
605 2606 810 2651 instituit.
845 2608 951 2652 Erat
977 2608 1022 2652 in
1052 2605 1218 2668 oppido
1246 2604 1486 2650 multitudo
1524 2605 1636 2650 inso-

232 2687 327 2734 lens
355 2687 481 2745 belli,
510 2686 803 2734 diuturnitate
839 2689 940 2746 otii3
974 2689 1205 2734 Uticenses
1245 2705 1328 2749 pro
1368 2686 1634 2749 quibusdam
