1972 3356
530 190 597 224 DE
629 191 791 225 BELLO
821 190 976 224 CIVILI
1005 189 1097 224 LIB.
1122 189 1191 224 111.
1489 185 1558 229 145

170 272 405 333 Pompeius
434 272 521 316 suis
548 272 830 333 praedixerat,
861 282 909 316 ut
935 273 1120 316 Caesaris
1153 272 1364 332 impetum
1393 270 1556 330 excipe-

171 361 289 407 rent,
319 368 427 397 neve
452 369 495 397 se
518 351 615 398 loco
641 363 895 407 moverent,
918 352 1145 413 aciemque
1160 352 1254 412 ejus
1273 350 1455 395 distrahi
1480 367 1558 412 pa-

170 442 368 477 terentur
394 451 403 477 :
435 432 567 493 idque
603 433 832 477 admonitu
862 435 911 476 C.
941 433 1100 476 Triarii
1128 431 1280 476 fecisse
1311 431 1560 487 dicebatur,

171 523 220 557 ut
246 515 412 574 primus
439 530 645 558 excursus
669 515 821 573 visque
848 512 1037 556 militum
1069 511 1409 572 infringeretur,
1430 513 1561 556 acies-

171 612 256 655 que
279 593 621 651 distenderetur,
649 603 782 654 atque
813 593 858 637 in
883 593 972 637 suis
995 591 1224 637 ordinibus
1253 591 1452 653 dispositi
1477 591 1561 636 dis-

169 691 319 736 persos
356 673 635 719 adorirentur
664 691 673 717 ε
699 673 927 734 leniusque
956 688 1111 717 casura
1146 671 1233 733 pila
1268 672 1491 733 sperabat,
1516 673 1560 716 in

169 754 265 800 loco
292 754 472 799 retentis
509 752 743 807 militibus,
773 770 905 814 quam
932 754 966 797 si
1006 753 1089 814 ipsi
1129 753 1333 796 immissis
1361 750 1456 796 telis
1484 768 1559 797 oc-

168 835 406 879 currissent
444 832 611 878 :simul
653 834 767 891 fore,
807 844 878 891 ut,
920 833 1145 895 duplicato
1185 849 1346 891 cursu,
1375 833 1560 878 Caesaris

167 913 323 959 milites
347 916 718 973 exanimarentur,
741 925 783 960 et
797 914 1056 960 lassitudine
1070 914 1407 960 conficerentur.
1423 913 1560 973 Quod

168 995 293 1040 nobis
318 995 494 1056 quidem
528 994 650 1040 nulla
680 997 850 1041 ratione
883 997 1044 1041 factum
1072 1013 1093 1040 a
1121 997 1332 1057 Pompeio
1363 995 1559 1048 videtur,

166 1086 399 1137 propterea
421 1077 540 1137 quod
554 1087 618 1122 est
639 1076 840 1139 quaedam
867 1078 1002 1122 animi
1032 1077 1233 1121 incitatio
1247 1086 1378 1138 atque
1401 1075 1559 1120 alacri-

166 1167 230 1202 tas
259 1157 518 1202 naturaliter
556 1159 705 1203 innata
741 1159 971 1215 omnibus,
997 1174 1094 1219 quae
1137 1157 1282 1202 studio
1308 1174 1467 1219 pugnae
1496 1157 1560 1202 in-

166 1238 381 1283 cenditur.
416 1241 540 1284 Hanc
565 1256 653 1283 non
691 1241 952 1301 reprimere,
987 1239 1062 1283 sed
1086 1254 1248 1301 augere
1275 1239 1560 1299 imperatores

167 1318 354 1374 debent;
373 1336 513 1380 neque
536 1318 696 1364 frustra
719 1321 960 1381 antiquitus
986 1320 1238 1364 institutum
1257 1328 1343 1375 est,
1365 1328 1414 1362 ut
1436 1319 1559 1380 signa

167 1399 362 1460 undique
391 1401 697 1455 concinerent,
724 1400 1050 1461 clamoremque
1085 1401 1277 1444 universi
1312 1397 1518 1443 tollerent
1550 1417 1559 1442 :

165 1480 326 1540 quibus
347 1481 478 1525 rebus
504 1490 546 1525 et
574 1481 722 1525 hostes
751 1482 927 1536 terreri,
950 1490 993 1525 et
1013 1497 1114 1525 suos
1143 1481 1318 1524 incitari
1341 1480 1561 1524 existima-

164 1570 336 1605 verunt.

228 1643 391 1688 XCIII.
429 1642 513 1687 Sed
541 1644 681 1687 nostri
708 1642 888 1700 milites,
916 1643 1019 1687 dato
1046 1643 1197 1704 signo,
1228 1659 1365 1704 quum
1391 1641 1559 1687 infestis

165 1721 265 1784 pilis
287 1724 692 1785 procucurrissent,
723 1733 853 1784 atque
874 1722 1314 1779 animadvertissent,
1339 1740 1428 1768 non
1456 1740 1560 1768 con-

165 1805 284 1848 curri
315 1821 341 1849 a
376 1804 679 1866 Pompeianis,
705 1820 785 1848 usu
813 1804 965 1865 periti,
996 1819 1046 1847 ac
1072 1803 1375 1864 superioribus
1397 1804 1559 1865 pugnis

165 1885 415 1940 exercitati,
451 1901 528 1929 sua
563 1894 719 1947 sponte
745 1901 922 1929 cursum
953 1894 1279 1946 represserunt,
1315 1893 1359 1928 et
1394 1884 1449 1928 ad
1473 1900 1562 1928 me·

167 1964 288 2008 dium
323 1964 412 2010 fere
446 1967 635 2027 spatium
668 1966 980 2019 constiterunt,
1007 1981 1060 2009 ne
1081 1966 1357 2026 consumptis
1391 1964 1559 2009 viribus

166 2046 598 2107 appropinquarent,
627 2062 855 2109 parvoque
884 2047 1131 2091 intermisso
1159 2047 1368 2108 temporis
1390 2047 1560 2107 spatio,

167 2143 218 2170 ac
255 2143 407 2171 rursus
434 2138 646 2172 renovato
677 2144 827 2184 cursu,
860 2127 947 2190 pila
971 2127 1208 2185 miserunt,
1245 2126 1560 2188 celeriterque,

167 2216 216 2251 ut
244 2217 337 2251 erat
362 2218 628 2270 praeceptum
644 2225 668 2253 a
692 2210 885 2265 Caesare,
908 2207 1076 2270 gladios
1094 2208 1384 2252 strinxerunt.
1403 2209 1561 2269 Neque

167 2304 272 2331 vero
299 2289 557 2350 Pompeiani
581 2289 682 2333 huic
701 2290 764 2334 rei
801 2288 1036 2334 defuerunt
1065 2306 1074 2332 :
1109 2305 1212 2333 nam
1250 2298 1292 2332 et
1317 2287 1401 2333 tela
1429 2289 1560 2333 missa

167 2380 456 2430 exceperunt,
486 2379 531 2414 et
561 2371 774 2431 impetum
806 2368 1030 2432 legionum
1066 2367 1287 2425 tulerunt,
1314 2378 1358 2413 et
1384 2368 1560 2413 ordines

167 2460 562 2506 conservaverunt,
599 2450 785 2512 pilisque
815 2452 982 2508 missis,
1023 2449 1079 2494 ad
1112 2449 1278 2512 gladios
1314 2448 1557 2494 redierunt.

169 2530 334 2575 Eodem
370 2541 567 2592 tempore
597 2532 763 2593 equites
790 2531 844 2576 ab
876 2532 1052 2576 sinistro
1077 2530 1274 2593 Pompeii
1318 2546 1484 2585 cornu,
1513 2538 1561 2573 ut

172 2620 265 2654 erat
309 2612 594 2673 imperatum,
646 2613 839 2658 universi
886 2622 1286 2674 procucurrerunt,
1328 2611 1560 2670 omnisque

362 2709 408 2737 ιι.
1321 2708 1376 2738 lo
