1972 3356
566 220 632 256 DE
662 220 828 255 BELLO
857 219 1013 255 CIVILI
1041 218 1133 254 LIB.
1162 217 1230 253 111.
1528 217 1596 262 ¹37

208 306 394 368 pristina
433 321 510 350 sua
553 304 894 361 consuetudine,
933 303 1052 366 quod
1090 319 1176 347 una
1216 302 1258 346 in
1301 300 1444 347 Gallia
1486 301 1597 347 bella

209 397 456 449 gesserant,
484 403 558 431 seu
579 385 718 448 gloria
742 385 868 441 elati,
896 394 1079 442 cuncta,
1108 393 1158 428 ut
1175 393 1301 428 erant
1318 394 1442 441 acta,
1463 400 1598 445 expo-

211 478 423 525 suerunt,
451 478 495 512 et
513 467 696 512 Caesaris
720 465 1042 528 profectionem
1071 474 1113 509 et
1137 464 1376 508 adventum
1397 466 1595 526 Pompeii

209 548 468 594 docuerunt.
502 551 540 593 A
573 547 732 609 quibus
767 547 992 590 Domitius
1032 546 1194 590 certior
1233 545 1396 601 factus,
1434 547 1510 590 vix
1550 563 1596 591 iv

209 630 420 674 horarum
451 629 590 690 spatio
619 626 906 683 antecedens,
937 626 1132 670 hostium
1166 625 1380 670 beneficio
1418 627 1593 688 pericu-

210 710 300 755 lum
323 710 499 766 vitavit,
525 719 565 754 et
585 708 640 753 ad
659 708 883 769 AEginium
899 743 910 764 ,
937 706 1058 768 quod
1085 716 1150 751 est
1176 706 1398 768 objectum
1420 709 1596 770 opposi-

208 802 386 853 tumque
411 789 670 848 Thessaliae,
697 790 856 835 Caesari
883 789 1076 833 venienti
1104 789 1309 833 occurrit.

267 874 450 917 LXXX.
478 872 730 933 Conjuncto
754 871 975 927 exercitu,
1004 872 1150 916 Caesar
1180 870 1411 932 Gomphos
1442 887 1595 932 perve-

204 954 299 1010 nit,
335 952 455 1015 quod
487 962 553 998 est
581 952 794 1016 oppidum
825 953 1019 1015 primum
1051 950 1286 997 Thessaliae
1317 952 1593 997 venientibus

202 1033 256 1078 ab
283 1036 444 1096 Epiro,
474 1052 571 1096 quae
599 1051 705 1096 gens
732 1035 880 1096 paucis
901 1044 1003 1078 ante
1030 1033 1253 1078 mensibus
1282 1032 1400 1077 ultro
1422 1033 1476 1077 ad
1503 1036 1595 1078 Cae-

202 1132 343 1160 sarem
370 1115 535 1178 legatos
555 1117 757 1173 miserat,
790 1126 837 1160 ut
860 1117 949 1160 suis
967 1115 1173 1159 omnibus
1193 1112 1474 1159 facultatibus
1498 1125 1594 1159 ute-

201 1206 338 1254 retur,
386 1198 724 1259 praesidiumque
764 1198 818 1242 ab
862 1214 914 1242 eo
951 1196 1141 1241 militum
1181 1196 1380 1258 petierat.
1419 1196 1502 1241 Sed
1541 1214 1593 1241 eo

204 1278 318 1323 fama
341 1279 432 1340 jam
454 1288 769 1340 praecurrerat,
797 1296 931 1340 quam
962 1295 1094 1340 supra
1123 1277 1378 1331 docuimus,
1399 1276 1453 1321 de
1481 1295 1594 1339 proe-

202 1357 261 1404 lio
298 1359 586 1423 dyrrachfflo,
625 1360 744 1423 quod
783 1359 931 1405 multis
971 1369 1152 1404 auxerat
1187 1359 1399 1420 partibus.
1440 1361 1594 1420 Itaque

200 1440 547 1499 Androsthenes,
566 1452 727 1504 praetor
749 1440 1003 1499 Thessaliae,
1025 1457 1162 1502 quum
1187 1456 1232 1484 se
1257 1440 1450 1484 victoriae
1470 1442 1593 1484 Pom-

200 1523 286 1584 peii
319 1523 524 1568 comitem
557 1540 650 1568 esse
680 1521 856 1578 mallet,
886 1538 1015 1583 quam
1052 1521 1221 1565 socium
1246 1521 1428 1565 Caesaris
1454 1522 1497 1565 in
1527 1539 1594 1565 re-

199 1602 281 1648 bus
313 1603 526 1660 adversis,
557 1621 734 1649 omnem
771 1620 823 1648 ex
855 1603 971 1665 agris
1002 1600 1330 1646 multitudinem
1363 1619 1590 1646 servorum

199 1700 250 1729 ac
275 1683 513 1730 liberorum
541 1686 585 1730 in
612 1684 826 1748 oppidum
852 1685 996 1746 cogit,
1023 1693 1259 1745 portasque
1277 1683 1526 1745 praecludit,
1552 1696 1593 1729 et

199 1765 255 1811 ad
282 1767 534 1829 Scipionem
557 1768 906 1828 Pompeiumque
934 1765 1114 1808 nuntios
1144 1765 1302 1821 mittit,
1327 1775 1376 1808 ut
1395 1765 1474 1809 sibi
1496 1766 1594 1810 sub-

201 1847 312 1892 sidio
339 1849 542 1904 veniant3
570 1864 614 1892 se
641 1846 864 1892 confidere
897 1845 1219 1889 munitionibus
1254 1845 1434 1906 oppidi,
1462 1847 1494 1890 si
1524 1863 1592 1890 ce-

202 1928 348 1974 leriter
385 1939 670 1974 succurratur
706 1946 715 1973 :
756 1927 1044 1990 longinquam
1084 1927 1460 1988 oppugnationem
1497 1944 1591 1972 sus-

201 2011 342 2055 tinere
377 2028 467 2056 non
500 2028 640 2073 posse.
677 2011 849 2072 Scipio,
888 2009 1078 2054 discessu
1111 2009 1383 2053 exercituum
1419 2026 1442 2054 a
1483 2011 1595 2071 Dyr-

202 2092 353 2136 rachio
381 2093 589 2154 cognito‚
612 2092 832 2137 Larissam
853 2090 1047 2153 legiones
1065 2089 1334 2135 adduxerat:
1357 2092 1593 2152 Pompeius

203 2172 402 2218 nondum
427 2172 661 2219 Thessaliae
688 2173 1088 2235 appropinquabat.
1120 2174 1279 2229 Caesar,
1310 2173 1464 2216 castris
1499 2189 1595 2217 mu-

204 2254 330 2312 nitis,
372 2254 509 2300 scalas
544 2254 853 2316 musculosque
887 2253 941 2299 ad
984 2255 1257 2317 repentinam
1301 2255 1594 2316 oppugnatio-

205 2352 303 2380 nem
329 2335 446 2394 fieri,
474 2346 518 2381 et
543 2346 682 2381 crates
708 2337 852 2398 parari
878 2337 1020 2398 jussit.
1045 2335 1221 2393 Quibus
1244 2335 1376 2380 rebus
1401 2335 1593 2392 effectis,

203 2417 458 2462 cohortatus
492 2417 652 2463 milites
679 2417 854 2475 docuit,
882 2428 1137 2480 «quantum
1165 2434 1291 2461 usum
1325 2417 1507 2462 haberet
1539 2417 1593 2461 ad

203 2498 514 2545 sublevandam
560 2500 758 2544 omnium
800 2516 948 2545 rerum
994 2500 1212 2561 inopiam,
1249 2499 1380 2561 potiri
1427 2497 1593 2560 oppido

206 2579 335 2642 pleno
366 2591 499 2644 atque
534 2581 772 2644 opulento;
802 2582 930 2628 simul
962 2582 1141 2644 reliquis
1176 2582 1427 2626 civitatibus
1462 2582 1594 2643 hujus

207 2662 325 2708 urbis
362 2663 561 2727 exemplo
599 2664 758 2709 inferre
799 2675 1039 2720 terrorem;
1077 2675 1120 2710 et
1155 2664 1197 2708 id
1241 2664 1336 2708 fieri
1378 2662 1596 2719 celeriter,
