1972 3356
361 316 431 347 118
564 314 603 349 C.
634 311 763 348 JULII
794 308 1009 344 CAESARIS
1040 308 1534 346 COMMENTARIORUM

357 397 492 438 mitur
511 395 670 456 vigiliis
688 393 855 454 reliqua
874 409 975 454 pars
994 394 1153 448 noctis,
1172 410 1306 452 quum
1327 410 1404 437 sua
1421 395 1604 454 quisque
1620 393 1742 437 miles

356 475 734 535 circumspiceret,
763 474 870 534 quid
898 490 1047 517 secum
1077 483 1255 533 portare
1281 483 1448 533 posset,
1472 472 1580 534 quid
1605 490 1656 516 ex
1681 474 1743 516 in-

355 563 598 598 strumento
622 554 909 598 hibernorum
941 552 1188 614 relinquere
1215 563 1461 614 cogeretur.
1487 554 1650 598 Omnia
1671 570 1743 597 ex-

355 635 625 695 cogitantur,
654 651 789 695 quare
823 651 904 678 nec
940 634 1033 677 sine
1066 633 1262 694 periculo
1295 644 1550 691 maneatur,
1583 643 1624 677 et
1658 633 1745 676 lan-

353 730 490 774 guore
506 713 717 771 militum,
739 724 782 758 et
798 713 959 774 vigiliis
974 713 1219 775 periculum
1239 724 1464 775 augeatur.
1479 714 1627 759 Prima
1647 713 1745 757 luce

352 794 412 838 sic
435 811 486 838 ex
511 796 662 838 castris
686 794 1053 855 proficiscuntur,
1079 803 1127 836 ut
1147 793 1307 853 quibus
1331 804 1443 837 esset
1461 810 1743 854 persuasum,

352 891 440 917 non
464 874 517 917 ab
541 875 688 931 hoste,
708 874 783 918 sed
803 874 857 917 ab
875 875 1054 917 homine
1074 873 1336 917 amicissimo
1361 874 1620 934 Ambiorige
1639 890 1745 917 con-

354 953 501 998 silium
530 954 706 1009 datum,
735 954 992 1015 longissimo
1023 955 1217 1015 agmine,
1246 954 1536 1013 maximisque
1562 953 1746 1014 impedi-

351 1036 525 1079 mentis.

414 1118 601 1161 XXXII.
638 1118 695 1160 At
724 1115 890 1172 hostes,
918 1124 1205 1175 posteaquam
1235 1131 1288 1157 ex
1316 1124 1536 1157 nocturno
1569 1114 1745 1157 fremitu

352 1195 601 1257 vigiliisque
624 1195 677 1239 de
694 1195 966 1256 profectione
987 1211 1139 1238 eorum
1160 1204 1387 1237 senserunt
1405 1229 1415 1248 ,
1437 1193 1663 1238 collocatis
1683 1195 1746 1237 in-

351 1275 471 1318 sidiis
496 1276 709 1336 bipartito
734 1276 777 1318 in
802 1274 920 1318 silvis
946 1284 1195 1335 opportune
1219 1284 1350 1334 atque
1372 1273 1548 1319 occulto
1571 1273 1669 1319 loco
1685 1310 1695 1330 ‚
1722 1292 1746 1318 a

352 1354 547 1400 millibus
576 1372 783 1417 passuum
818 1355 992 1399 circiter
1021 1354 1212 1411 duobus,
1250 1357 1552 1399 Romanorum
1583 1355 1744 1398 adven-

357 1445 448 1479 tum
477 1436 791 1496 exspectabant
816 1452 825 1478 ε
856 1444 919 1490 et,
950 1451 1086 1495 quum
1113 1452 1157 1478 se
1184 1436 1325 1495 major
1356 1452 1455 1495 pars
1484 1436 1670 1496 agminis
1697 1437 1742 1479 in

353 1531 558 1576 magnam
580 1513 826 1559 convallem
845 1514 1087 1559 demisisset
1103 1549 1113 1570 ,
1129 1531 1181 1558 ex
1199 1525 1386 1575 utraque
1404 1525 1526 1576 parte
1546 1516 1639 1576 ejus
1657 1514 1746 1559 val-

354 1595 405 1640 lis
443 1596 588 1639 subito
628 1612 671 1639 se
709 1595 995 1639 ostenderunt
1012 1631 1023 1651 ,
1061 1596 1409 1655 novissimosque
1445 1612 1664 1656 premere,
1701 1606 1744 1639 et

354 1677 517 1737 primos
565 1676 799 1737 prohibere
848 1693 1050 1730 ascensu,
1090 1686 1221 1735 atque
1267 1676 1541 1736 iniquissimo
1586 1678 1744 1720 nostris

354 1756 451 1801 loco
479 1756 685 1818 proelium
711 1757 987 1800 committere
1010 1767 1251 1817 coeperunt.

415 1840 631 1882 XXXIII.
650 1840 764 1881 Tum
781 1837 956 1880 demum
970 1837 1186 1893 Titurius,
1202 1846 1251 1880 ut
1269 1837 1343 1896 qui
1359 1835 1467 1879 nihil
1483 1847 1584 1880 ante
1599 1838 1745 1897 provi-

354 1919 506 1973 disset,
522 1917 761 1978 trepidare,
775 1933 1036 1961 concursare
1052 1951 1063 1972 ,-
1078 1917 1369 1976 cohortesque
1386 1916 1637 1977 disponere;
1652 1917 1743 1960 haec

355 2008 500 2042 tamen
522 1999 614 2060 ipsa
636 1997 806 2054 timide,
826 2007 956 2058 atque
979 2007 1027 2040 ut
1048 2014 1149 2040 eum
1169 1998 1315 2040 omnia
1341 1997 1526 2040 deficere
1543 1997 1744 2040 videren-

355 2089 425 2123 tur
449 2097 458 2123 :
484 2079 602 2140 quod
629 2078 888 2139 plerumque
912 2080 962 2121 iis
986 2077 1180 2122 accidere
1207 2079 1454 2130 consuevit,
1475 2078 1550 2138 qui
1578 2078 1621 2120 in
1646 2078 1742 2137 ipso

356 2161 531 2221 negotio
560 2159 794 2203 consilium
823 2176 978 2220 capere
1003 2169 1237 2220 coguntur.
1264 2162 1323 2203 At
1349 2161 1498 2214 Cotta,
1522 2159 1596 2219 qui
1622 2159 1740 2218 cogi-

355 2251 506 2297 tasset,
531 2241 622 2284 haec
643 2257 765 2303 posse
785 2242 828 2284 in
852 2242 1008 2284 itinere
1035 2241 1252 2297 accidere,
1285 2250 1415 2300 atque
1438 2240 1493 2283 ob
1519 2256 1614 2283 eam
1643 2255 1742 2282 cau-

355 2338 445 2364 sam
465 2321 747 2381 profectionis
771 2331 923 2364 auctor
943 2337 1033 2364 non
1054 2320 1224 2375 fuisset,
1244 2319 1363 2364 nulla
1388 2321 1432 2364 in
1450 2337 1497 2364 re
1516 2320 1739 2363 communi

356 2399 484 2444 saluti
510 2400 678 2457 deerat,
703 2411 746 2445 et
770 2403 814 2444 in
832 2399 1103 2462 appellandis
1121 2401 1491 2461 cohortandisque
1509 2399 1738 2454 militibus,

356 2482 655 2541 imperatoris;
674 2492 717 2525 et
735 2483 778 2524 in
797 2498 965 2543 pugna,
981 2480 1131 2525 militis
1147 2481 1289 2525 officia
1305 2481 1551 2542 praestabat.
1567 2481 1740 2537 Quum—

357 2578 440 2620 que
472 2572 655 2623 propter
683 2561 1007 2623 longitudinem
1042 2563 1228 2622 agminis
1262 2563 1406 2605 minus
1433 2560 1557 2604 facile
1584 2577 1663 2620 per
1695 2578 1738 2604 sc

358 2643 503 2686 omnia
522 2643 668 2698 obire,
693 2653 758 2698 et,
779 2643 884 2703 quid
904 2659 1077 2703 quoque
1095 2642 1191 2686 loco
1214 2642 1462 2686 faciendum
1483 2650 1591 2684 esset
1605 2676 1616 2695 ‚
1638 2658 1738 2701 pro-

360 2721 502 2765 videre
533 2733 728 2782 possent,
754 2724 977 2783 jusserunt
1006 2725 1309 2784 pronuntiare,
1342 2732 1387 2765 ut
1426 2722 1737 2782 impedimenta
