<?xml version="1.0" encoding="UTF-8"?>
<!DOCTYPE html PUBLIC "-//W3C//DTD XHTML 1.0 Transitional//EN"
    "http://www.w3.org/TR/xhtml1/DTD/xhtml1-transitional.dtd">
<html xmlns="http://www.w3.org/1999/xhtml" xml:lang="en" lang="en">
 <head>
  <title>
</title>
<meta http-equiv="Content-Type" content="text/html;charset=utf-8" />
  <meta name='ocr-system' content='tesseract 3.04.00' />
  <meta name='ocr-capabilities' content='ocr_page ocr_carea ocr_par ocr_line ocrx_word'/>
</head>
<body>
  <div class='ocr_page' id='page_1' title='image "./operajoh0102caesuoft_0145.png"; bbox 0 0 1972 3356; ppageno 0'>
   <div class='ocr_carea' id='block_1_1' title="bbox 606 245 1656 285">
    <p class='ocr_par' dir='ltr' id='par_1_1' title="bbox 606 245 1656 285">
     <span class='ocr_line' id='line_1_1' title="bbox 606 245 1656 285; baseline -0.005 -2"><span class='ocrx_word' id='word_1_1' title='bbox 606 249 670 283; x_wconf 79' lang='lat' dir='ltr'>DE</span> <span class='ocrx_word' id='word_1_2' title='bbox 702 249 862 285; x_wconf 78' lang='lat' dir='ltr'><strong>BELLO</strong></span> <span class='ocrx_word' id='word_1_3' title='bbox 891 249 1107 285; x_wconf 76' lang='lat' dir='ltr'><strong>GALLICO</strong></span> <span class='ocrx_word' id='word_1_4' title='bbox 1138 248 1228 282; x_wconf 85' lang='lat' dir='ltr'>LIB.</span> <span class='ocrx_word' id='word_1_5' title='bbox 1255 247 1297 280; x_wconf 89' lang='lat' dir='ltr'>V.</span> <span class='ocrx_word' id='word_1_6' title='bbox 1587 245 1656 278; x_wconf 76' lang='lat'>123</span> 
     </span>
    </p>
   </div>
   <div class='ocr_carea' id='block_1_2' title="bbox 248 331 1665 2675">
    <p class='ocr_par' dir='ltr' id='par_1_2' title="bbox 248 331 1664 1696">
     <span class='ocr_line' id='line_1_2' title="bbox 249 331 1658 394; baseline -0.006 -15"><span class='ocrx_word' id='word_1_7' title='bbox 249 351 359 379; x_wconf 86' lang='lat' dir='ltr'>rone</span> <span class='ocrx_word' id='word_1_8' title='bbox 386 331 629 391; x_wconf 85' lang='lat' dir='ltr'>habebant,</span> <span class='ocrx_word' id='word_1_9' title='bbox 667 332 862 394; x_wconf 87' lang='lat' dir='ltr'>colloqui</span> <span class='ocrx_word' id='word_1_10' title='bbox 891 349 983 377; x_wconf 92' lang='lat' dir='ltr'>sese</span> <span class='ocrx_word' id='word_1_11' title='bbox 1012 331 1123 376; x_wconf 87' lang='lat' dir='ltr'>velle</span> <span class='ocrx_word' id='word_1_12' title='bbox 1148 331 1317 375; x_wconf 89' lang='lat' dir='ltr'>dicunt.</span> <span class='ocrx_word' id='word_1_13' title='bbox 1348 331 1481 373; x_wconf 86' lang='lat' dir='ltr'>Facta</span> <span class='ocrx_word' id='word_1_14' title='bbox 1511 338 1658 389; x_wconf 77' lang='lat' dir='ltr'>potes-</span> 
     </span>
     <span class='ocr_line' id='line_1_3' title="bbox 251 414 1658 476; baseline -0.006 -16"><span class='ocrx_word' id='word_1_15' title='bbox 251 426 364 472; x_wconf 86' lang='lat' dir='ltr'>tate,</span> <span class='ocrx_word' id='word_1_16' title='bbox 388 415 563 473; x_wconf 88' lang='lat' dir='ltr'>eadem,</span> <span class='ocrx_word' id='word_1_17' title='bbox 582 432 678 476; x_wconf 78' lang='lat' dir='ltr'>quae</span> <span class='ocrx_word' id='word_1_18' title='bbox 696 414 928 459; x_wconf 79' lang='lat' dir='ltr'>Ambiorix</span> <span class='ocrx_word' id='word_1_19' title='bbox 949 430 1052 457; x_wconf 89' lang='lat' dir='ltr'>cum</span> <span class='ocrx_word' id='word_1_20' title='bbox 1070 414 1244 456; x_wconf 88' lang='lat' dir='ltr'>Titurio</span> <span class='ocrx_word' id='word_1_21' title='bbox 1263 420 1434 473; x_wconf 84' lang='lat' dir='ltr'>egerat,</span> <span class='ocrx_word' id='word_1_22' title='bbox 1461 426 1658 454; x_wconf 84' lang='lat' dir='ltr'>comme-</span> 
     </span>
     <span class='ocr_line' id='line_1_4' title="bbox 250 491 1660 541; baseline -0.005 -1"><span class='ocrx_word' id='word_1_23' title='bbox 250 507 427 540; x_wconf 86' lang='lat' dir='ltr'>morant</span> <span class='ocrx_word' id='word_1_24' title='bbox 457 515 465 539; x_wconf 92' lang='lat'>:</span> <span class='ocrx_word' id='word_1_25' title='bbox 498 516 518 536; x_wconf 87' lang='lat'>«</span> <span class='ocrx_word' id='word_1_26' title='bbox 552 498 745 540; x_wconf 85' lang='lat' dir='ltr'><strong>Omnem</strong></span> <span class='ocrx_word' id='word_1_27' title='bbox 786 511 879 539; x_wconf 89' lang='lat' dir='ltr'>esse</span> <span class='ocrx_word' id='word_1_28' title='bbox 915 494 961 537; x_wconf 91' lang='lat' dir='ltr'>in</span> <span class='ocrx_word' id='word_1_29' title='bbox 994 493 1128 537; x_wconf 83' lang='lat' dir='ltr'>armis</span> <span class='ocrx_word' id='word_1_30' title='bbox 1159 491 1377 541; x_wconf 65' lang='lat' dir='ltr'>Galliam</span> <span class='ocrx_word' id='word_1_31' title='bbox 1410 492 1660 536; x_wconf 84' lang='lat' dir='ltr'>Germanos</span> 
     </span>
     <span class='ocr_line' id='line_1_5' title="bbox 249 571 1660 634; baseline -0.004 -13"><span class='ocrx_word' id='word_1_32' title='bbox 249 578 457 622; x_wconf 90' lang='lat' dir='ltr'>Rhenum</span> <span class='ocrx_word' id='word_1_33' title='bbox 489 577 717 631; x_wconf 86' lang='lat' dir='ltr'>transisse;</span> <span class='ocrx_word' id='word_1_34' title='bbox 749 575 934 621; x_wconf 84' lang='lat' dir='ltr'>Caesaris</span> <span class='ocrx_word' id='word_1_35' title='bbox 963 573 1329 634; x_wconf 90' lang='lat' dir='ltr'>reliquorumque</span> <span class='ocrx_word' id='word_1_36' title='bbox 1363 571 1547 616; x_wconf 88' lang='lat' dir='ltr'>hiberna</span> <span class='ocrx_word' id='word_1_37' title='bbox 1581 589 1660 633; x_wconf 88' lang='lat' dir='ltr'>op-</span> 
     </span>
     <span class='ocr_line' id='line_1_6' title="bbox 251 652 1657 719; baseline -0.004 -17"><span class='ocrx_word' id='word_1_38' title='bbox 251 658 453 719; x_wconf 85' lang='lat' dir='ltr'>pugnari.</span> <span class='ocrx_word' id='word_1_39' title='bbox 483 677 503 698; x_wconf 88' lang='lat'>»</span> <span class='ocrx_word' id='word_1_40' title='bbox 528 656 715 701; x_wconf 86' lang='lat' dir='ltr'>Addunt</span> <span class='ocrx_word' id='word_1_41' title='bbox 741 656 874 699; x_wconf 88' lang='lat' dir='ltr'>etiam</span> <span class='ocrx_word' id='word_1_42' title='bbox 900 655 953 699; x_wconf 91' lang='lat' dir='ltr'>de</span> <span class='ocrx_word' id='word_1_43' title='bbox 983 655 1135 699; x_wconf 89' lang='lat' dir='ltr'>Sabini</span> <span class='ocrx_word' id='word_1_44' title='bbox 1165 662 1324 697; x_wconf 87' lang='lat' dir='ltr'>morte.</span> <span class='ocrx_word' id='word_1_45' title='bbox 1351 652 1657 714; x_wconf 78' lang='lat' dir='ltr'>Ambiorigem</span> 
     </span>
     <span class='ocr_line' id='line_1_7' title="bbox 249 734 1657 793; baseline -0.005 -10"><span class='ocrx_word' id='word_1_46' title='bbox 249 747 473 783; x_wconf 83' lang='lat' dir='ltr'>ostentant</span> <span class='ocrx_word' id='word_1_47' title='bbox 501 737 604 782; x_wconf 89' lang='lat' dir='ltr'>fidei</span> <span class='ocrx_word' id='word_1_48' title='bbox 633 736 850 781; x_wconf 76' lang='lat' dir='ltr'>faciundae</span> <span class='ocrx_word' id='word_1_49' title='bbox 876 753 1006 781; x_wconf 87' lang='lat' dir='ltr'>causa</span> <span class='ocrx_word' id='word_1_50' title='bbox 1033 754 1041 780; x_wconf 94' lang='lat'>:</span> <span class='ocrx_word' id='word_1_51' title='bbox 1070 755 1090 777; x_wconf 78' lang='grc' dir='ltr'>α</span> <span class='ocrx_word' id='word_1_52' title='bbox 1115 751 1264 780; x_wconf 86' lang='lat' dir='ltr'>errare</span> <span class='ocrx_word' id='word_1_53' title='bbox 1293 751 1387 793; x_wconf 89' lang='lat' dir='ltr'>eos,</span> <span class='ocrx_word' id='word_1_54' title='bbox 1414 734 1591 790; x_wconf 88' lang='lat' dir='ltr'>dicunt,</span> <span class='ocrx_word' id='word_1_55' title='bbox 1623 735 1657 777; x_wconf 78' lang='lat' dir='ltr'>si</span> 
     </span>
     <span class='ocr_line' id='line_1_8' title="bbox 248 814 1660 881; baseline -0.003 -19"><span class='ocrx_word' id='word_1_56' title='bbox 248 818 493 881; x_wconf 84' lang='lat' dir='ltr'>quidquam</span> <span class='ocrx_word' id='word_1_57' title='bbox 519 820 574 863; x_wconf 89' lang='lat' dir='ltr'>ab</span> <span class='ocrx_word' id='word_1_58' title='bbox 605 819 674 863; x_wconf 87' lang='lat' dir='ltr'>his</span> <span class='ocrx_word' id='word_1_59' title='bbox 702 818 896 880; x_wconf 75' lang='lat' dir='ltr'>praesidii</span> <span class='ocrx_word' id='word_1_60' title='bbox 929 827 1133 879; x_wconf 86' lang='lat' dir='ltr'>sperent,</span> <span class='ocrx_word' id='word_1_61' title='bbox 1160 817 1236 878; x_wconf 93' lang='lat' dir='ltr'>qui</span> <span class='ocrx_word' id='word_1_62' title='bbox 1265 816 1354 861; x_wconf 90' lang='lat' dir='ltr'>suis</span> <span class='ocrx_word' id='word_1_63' title='bbox 1384 815 1515 859; x_wconf 90' lang='lat' dir='ltr'>rebus</span> <span class='ocrx_word' id='word_1_64' title='bbox 1545 814 1660 858; x_wconf 84' lang='lat' dir='ltr'>diffi-</span> 
     </span>
     <span class='ocr_line' id='line_1_9' title="bbox 249 897 1663 961; baseline -0.004 -17"><span class='ocrx_word' id='word_1_65' title='bbox 249 901 378 957; x_wconf 89' lang='lat' dir='ltr'>dant;</span> <span class='ocrx_word' id='word_1_66' title='bbox 400 918 492 946; x_wconf 91' lang='lat' dir='ltr'>sese</span> <span class='ocrx_word' id='word_1_67' title='bbox 515 911 662 945; x_wconf 82' lang='lat' dir='ltr'>tamen</span> <span class='ocrx_word' id='word_1_68' title='bbox 681 900 766 944; x_wconf 90' lang='lat' dir='ltr'>hoc</span> <span class='ocrx_word' id='word_1_69' title='bbox 786 917 879 944; x_wconf 89' lang='lat' dir='ltr'>esse</span> <span class='ocrx_word' id='word_1_70' title='bbox 904 901 949 943; x_wconf 88' lang='lat' dir='ltr'>in</span> <span class='ocrx_word' id='word_1_71' title='bbox 974 900 1239 945; x_wconf 79' lang='lat' dir='ltr'>Ciceronem</span> <span class='ocrx_word' id='word_1_72' title='bbox 1265 897 1573 961; x_wconf 86' lang='lat' dir='ltr'>populumque</span> <span class='ocrx_word' id='word_1_73' title='bbox 1599 914 1663 940; x_wconf 88' lang='lat' dir='ltr'>ro-</span> 
     </span>
     <span class='ocr_line' id='line_1_10' title="bbox 249 980 1661 1039; baseline -0.004 -13"><span class='ocrx_word' id='word_1_74' title='bbox 249 1000 432 1029; x_wconf 86' lang='lat' dir='ltr'>manum</span> <span class='ocrx_word' id='word_1_75' title='bbox 468 984 638 1039; x_wconf 86' lang='lat' dir='ltr'>animo,</span> <span class='ocrx_word' id='word_1_76' title='bbox 685 991 733 1026; x_wconf 86' lang='lat' dir='ltr'>ut</span> <span class='ocrx_word' id='word_1_77' title='bbox 769 980 880 1026; x_wconf 88' lang='lat' dir='ltr'>nihil</span> <span class='ocrx_word' id='word_1_78' title='bbox 913 982 995 1025; x_wconf 90' lang='lat' dir='ltr'>nisi</span> <span class='ocrx_word' id='word_1_79' title='bbox 1032 981 1218 1025; x_wconf 88' lang='lat' dir='ltr'>hiberna</span> <span class='ocrx_word' id='word_1_80' title='bbox 1262 989 1486 1035; x_wconf 80' lang='lat' dir='ltr'>recusent,</span> <span class='ocrx_word' id='word_1_81' title='bbox 1528 988 1661 1039; x_wconf 86' lang='lat' dir='ltr'>atque</span> 
     </span>
     <span class='ocr_line' id='line_1_11' title="bbox 252 1059 1662 1109; baseline -0.004 -1"><span class='ocrx_word' id='word_1_82' title='bbox 252 1064 367 1108; x_wconf 88' lang='lat' dir='ltr'>hane</span> <span class='ocrx_word' id='word_1_83' title='bbox 393 1065 714 1109; x_wconf 83' lang='lat' dir='ltr'>inveterascere</span> <span class='ocrx_word' id='word_1_84' title='bbox 740 1063 1109 1108; x_wconf 71' lang='lat' dir='ltr'>consuetudinem</span> <span class='ocrx_word' id='word_1_85' title='bbox 1133 1061 1278 1107; x_wconf 87' lang='lat' dir='ltr'>nolint</span> <span class='ocrx_word' id='word_1_86' title='bbox 1299 1078 1308 1104; x_wconf 71' lang='grc' dir='ltr'>ε</span> <span class='ocrx_word' id='word_1_87' title='bbox 1336 1061 1468 1106; x_wconf 86' lang='lat' dir='ltr'>licere</span> <span class='ocrx_word' id='word_1_88' title='bbox 1488 1059 1572 1104; x_wconf 76' lang='lat' dir='ltr'>illis</span> <span class='ocrx_word' id='word_1_89' title='bbox 1598 1061 1662 1103; x_wconf 89' lang='lat' dir='ltr'>in-</span> 
     </span>
     <span class='ocr_line' id='line_1_12' title="bbox 252 1143 1661 1206; baseline -0.003 -17"><span class='ocrx_word' id='word_1_90' title='bbox 252 1144 498 1190; x_wconf 89' lang='lat' dir='ltr'>columibus</span> <span class='ocrx_word' id='word_1_91' title='bbox 523 1163 601 1206; x_wconf 84' lang='lat' dir='ltr'>per</span> <span class='ocrx_word' id='word_1_92' title='bbox 628 1162 672 1189; x_wconf 90' lang='lat' dir='ltr'>se</span> <span class='ocrx_word' id='word_1_93' title='bbox 698 1162 751 1189; x_wconf 76' lang='lat' dir='ltr'>ex</span> <span class='ocrx_word' id='word_1_94' title='bbox 779 1145 977 1189; x_wconf 89' lang='lat' dir='ltr'>hibernis</span> <span class='ocrx_word' id='word_1_95' title='bbox 1006 1143 1249 1200; x_wconf 78' lang='lat' dir='ltr'>discedere,</span> <span class='ocrx_word' id='word_1_96' title='bbox 1279 1153 1340 1199; x_wconf 86' lang='lat' dir='ltr'>et,</span> <span class='ocrx_word' id='word_1_97' title='bbox 1370 1158 1661 1204; x_wconf 87' lang='lat' dir='ltr'>quascunque</span> 
     </span>
     <span class='ocr_line' id='line_1_13' title="bbox 253 1223 1660 1288; baseline -0.003 -18"><span class='ocrx_word' id='word_1_98' title='bbox 253 1228 296 1270; x_wconf 90' lang='lat' dir='ltr'>in</span> <span class='ocrx_word' id='word_1_99' title='bbox 313 1237 461 1288; x_wconf 89' lang='lat' dir='ltr'>partes</span> <span class='ocrx_word' id='word_1_100' title='bbox 478 1226 630 1283; x_wconf 57' lang='lat' dir='ltr'>velint,</span> <span class='ocrx_word' id='word_1_101' title='bbox 642 1228 734 1271; x_wconf 89' lang='lat' dir='ltr'>sine</span> <span class='ocrx_word' id='word_1_102' title='bbox 751 1237 873 1270; x_wconf 87' lang='lat' dir='ltr'>metu</span> <span class='ocrx_word' id='word_1_103' title='bbox 890 1226 1126 1287; x_wconf 74' lang='lat' dir='ltr'>proficisci.</span> <span class='ocrx_word' id='word_1_104' title='bbox 1139 1225 1324 1271; x_wconf 85' lang='lat' dir='ltr'>»Cicero</span> <span class='ocrx_word' id='word_1_105' title='bbox 1339 1223 1393 1268; x_wconf 87' lang='lat' dir='ltr'>ad</span> <span class='ocrx_word' id='word_1_106' title='bbox 1409 1224 1502 1268; x_wconf 82' lang='lat' dir='ltr'>haee</span> <span class='ocrx_word' id='word_1_107' title='bbox 1520 1239 1660 1267; x_wconf 89' lang='lat' dir='ltr'>unum</span> 
     </span>
     <span class='ocr_line' id='line_1_14' title="bbox 254 1303 1661 1370; baseline -0.003 -18"><span class='ocrx_word' id='word_1_108' title='bbox 254 1309 386 1353; x_wconf 90' lang='lat' dir='ltr'>modo</span> <span class='ocrx_word' id='word_1_109' title='bbox 411 1309 639 1370; x_wconf 82' lang='lat' dir='ltr'>respondit</span> <span class='ocrx_word' id='word_1_110' title='bbox 672 1326 680 1352; x_wconf 91' lang='lat'>:</span> <span class='ocrx_word' id='word_1_111' title='bbox 710 1328 729 1348; x_wconf 87' lang='lat'>«</span> <span class='ocrx_word' id='word_1_112' title='bbox 759 1309 861 1353; x_wconf 92' lang='lat' dir='ltr'>Non</span> <span class='ocrx_word' id='word_1_113' title='bbox 886 1325 979 1352; x_wconf 91' lang='lat' dir='ltr'>esse</span> <span class='ocrx_word' id='word_1_114' title='bbox 1006 1306 1377 1351; x_wconf 86' lang='lat' dir='ltr'>consuetudinem</span> <span class='ocrx_word' id='word_1_115' title='bbox 1405 1303 1559 1367; x_wconf 89' lang='lat' dir='ltr'>populi</span> <span class='ocrx_word' id='word_1_116' title='bbox 1588 1321 1661 1348; x_wconf 93' lang='lat' dir='ltr'>ro-</span> 
     </span>
     <span class='ocr_line' id='line_1_15' title="bbox 259 1387 1660 1451; baseline -0.004 -17"><span class='ocrx_word' id='word_1_117' title='bbox 259 1392 402 1448; x_wconf 86' lang='lat' dir='ltr'>mani,</span> <span class='ocrx_word' id='word_1_118' title='bbox 436 1390 569 1434; x_wconf 87' lang='lat' dir='ltr'>ullam</span> <span class='ocrx_word' id='word_1_119' title='bbox 611 1391 811 1451; x_wconf 86' lang='lat' dir='ltr'>accipere</span> <span class='ocrx_word' id='word_1_120' title='bbox 856 1389 909 1432; x_wconf 89' lang='lat' dir='ltr'>ab</span> <span class='ocrx_word' id='word_1_121' title='bbox 954 1389 1080 1432; x_wconf 87' lang='lat' dir='ltr'>hoste</span> <span class='ocrx_word' id='word_1_122' title='bbox 1123 1397 1295 1431; x_wconf 83' lang='lat' dir='ltr'>armato</span> <span class='ocrx_word' id='word_1_123' title='bbox 1337 1387 1660 1442; x_wconf 73' lang='lat' dir='ltr'>conditionem3</span> 
     </span>
     <span class='ocr_line' id='line_1_16' title="bbox 254 1467 1664 1530; baseline -0.002 -16"><span class='ocrx_word' id='word_1_124' title='bbox 254 1471 290 1514; x_wconf 89' lang='lat' dir='ltr'>si</span> <span class='ocrx_word' id='word_1_125' title='bbox 314 1471 368 1514; x_wconf 88' lang='lat' dir='ltr'>ab</span> <span class='ocrx_word' id='word_1_126' title='bbox 396 1472 530 1515; x_wconf 85' lang='lat' dir='ltr'>armis</span> <span class='ocrx_word' id='word_1_127' title='bbox 558 1470 783 1515; x_wconf 86' lang='lat' dir='ltr'>discedere</span> <span class='ocrx_word' id='word_1_128' title='bbox 812 1469 971 1527; x_wconf 86' lang='lat' dir='ltr'>velint,</span> <span class='ocrx_word' id='word_1_129' title='bbox 1001 1487 1045 1514; x_wconf 86' lang='lat' dir='ltr'>sc</span> <span class='ocrx_word' id='word_1_130' title='bbox 1074 1469 1278 1530; x_wconf 87' lang='lat' dir='ltr'>adjutore</span> <span class='ocrx_word' id='word_1_131' title='bbox 1306 1478 1515 1525; x_wconf 88' lang='lat' dir='ltr'>utantur,</span> <span class='ocrx_word' id='word_1_132' title='bbox 1547 1467 1664 1529; x_wconf 81' lang='lat' dir='ltr'>lega-</span> 
     </span>
     <span class='ocr_line' id='line_1_17' title="bbox 256 1550 1663 1614; baseline -0.002 -17"><span class='ocrx_word' id='word_1_133' title='bbox 256 1560 412 1614; x_wconf 89' lang='lat' dir='ltr'>tosque</span> <span class='ocrx_word' id='word_1_134' title='bbox 440 1552 494 1596; x_wconf 88' lang='lat' dir='ltr'>ad</span> <span class='ocrx_word' id='word_1_135' title='bbox 524 1554 743 1597; x_wconf 82' lang='lat' dir='ltr'>Caesarem</span> <span class='ocrx_word' id='word_1_136' title='bbox 781 1552 983 1607; x_wconf 84' lang='lat' dir='ltr'>mittant;</span> <span class='ocrx_word' id='word_1_137' title='bbox 1013 1568 1211 1613; x_wconf 79' lang='lat' dir='ltr'>sperare,</span> <span class='ocrx_word' id='word_1_138' title='bbox 1242 1568 1322 1613; x_wconf 88' lang='lat' dir='ltr'>pro</span> <span class='ocrx_word' id='word_1_139' title='bbox 1352 1552 1445 1613; x_wconf 90' lang='lat' dir='ltr'>ejus</span> <span class='ocrx_word' id='word_1_140' title='bbox 1470 1550 1663 1612; x_wconf 85' lang='lat' dir='ltr'>justitia,</span> 
     </span>
     <span class='ocr_line' id='line_1_18' title="bbox 251 1634 1005 1696; baseline -0.003 -18"><span class='ocrx_word' id='word_1_141' title='bbox 251 1650 346 1695; x_wconf 58' lang='lat' dir='ltr'>quse</span> <span class='ocrx_word' id='word_1_142' title='bbox 372 1635 601 1696; x_wconf 80' lang='lat' dir='ltr'>petierint,</span> <span class='ocrx_word' id='word_1_143' title='bbox 632 1634 962 1695; x_wconf 84' lang='lat' dir='ltr'>impetraturos.</span> <span class='ocrx_word' id='word_1_144' title='bbox 985 1654 1005 1675; x_wconf 91' lang='lat'>»</span> 
     </span>
    </p>

    <p class='ocr_par' dir='ltr' id='par_1_3' title="bbox 251 1712 1665 2675">
     <span class='ocr_line' id='line_1_19' title="bbox 317 1712 1664 1777; baseline -0.002 -17"><span class='ocrx_word' id='word_1_145' title='bbox 317 1718 458 1760; x_wconf 89' lang='lat' dir='ltr'>XLII.</span> <span class='ocrx_word' id='word_1_146' title='bbox 492 1716 561 1760; x_wconf 85' lang='lat' dir='ltr'>Ab</span> <span class='ocrx_word' id='word_1_147' title='bbox 590 1716 672 1760; x_wconf 85' lang='lat' dir='ltr'>hac</span> <span class='ocrx_word' id='word_1_148' title='bbox 701 1732 776 1777; x_wconf 89' lang='lat' dir='ltr'>spe</span> <span class='ocrx_word' id='word_1_149' title='bbox 806 1714 972 1776; x_wconf 88' lang='lat' dir='ltr'>repulsi</span> <span class='ocrx_word' id='word_1_150' title='bbox 1003 1715 1181 1771; x_wconf 87' lang='lat' dir='ltr'>Nervii,</span> <span class='ocrx_word' id='word_1_151' title='bbox 1212 1712 1331 1759; x_wconf 81' lang='lat' dir='ltr'>vallo</span> <span class='ocrx_word' id='word_1_152' title='bbox 1358 1713 1519 1775; x_wconf 82' lang='lat' dir='ltr'>pedum</span> <span class='ocrx_word' id='word_1_153' title='bbox 1551 1730 1594 1758; x_wconf 84' lang='lat' dir='ltr'>x1</span> <span class='ocrx_word' id='word_1_154' title='bbox 1622 1723 1664 1757; x_wconf 89' lang='lat' dir='ltr'>et</span> 
     </span>
     <span class='ocr_line' id='line_1_20' title="bbox 251 1796 1665 1859; baseline -0.002 -17"><span class='ocrx_word' id='word_1_155' title='bbox 251 1798 365 1842; x_wconf 85' lang='lat' dir='ltr'>fossa</span> <span class='ocrx_word' id='word_1_156' title='bbox 390 1797 553 1859; x_wconf 90' lang='lat' dir='ltr'>pedum</span> <span class='ocrx_word' id='word_1_157' title='bbox 577 1814 634 1841; x_wconf 84' lang='lat' dir='ltr'>xv</span> <span class='ocrx_word' id='word_1_158' title='bbox 659 1797 847 1841; x_wconf 88' lang='lat' dir='ltr'>hiberna</span> <span class='ocrx_word' id='word_1_159' title='bbox 869 1796 1068 1858; x_wconf 83' lang='lat' dir='ltr'>cingunt.</span> <span class='ocrx_word' id='word_1_160' title='bbox 1091 1799 1195 1840; x_wconf 88' lang='lat' dir='ltr'>Haec</span> <span class='ocrx_word' id='word_1_161' title='bbox 1220 1806 1263 1840; x_wconf 94' lang='lat' dir='ltr'>et</span> <span class='ocrx_word' id='word_1_162' title='bbox 1285 1797 1568 1857; x_wconf 85' lang='lat' dir='ltr'>superiorum</span> <span class='ocrx_word' id='word_1_163' title='bbox 1593 1812 1665 1839; x_wconf 88' lang='lat' dir='ltr'>an-</span> 
     </span>
     <span class='ocr_line' id='line_1_21' title="bbox 252 1877 1662 1940; baseline -0.002 -16"><span class='ocrx_word' id='word_1_164' title='bbox 252 1896 412 1924; x_wconf 88' lang='lat' dir='ltr'>norum</span> <span class='ocrx_word' id='word_1_165' title='bbox 438 1878 761 1923; x_wconf 88' lang='lat' dir='ltr'>consuetudine</span> <span class='ocrx_word' id='word_1_166' title='bbox 785 1895 810 1922; x_wconf 87' lang='lat' dir='ltr'>a</span> <span class='ocrx_word' id='word_1_167' title='bbox 833 1879 995 1922; x_wconf 89' lang='lat' dir='ltr'>nostris</span> <span class='ocrx_word' id='word_1_168' title='bbox 1018 1887 1341 1940; x_wconf 69' lang='lat' dir='ltr'>cognoverant,</span> <span class='ocrx_word' id='word_1_169' title='bbox 1365 1888 1429 1935; x_wconf 89' lang='lat' dir='ltr'>et,</span> <span class='ocrx_word' id='word_1_170' title='bbox 1447 1877 1662 1939; x_wconf 87' lang='lat' dir='ltr'>quosdam</span> 
     </span>
     <span class='ocr_line' id='line_1_22' title="bbox 253 1958 1662 2020; baseline -0.001 -16"><span class='ocrx_word' id='word_1_171' title='bbox 253 1960 307 2004; x_wconf 91' lang='lat' dir='ltr'>de</span> <span class='ocrx_word' id='word_1_172' title='bbox 327 1961 524 2004; x_wconf 85' lang='lat' dir='ltr'>exercitu</span> <span class='ocrx_word' id='word_1_173' title='bbox 548 1960 666 2003; x_wconf 91' lang='lat' dir='ltr'>nacti</span> <span class='ocrx_word' id='word_1_174' title='bbox 683 1959 903 2020; x_wconf 87' lang='lat' dir='ltr'>captivos,</span> <span class='ocrx_word' id='word_1_175' title='bbox 925 1958 979 2002; x_wconf 90' lang='lat' dir='ltr'>ad</span> <span class='ocrx_word' id='word_1_176' title='bbox 1000 1959 1067 2002; x_wconf 87' lang='lat' dir='ltr'>his</span> <span class='ocrx_word' id='word_1_177' title='bbox 1085 1958 1364 2003; x_wconf 81' lang='lat' dir='ltr'>docebantur</span> <span class='ocrx_word' id='word_1_178' title='bbox 1390 1976 1398 2002; x_wconf 75' lang='grc' dir='ltr'>ε</span> <span class='ocrx_word' id='word_1_179' title='bbox 1423 1959 1519 2015; x_wconf 85' lang='lat' dir='ltr'>sed,</span> <span class='ocrx_word' id='word_1_180' title='bbox 1542 1958 1662 2003; x_wconf 86' lang='lat' dir='ltr'>nulla</span> 
     </span>
     <span class='ocr_line' id='line_1_23' title="bbox 253 2040 1662 2102; baseline -0.001 -17"><span class='ocrx_word' id='word_1_181' title='bbox 253 2041 625 2086; x_wconf 82' lang='lat' dir='ltr'>ferramentorum</span> <span class='ocrx_word' id='word_1_182' title='bbox 654 2041 802 2102; x_wconf 84' lang='lat' dir='ltr'>copia,</span> <span class='ocrx_word' id='word_1_183' title='bbox 830 2057 927 2102; x_wconf 84' lang='lat' dir='ltr'>quae</span> <span class='ocrx_word' id='word_1_184' title='bbox 958 2050 1062 2084; x_wconf 91' lang='lat' dir='ltr'>sunt</span> <span class='ocrx_word' id='word_1_185' title='bbox 1092 2040 1147 2084; x_wconf 86' lang='lat' dir='ltr'>ad</span> <span class='ocrx_word' id='word_1_186' title='bbox 1177 2040 1298 2085; x_wconf 89' lang='lat' dir='ltr'>hunc</span> <span class='ocrx_word' id='word_1_187' title='bbox 1325 2057 1455 2084; x_wconf 90' lang='lat' dir='ltr'>usum</span> <span class='ocrx_word' id='word_1_188' title='bbox 1485 2040 1662 2096; x_wconf 79' lang='lat' dir='ltr'>idonea,</span> 
     </span>
     <span class='ocr_line' id='line_1_24' title="bbox 254 2120 1661 2185; baseline 0 -19"><span class='ocrx_word' id='word_1_189' title='bbox 254 2120 410 2185; x_wconf 82' lang='lat' dir='ltr'>gladiis</span> <span class='ocrx_word' id='word_1_190' title='bbox 439 2123 649 2183; x_wconf 86' lang='lat' dir='ltr'>cespitem</span> <span class='ocrx_word' id='word_1_191' title='bbox 686 2121 1028 2179; x_wconf 80' lang='lat' dir='ltr'>circumcidere,</span> <span class='ocrx_word' id='word_1_192' title='bbox 1058 2122 1263 2166; x_wconf 87' lang='lat' dir='ltr'>manibus</span> <span class='ocrx_word' id='word_1_193' title='bbox 1291 2121 1544 2184; x_wconf 79' lang='lat' dir='ltr'>sagulisque</span> <span class='ocrx_word' id='word_1_194' title='bbox 1575 2131 1661 2166; x_wconf 86' lang='lat' dir='ltr'>ter-</span> 
     </span>
     <span class='ocr_line' id='line_1_25' title="bbox 253 2203 1662 2265; baseline 0 -17"><span class='ocrx_word' id='word_1_195' title='bbox 253 2221 347 2248; x_wconf 89' lang='lat' dir='ltr'>ram</span> <span class='ocrx_word' id='word_1_196' title='bbox 373 2204 608 2248; x_wconf 83' lang='lat' dir='ltr'>exhaurire</span> <span class='ocrx_word' id='word_1_197' title='bbox 632 2204 919 2265; x_wconf 84' lang='lat' dir='ltr'>cogebantur.</span> <span class='ocrx_word' id='word_1_198' title='bbox 946 2205 1050 2263; x_wconf 88' lang='lat' dir='ltr'>Qua</span> <span class='ocrx_word' id='word_1_199' title='bbox 1073 2203 1254 2265; x_wconf 88' lang='lat' dir='ltr'>quidem</span> <span class='ocrx_word' id='word_1_200' title='bbox 1279 2221 1331 2249; x_wconf 85' lang='lat' dir='ltr'>ex</span> <span class='ocrx_word' id='word_1_201' title='bbox 1359 2221 1406 2249; x_wconf 88' lang='lat' dir='ltr'>re</span> <span class='ocrx_word' id='word_1_202' title='bbox 1429 2204 1662 2248; x_wconf 89' lang='lat' dir='ltr'>hominum</span> 
     </span>
     <span class='ocr_line' id='line_1_26' title="bbox 254 2284 1663 2348; baseline 0.001 -19"><span class='ocrx_word' id='word_1_203' title='bbox 254 2284 494 2330; x_wconf 88' lang='lat' dir='ltr'>multitudo</span> <span class='ocrx_word' id='word_1_204' title='bbox 521 2287 728 2348; x_wconf 85' lang='lat' dir='ltr'>cognosci</span> <span class='ocrx_word' id='word_1_205' title='bbox 752 2287 897 2347; x_wconf 89' lang='lat' dir='ltr'>potuit.</span> <span class='ocrx_word' id='word_1_206' title='bbox 920 2303 928 2329; x_wconf 90' lang='lat'>:</span> <span class='ocrx_word' id='word_1_207' title='bbox 956 2302 1060 2329; x_wconf 88' lang='lat' dir='ltr'>nam</span> <span class='ocrx_word' id='word_1_208' title='bbox 1085 2286 1231 2330; x_wconf 91' lang='lat' dir='ltr'>minus</span> <span class='ocrx_word' id='word_1_209' title='bbox 1255 2286 1377 2331; x_wconf 88' lang='lat' dir='ltr'>horis</span> <span class='ocrx_word' id='word_1_210' title='bbox 1401 2286 1544 2331; x_wconf 90' lang='lat' dir='ltr'>tribus</span> <span class='ocrx_word' id='word_1_211' title='bbox 1568 2285 1663 2330; x_wconf 92' lang='lat' dir='ltr'>mil-</span> 
     </span>
     <span class='ocr_line' id='line_1_27' title="bbox 252 2367 1663 2430; baseline 0 -18"><span class='ocrx_word' id='word_1_212' title='bbox 252 2367 361 2412; x_wconf 88' lang='lat' dir='ltr'>lium</span> <span class='ocrx_word' id='word_1_213' title='bbox 382 2384 592 2429; x_wconf 87' lang='lat' dir='ltr'>passuum</span> <span class='ocrx_word' id='word_1_214' title='bbox 610 2367 866 2429; x_wconf 88' lang='lat' dir='ltr'>quindecim</span> <span class='ocrx_word' id='word_1_215' title='bbox 888 2369 931 2412; x_wconf 89' lang='lat' dir='ltr'>iu</span> <span class='ocrx_word' id='word_1_216' title='bbox 952 2369 1188 2413; x_wconf 79' lang='lat' dir='ltr'>circuitum</span> <span class='ocrx_word' id='word_1_217' title='bbox 1209 2369 1504 2413; x_wconf 90' lang='lat' dir='ltr'>munitionem</span> <span class='ocrx_word' id='word_1_218' title='bbox 1527 2368 1663 2430; x_wconf 88' lang='lat' dir='ltr'>perfe-</span> 
     </span>
     <span class='ocr_line' id='line_1_28' title="bbox 253 2447 1661 2511; baseline 0 -17"><span class='ocrx_word' id='word_1_219' title='bbox 253 2460 409 2494; x_wconf 84' lang='lat' dir='ltr'>cerunt</span> <span class='ocrx_word' id='word_1_220' title='bbox 442 2467 451 2493; x_wconf 91' lang='lat'>:</span> <span class='ocrx_word' id='word_1_221' title='bbox 482 2447 752 2511; x_wconf 86' lang='lat' dir='ltr'>reliquisque</span> <span class='ocrx_word' id='word_1_222' title='bbox 781 2449 936 2494; x_wconf 90' lang='lat' dir='ltr'>diebus</span> <span class='ocrx_word' id='word_1_223' title='bbox 965 2459 1110 2494; x_wconf 87' lang='lat' dir='ltr'>turres</span> <span class='ocrx_word' id='word_1_224' title='bbox 1138 2449 1193 2494; x_wconf 89' lang='lat' dir='ltr'>ad</span> <span class='ocrx_word' id='word_1_225' title='bbox 1221 2449 1503 2494; x_wconf 89' lang='lat' dir='ltr'>altitudinem</span> <span class='ocrx_word' id='word_1_226' title='bbox 1530 2449 1661 2503; x_wconf 81' lang='lat' dir='ltr'>valli,</span> 
     </span>
     <span class='ocr_line' id='line_1_29' title="bbox 253 2530 1664 2594; baseline -0.001 -18"><span class='ocrx_word' id='word_1_227' title='bbox 253 2531 406 2589; x_wconf 86' lang='lat' dir='ltr'>falces,</span> <span class='ocrx_word' id='word_1_228' title='bbox 432 2530 783 2593; x_wconf 85' lang='lat' dir='ltr'>testudinesque,</span> <span class='ocrx_word' id='word_1_229' title='bbox 810 2548 918 2593; x_wconf 87' lang='lat' dir='ltr'>quas</span> <span class='ocrx_word' id='word_1_230' title='bbox 948 2532 1080 2577; x_wconf 89' lang='lat' dir='ltr'>iidem</span> <span class='ocrx_word' id='word_1_231' title='bbox 1109 2532 1273 2594; x_wconf 87' lang='lat' dir='ltr'>captivi</span> <span class='ocrx_word' id='word_1_232' title='bbox 1300 2532 1566 2587; x_wconf 80' lang='lat' dir='ltr'>docuerant,</span> <span class='ocrx_word' id='word_1_233' title='bbox 1592 2548 1664 2590; x_wconf 59' lang='lat' dir='ltr'>pa·-</span> 
     </span>
     <span class='ocr_line' id='line_1_30' title="bbox 255 2614 856 2675; baseline -0.003 -16"><span class='ocrx_word' id='word_1_234' title='bbox 255 2631 352 2659; x_wconf 86' lang='lat' dir='ltr'>rare</span> <span class='ocrx_word' id='word_1_235' title='bbox 375 2630 425 2659; x_wconf 87' lang='lat' dir='ltr'>ac</span> <span class='ocrx_word' id='word_1_236' title='bbox 452 2614 593 2658; x_wconf 82' lang='lat' dir='ltr'>facere</span> <span class='ocrx_word' id='word_1_237' title='bbox 612 2625 856 2675; x_wconf 88' lang='lat' dir='ltr'>coeperunt.</span> 
     </span>
    </p>
   </div>
   <div class='ocr_carea' id='block_1_3' title="bbox 319 2696 1660 2758">
    <p class='ocr_par' dir='ltr' id='par_1_4' title="bbox 319 2696 1660 2758">
     <span class='ocr_line' id='line_1_31' title="bbox 319 2696 1660 2758; baseline -0.001 -17"><span class='ocrx_word' id='word_1_238' title='bbox 319 2697 482 2741; x_wconf 87' lang='lat' dir='ltr'><strong>XLIII.</strong></span> <span class='ocrx_word' id='word_1_239' title='bbox 522 2696 719 2756; x_wconf 85' lang='lat' dir='ltr'>Septimo</span> <span class='ocrx_word' id='word_1_240' title='bbox 757 2697 1105 2758; x_wconf 81' lang='lat' dir='ltr'>oppugnationis</span> <span class='ocrx_word' id='word_1_241' title='bbox 1141 2696 1234 2752; x_wconf 87' lang='lat' dir='ltr'>dic,</span> <span class='ocrx_word' id='word_1_242' title='bbox 1273 2696 1465 2740; x_wconf 80' lang='lat' dir='ltr'>maximo</span> <span class='ocrx_word' id='word_1_243' title='bbox 1506 2706 1660 2740; x_wconf 85' lang='lat' dir='ltr'>coorto</span> 
     </span>
    </p>
   </div>
  </div>
 </body>
</html>
