1972 3356
405 209 450 245 ζμ),
610 205 647 238 C.
673 203 802 237 JULII
833 201 1049 236 CAESARIS
1081 201 1562 238 COMMENTARIORUM

402 287 527 348 queri
555 302 709 347 agmen
736 284 789 328 ad
817 283 1015 328 dextram
1048 295 1391 345 conspexerunt,
1415 285 1590 345 jamque
1615 287 1776 346 primos

400 382 605 427 superare
617 366 836 426 regionem
850 375 1094 408 castrorum
1111 366 1306 408 animum
1327 364 1632 419 adverterunt,
1648 383 1777 411 nemo

401 456 494 489 erat
518 445 625 489 adeo
655 445 804 489 tardus
832 455 908 489 aut
930 444 1100 505 fugiens
1123 443 1305 499 laboris,
1331 446 1437 505 quin
1461 445 1607 489 statim
1629 447 1779 490 castris

400 525 647 570 exeundum
687 535 817 586 atque
852 524 1172 569 occurrendum
1208 535 1426 586 putarent.
1470 525 1780 570 Conclamatur

400 606 455 649 ad
497 623 642 663 arma,
682 616 812 667 atque
856 622 1004 650 omnes
1048 607 1181 667 copiae
1199 642 1210 661 ‚
1250 607 1402 669 paucis
1441 606 1642 667 praesidio
1678 605 1778 650 reli-

401 687 480 730 «rtis
505 687 779 744 cohortibus,
799 696 979 743 exeunt,
995 696 1202 747 rectoque
1226 686 1279 730 ad
1301 687 1477 730 Iberum
1498 687 1652 730 itinere
1677 702 1781 730 con·

403 766 598 811 tendunt.

464 850 602 892 LXX.
650 851 757 894 Erat
797 850 841 893 in
878 848 1099 892 celeritate
1144 864 1272 892 omne
1315 849 1504 908 positum
1539 858 1780 905 certamen,

401 929 489 972 utri
519 930 639 989 prius
663 929 885 990 angustias
911 938 1168 988 montesque
1193 939 1462 989 occuparent
1488 946 1497 972 z
1525 929 1599 973 sed
1623 930 1783 974 exerci-

400 1020 492 1053 tum
521 1010 702 1053 Caesaris
732 1009 901 1053 viarum
930 1007 1205 1051 difficultates
1232 1008 1487 1064 tardabant3
1517 1009 1686 1053 Afranii
1711 1026 1783 1053 co-

401 1091 493 1150 pias
520 1090 737 1150 equitatus
763 1088 944 1134 Caesaris
972 1089 1204 1148 insequens
1232 1089 1499 1133 morabatur.
1523 1092 1610 1134 Res
1637 1099 1782 1133 tamen

402 1169 456 1212 ab
476 1169 723 1214 Afranianis
746 1169 834 1213 huc
861 1179 954 1212 erat
974 1169 1216 1212 necessario
1236 1167 1442 1224 deducta,
1465 1179 1537 1225 ut,
1557 1170 1591 1213 si
1616 1170 1783 1230 priores

402 1259 594 1307 montes,
624 1266 734 1311 quos
759 1249 983 1311 petebant,
1021 1249 1292 1310 attigissent,
1329 1249 1410 1310 ipsi
1438 1249 1682 1310 periculum
1719 1251 1784 1293 vi-

402 1340 567 1384 tarent,
606 1330 918 1392 impedimenta
969 1330 1103 1373 totius
1146 1330 1359 1373 exercitus
1393 1330 1702 1390 cohortesque,
1741 1331 1784 1374 in

403 1411 555 1454 castris
577 1410 773 1464 relictas,
808 1426 980 1454 servare
1007 1425 1093 1453 non
1117 1420 1321 1471 possent;
1349 1410 1507 1470 quibus
1538 1409 1785 1454 interclusis

403 1491 595 1534 exercitu
634 1491 816 1534 Caesaris
855 1488 1065 1532 auxilium
1101 1489 1203 1533 ferri
1237 1488 1356 1533 nulla
1392 1491 1561 1533 ratione
1599 1499 1782 1550 poterat.

404 1571 607 1617 Confecit
639 1572 761 1632 prioi·
791 1571 871 1614 iter
893 1573 1058 1626 Caesar,
1081 1580 1211 1630 atque
1235 1588 1284 1613 ex
1310 1572 1477 1632 magnis
1498 1571 1682 1631 rupibus
1705 1588 1785 1614 na-

404 1662 498 1695 ctus
536 1650 789 1712 planitiem,
827 1652 871 1694 in
912 1651 993 1694 hac
1020 1660 1173 1694 contra
1205 1651 1377 1694 hostem
1422 1651 1558 1695 aciem
1588 1652 1779 1695 instruit.

403 1731 632 1787 Afranius,
657 1748 793 1791 quum
822 1731 876 1774 ab
905 1731 1102 1790 equitatu
1135 1732 1418 1775 novissimum
1445 1748 1598 1793 agmen
1623 1748 1788 1792 preme-

404 1821 538 1866 retur,
558 1821 599 1854 et
614 1821 714 1854 ante
733 1827 776 1853 se
789 1810 958 1853 hostem
979 1809 1146 1854 videret
1159 1846 1170 1867 ,
1189 1810 1344 1855 collem
1359 1811 1593 1872 quemdam
1608 1821 1762 1856 nactus
1775 1847 1785 1867 ,

406 1892 462 1935 ibi
490 1892 696 1937 constitit.
726 1893 792 1934 Ex
818 1907 870 1933 eo
889 1889 986 1934 loco
1009 1900 1200 1951 quatuor
1223 1900 1488 1935 cetratorum
1515 1892 1718 1936 cohortes
1742 1893 1786 1935 in

405 1981 618 2025 montem,
641 1971 715 2031 qui
743 1980 837 2014 erat
867 1971 910 2013 in
950 1981 1186 2031 conspectu
1216 1972 1413 2015 omnium
1445 1971 1785 2025 excelsissimus,

405 2053 551 2095 mittit.
578 2054 709 2095 Hunc
734 2067 895 2112 magno
916 2067 1046 2095 cursu
1067 2052 1307 2095 concitatos
1326 2052 1452 2112 jubet
1477 2068 1715 2113 occupare,
1734 2068 1786 2096 eo

405 2131 606 2187 consilio,
629 2141 678 2176 ut
706 2134 798 2192 ipse
824 2130 975 2175 eodem
1002 2132 1206 2176 omnibus
1232 2133 1368 2193 copiis
1392 2131 1699 2189 contenderet,
1724 2141 1786 2188 et,

407 2222 575 2256 mutato
595 2212 772 2267 itinere,
793 2212 909 2272 jugis
932 2215 1193 2273 Octogesam
1213 2213 1471 2273 perveniret.
1494 2215 1622 2257 Hunc
1648 2229 1785 2273 quum

407 2291 587 2353 obliquo
624 2293 780 2335 itinere
819 2293 972 2335 cetrati
999 2302 1220 2353 peterent,
1255 2293 1531 2355 conspicatus
1569 2294 1786 2353 equitatus

407 2373 610 2429 Caesaris,
637 2373 682 2416 in
710 2372 911 2416 cohortes
937 2372 1150 2433 impetum
1178 2372 1280 2417 facit
1303 2390 1311 2416 :
1338 2390 1415 2418 nec
1438 2373 1662 2416 minimam
1686 2388 1787 2432 par-

408 2462 494 2495 tem
519 2452 727 2513 temporis
753 2452 949 2512 equitum
981 2452 1068 2495 vim
1105 2453 1258 2497 cetrati
1286 2453 1498 2497 sustinere
1526 2461 1787 2512 potuerunt,

407 2548 670 2592 omnesque,
697 2531 751 2575 ab
777 2532 837 2575 eis
866 2532 1179 2589 circumventi,
1208 2534 1252 2577 in
1280 2542 1514 2594 conspectu
1555 2532 1786 2592 utriusque

408 2612 623 2655 exercitus
650 2610 983 2656 interficiuntur.
