1972 3356
487 211 555 247 DE
595 209 755 245 BELLO
784 210 1005 245 GALLICO
1032 210 1121 245 LIB.
1146 211 1174 245 I.
1492 221 1534 254 17

142 311 266 338 mons
287 294 465 338 suberat
488 295 664 339 circiter
683 293 803 338 mille
827 311 1036 355 passuum
1052 329 1063 350 ,
1089 309 1140 337 eo
1165 310 1209 336 se
1232 293 1429 354 recipere
1457 309 1541 336 coe-

142 385 318 436 perunt.
348 377 493 436 Capto
522 385 695 433 monte,
727 385 769 419 et
799 375 1139 419 succedentibus
1166 375 1351 432 nostris,
1379 374 1474 418 Boii
1501 383 1544 417 et

139 455 338 518 Tulingi,
368 458 444 517 qui
472 457 704 501 hominum
734 455 928 500 millibus
957 457 1134 501 circiter
1167 473 1227 500 xv
1254 472 1410 518 agmen
1441 456 1543 500 hos-

142 540 253 581 tium
271 536 560 592 claudebant,
581 547 624 580 et
645 537 894 580 novissimis
914 536 1119 597 praesidio
1144 547 1269 580 erant
1283 571 1294 592 ,
1319 554 1371 582 ex
1388 537 1547 581 itinere

142 627 314 662 nostros
337 616 474 661 latere
498 627 651 678 aperto
679 616 894 678 adgressi,
919 617 1251 661 circumvenere
1276 635 1285 661 ε
1311 627 1354 660 et
1378 617 1421 660 id
1445 634 1549 660 con-

142 699 298 759 spicati
326 697 542 754 Helvetii,
573 698 648 758 qui
674 698 719 741 in
749 706 945 741 montem
972 714 1063 741 sese
1088 707 1369 759 receperant,
1397 714 1550 740 rursus

143 780 324 836 instare,
349 788 391 823 et
412 777 620 840 proelium
642 778 945 840 redintegrare
966 788 1212 839 coeperunt.
1236 780 1428 823 Romani
1449 794 1552 822 con-

144 877 269 905 versa
287 861 412 922 signa
431 860 645 921 bipartito
665 858 913 903 intulerunt
936 876 945 902 z
968 860 1112 920 prima
1132 876 1182 903 ac
1203 858 1397 904 secunda
1416 859 1551 915 acies,

146 951 193 985 ut
214 942 339 986 victis
365 958 415 985 ac
443 940 659 985 submotis
686 941 930 996 resisteret3
956 941 1105 997 tertia,
1130 950 1179 984 ut
1208 941 1432 984 venientes
1463 956 1554 984 sus-

146 1023 319 1067 tineret.

209 1105 374 1149 XXVI.
403 1107 490 1162 Ita,
521 1105 705 1166 ancipiti
733 1103 909 1166 proelio,
937 1104 1011 1148 diu
1039 1113 1171 1166 atque
1194 1105 1357 1149 acriter
1380 1120 1556 1166 pugna-

147 1196 242 1230 tum
263 1195 340 1229 est.
364 1186 546 1230 Diutius
563 1202 702 1247 quum
722 1195 979 1229 nostrorum
1001 1186 1217 1246 impetum
1231 1187 1448 1230 sustinere
1467 1203 1557 1231 non

146 1276 347 1327 possent,
368 1266 494 1310 alteri
518 1283 589 1322 se,
618 1275 667 1309 ut
690 1276 944 1327 coeperant,
969 1267 1013 1309 in
1043 1277 1243 1311 montem
1269 1277 1557 1328 receperunt,

147 1346 273 1391 alteri
310 1346 365 1390 ad
405 1346 727 1407 impedimenta
769 1356 813 1389 et
843 1363 991 1390 carros
1031 1363 1132 1390 suos
1173 1364 1218 1390 se
1255 1347 1557 1392 contulerunt.

147 1429 263 1473 Nam
282 1428 366 1471 hoe
387 1437 483 1470 toto
501 1426 681 1488 proelio,
701 1443 839 1487 quum
855 1427 908 1469 ab
926 1427 1036 1470 hora
1050 1427 1238 1487 septima
1254 1426 1310 1470 ad
1326 1444 1559 1488 vesperum

148 1518 397 1571 pugnatum
423 1509 501 1560 sit,
530 1524 734 1552 aversum
765 1507 939 1551 hostem
965 1507 1115 1552 videre
1144 1525 1276 1553 nemo
1300 1510 1460 1570 potuit.
1492 1509 1559 1554 Ad

149 1589 334 1634 multam
371 1599 549 1633 noctem
585 1589 718 1632 etiam
748 1588 803 1632 ad
839 1588 1159 1649 impedimenta
1191 1600 1443 1652 pugnatum
1477 1600 1560 1648 est,

148 1680 386 1732 propterea
420 1670 541 1732 quod
577 1687 659 1731 pro
689 1668 807 1714 vallo
841 1686 992 1714 carros
1022 1670 1299 1731 objecerant,
1332 1681 1374 1715 et
1405 1688 1428 1715 e
1465 1671 1562 1717 loco

148 1752 376 1814 superiore
400 1752 445 1795 in
470 1761 646 1795 nostros
673 1752 900 1796 venientes
926 1750 1012 1795 tela
1035 1752 1353 1813 conjiciebant,
1385 1763 1428 1797 et
1453 1770 1564 1798 non-

150 1832 262 1877 nulli
295 1835 410 1877 inter
444 1849 592 1877 carros
633 1841 842 1893 rotasque
878 1842 1069 1877 mataras
1108 1850 1159 1877 ac
1193 1833 1389 1896 tragulas
1424 1835 1562 1896 subji-

150 1915 346 1971 ciebant,
371 1925 637 1976 nostrosque
658 1913 965 1957 vulnerabant.
991 1916 1082 1958 Diu
1102 1931 1241 1975 quum
1257 1926 1370 1960 esset
1388 1933 1562 1978 pugna-

152 2005 268 2050 tum,
308 1995 641 2056 impedimentis
680 1995 922 2056 castrisque
964 1996 1105 2040 nostri
1168 1998 1299 2057 potiti
1339 2008 1456 2042 sunt.
1496 1998 1563 2041 Ibi

154 2077 434 2138 Orgetorigis
468 2075 585 2133 filia,
619 2087 753 2138 atque
781 2094 897 2121 unus
931 2094 954 2121 e
985 2076 1086 2121 filiis
1122 2088 1279 2139 captus
1305 2088 1382 2123 est.
1417 2081 1484 2123 Ex
1513 2096 1564 2122 eo

155 2157 310 2219 proelio
330 2158 507 2202 circiter
521 2156 660 2202 millia
676 2158 911 2203 hominum
929 2175 1049 2204 cxxx
1065 2159 1404 2219 superfuerunt,
1426 2176 1565 2221 eaque

155 2249 246 2283 tota
266 2249 415 2296 nocte,
440 2239 721 2284 continenter
740 2239 890 2283 ierunt
910 2256 918 2283 :
942 2239 1110 2284 nullam
1131 2249 1304 2301 partem
1328 2241 1472 2285 noctis
1493 2241 1564 2285 iti-

156 2337 259 2364 nere
283 2321 559 2375 intermisso,
588 2320 634 2364 in
662 2320 770 2364 fines
797 2322 1055 2382 Lingonum
1080 2320 1149 2364 die
1172 2336 1220 2365 1v
1243 2331 1564 2382 pervenerunt,

155 2419 295 2463 quum
320 2412 363 2446 et
382 2412 566 2463 propter
583 2400 768 2446 vulnera
793 2400 1006 2459 militum,
1025 2412 1068 2446 et
1086 2411 1269 2463 propter
1289 2402 1564 2463 sepulturam

155 2484 425 2536 occisorum,
466 2483 627 2540 nostri,
665 2483 866 2527 triduum
895 2483 1081 2539 morati,
1111 2499 1184 2526 eos
1213 2486 1337 2544 sequi
1366 2500 1455 2527 non
1485 2501 1565 2545 po-

159 2567 359 2610 tuissent.
391 2566 538 2609 Caesar
568 2563 622 2607 ad
656 2565 881 2626 Lingonas
917 2564 1086 2608 litteras
1118 2566 1393 2625 nunciosque
1422 2565 1565 2621 misit,

160 2663 216 2690 ne
237 2663 310 2690 eos
334 2646 578 2701 frumento,
602 2661 711 2689 neve
737 2644 821 2689 alia
846 2662 892 2689 re
908 2646 1119 2706 juvarent
1142 2662 1150 2688 :
1177 2646 1253 2706 qui
1277 2646 1566 2706 sijuvissent,

356 2743 384 2771 1.
1345 2743 1369 2768 ‘2
