1972 3356
667 201 733 237 DE
763 201 925 238 BELLO
958 202 1230 239 AFRICANO.
1565 207 1634 248 247

244 287 422 347 stiaeque
449 285 615 331 fueritis
641 286 946 342 studiosiores,
975 286 1179 350 indignos
1204 303 1280 332 vos
1306 303 1397 331 esse
1422 287 1637 343 arbitror,

242 369 317 428 qui
339 368 382 411 in
409 384 506 412 meo
522 369 714 412 exercitu
744 368 918 412 ordines
933 367 1128 424 ducatis,
1153 369 1397 429 missosque
1423 367 1555 426 facio,
1571 378 1636 425 et,

241 459 455 509 quantum
485 458 650 510 potest,
672 449 822 493 abesse
850 465 903 492 ex
935 448 1080 493 Africa
1105 449 1252 508 jubeo.
1278 469 1299 490 n
1326 451 1480 510 Itaque
1499 459 1638 495 trans-

244 528 353 573 didit
375 545 447 573 eos
467 529 823 582 centurionibus3
851 537 892 571 et
915 527 1109 589 singulos
1129 545 1218 572 non
1239 528 1427 590 amplius
1453 529 1636 593 singulis

243 609 402 654 additis
431 610 563 654 servis
590 611 634 653 in
662 611 761 653 navi
792 609 1082 670 imponendos
1110 610 1348 669 separatim
1373 614 1557 656 curavit.

305 693 398 735 LV.
429 689 593 736 Gaetuli
619 691 797 734 interim
821 689 1038 751 perfugae,
1066 707 1176 751 quos
1207 706 1306 734 cum
1338 689 1492 735 litteris
1519 710 1638 738 man-

237 773 438 832 datisque
461 788 485 816 a
504 774 674 817 Caesare
700 771 854 815 missos
877 787 1009 831 supra
1039 770 1293 825 docuimus,
1319 770 1372 815 ad
1405 788 1506 817 suos
1521 774 1636 818 cives

236 854 527 915 perveniunt:
549 869 739 914 quorum
766 854 1030 897 auctoritate
1055 852 1180 898 facile
1204 852 1410 911 adducti,
1429 855 1636 900 Caesaris-

235 950 320 995 que
345 935 522 978 nomine
547 936 764 996 persuasi,
792 952 815 979 a
840 951 941 997 rege
967 937 989 979 J
997 935 1080 979 uba
1116 935 1384 989 desciscunt,
1416 934 1636 980 celeriter-

234 1032 320 1076 que
347 1016 496 1060 cuncti
525 1033 646 1060 arma
674 1018 882 1078 capiunt,
911 1027 1154 1078 contraque
1189 1032 1336 1078 regem
1374 1016 1517 1061 facere
1548 1033 1633 1061 non

234 1096 453 1142 dubitant.
484 1097 661 1155 Quibus
682 1098 812 1142 rebus
839 1099 1052 1159 cognitis,
1078 1099 1212 1154 Juba,
1230 1097 1448 1142 distentus
1474 1096 1633 1159 triplici

233 1176 370 1234 bello,
393 1179 738 1240 necessitateque
769 1190 968 1235 coactus,
1002 1178 1056 1223 de
1079 1180 1168 1224 suis
1193 1180 1353 1240 copiis,
1385 1196 1494 1240 quas
1530 1196 1635 1223 con—

233 1270 298 1303 tra
324 1261 540 1305 Caesarem
567 1259 834 1317 adduxerat,
864 1277 933 1304 sex
963 1260 1165 1304 cohortes
1196 1261 1238 1304 in
1273 1259 1380 1304 fines
1415 1261 1538 1322 regni
1568 1261 1633 1304 sui
1685 1287 1688 1290 <

234 1342 393 1396 mittit,
420 1359 516 1403 quae
545 1351 684 1386 essent
714 1342 917 1404 praesidio
945 1352 1099 1386 contra
1128 1340 1337 1387 Gaetulos.

298 1425 412 1468 LVI.
452 1425 619 1478 Caesar,
660 1424 850 1468 b··achiis
886 1424 1112 1485 perfectis,
1152 1424 1458 1486 promotisque
1498 1440 1634 1484 usquc

232 1521 304 1560 co,
331 1521 421 1566 quo
450 1504 586 1549 telum
614 1522 665 1548 cx
702 1504 867 1567 oppido
893 1504 1023 1566 adjici
1049 1522 1136 1549 non
1166 1514 1330 1566 posset,
1361 1515 1503 1549 castra
1539 1521 1635 1548 mu-

231 1586 294 1629 nit
332 1602 340 1628 :
373 1584 541 1630 balistis
571 1586 969 1647 scorpionibusque
999 1585 1165 1631 crebris
1200 1596 1301 1631 ante
1338 1586 1526 1630 frontem
1567 1602 1635 1630 ca·

230 1677 422 1711 strorum
452 1677 692 1729 contraque
720 1667 934 1729 oppidum
966 1666 1214 1721 collocatis,
1241 1667 1491 1712 defensores
1518 1668 1633 1711 muri

231 1747 454 1792 deterrere
482 1765 569 1792 non
598 1750 850 1792 intermittit
871 1767 878 1792 :
906 1765 1047 1809 eoque
1070 1766 1096 1792 v
1124 1748 1317 1810 legiones
1338 1766 1388 1792 ex
1405 1749 1635 1810 superiori-

230 1829 310 1872 bus
330 1830 482 1873 castris
499 1828 689 1873 deducit.
715 1830 819 1888 Qua
840 1828 1046 1873 facultate
1068 1827 1240 1885 oblata,
1265 1827 1524 1873 illustriores
1551 1846 1632 1873 no-

229 1910 474 1971 tissimique
508 1920 793 1971 conspectum
821 1912 1064 1954 amicorum
1091 1911 1538 1971 propinquorumque
1571 1911 1633 1955 ef-

229 1991 513 2054 flagitabant,
534 2002 667 2053 atque
689 1993 803 2036 inter
829 2009 874 2036 se
898 1990 1278 2052 colloquebantur.
1297 1992 1408 2049 Quae
1433 2007 1499 2036 res
1525 1991 1630 2053 quid

230 2071 431 2118 utilitatis
455 2073 655 2129 haberet,
684 2075 901 2118 Caesarem
940 2091 1027 2118 non
1067 2072 1260 2118 fallebat.
1297 2075 1504 2135 Namque
1534 2075 1634 2119 Gae-

230 2153 311 2199 tuli
333 2171 386 2199 ex
413 2156 612 2216 equitatu
644 2156 764 2217 regio
799 2154 1035 2200 nobiliores
1053 2191 1063 2211 ,
1089 2157 1379 2217 equitumque
1410 2155 1601 2217 praefecti
1623 2190 1633 2210 ,

229 2252 420 2297 quorum
448 2247 593 2298 patres
618 2254 719 2281 cuni
744 2238 889 2281 Mario
915 2247 1017 2281 ante
1042 2248 1323 2291 meruerant,
1351 2238 1536 2299 ejusque
1558 2237 1633 2281 be-

230 2315 388 2362 neficio
402 2318 517 2380 agris
540 2318 791 2379 finibusque
814 2318 990 2376 donati,
1017 2328 1114 2380 post
1130 2318 1258 2380 Syllae
1286 2320 1518 2363 victoriani
1552 2318 1631 2362 sub

230 2397 494 2460 Hiempsalis
521 2401 635 2462 regis
660 2409 786 2444 erant
824 2410 1037 2462 potestate
1076 2400 1191 2455 dati,
1219 2401 1450 2445 occasione
1479 2410 1631 2461 capta,

231 2490 382 2538 nocte,
404 2482 494 2542 jam
523 2480 767 2526 luminibus
791 2483 1006 2540 accensis,
1031 2500 1133 2527 cum
1162 2483 1287 2544 equis
1313 2481 1632 2542 calonibusque

232 2562 319 2606 suis
364 2563 538 2607 circiter
581 2561 699 2608 mille
735 2563 992 2626 perfugiunt
1032 2565 1075 2609 in
1118 2565 1301 2609 Caesaris
1338 2572 1502 2618 castra,
1536 2578 1631 2623 quae

230 2654 353 2688 erant
381 2646 423 2688 in
449 2662 604 2707 campo
630 2646 827 2707 proxime
853 2648 994 2691 Uzitae
1017 2647 1173 2692 locata.
