1972 3356
656 212 724 247 DE
751 212 910 248 BELLO
936 211 1326 249 ALEXANDRINO.
1613 224 1625 247 1
1635 225 1681 260 97

282 296 481 339 inaximae
516 294 742 357 dignitatis
768 306 810 340 ct
832 297 984 358 gratiae
1008 295 1325 357 provincialem
1353 296 1600 354 hominem,
1624 298 1682 341 si-

281 377 414 436 bique
443 387 531 421 tam
564 376 849 433 familiarem,
890 394 1021 438 quam
1052 380 1338 422 Laterensem
1367 387 1410 423 et
1434 376 1681 437 Racilium,

281 460 324 502 in
349 457 501 503 eadem
524 459 656 502 fuisse
681 459 1003 519 conjuratione.
1034 460 1130 504 Nec
1166 459 1240 502 diu
1267 470 1466 503 moratur
1483 458 1682 504 dolorem

280 557 430 597 suum,
457 543 564 600 quin
589 557 661 583 eos
682 539 868 583 interfici
886 539 1056 600 jubeat.
1083 539 1335 583 Minucium
1351 539 1518 585 libertis
1536 551 1681 586 trans-

278 622 342 665 dit
366 619 736 674 excruciandum3
756 620 859 663 item
876 618 1171 680 Calpurnium
1195 618 1563 683 Salvianum,qui
1581 640 1681 684 pro-

276 702 424 747 fitetur
438 700 673 758 indicium,
692 700 1117 761 conjuratorumque
1137 717 1372 744 numerum
1389 712 1539 763 auget3
1554 719 1680 759 vere,

277 793 325 827 ut
348 783 530 844 quidam
557 783 833 839 existimant3
868 791 916 825 ut
948 779 1153 825 nonnulli
1184 792 1449 842 queruntur,
1483 794 1676 829 coactus,

273 863 432 908 Iisdem
460 863 730 908 cruciatibus
745 862 927 908 affectus
945 865 997 907 L.
1020 861 1242 924 Mergilio.
1260 862 1456 925 Squillus
1476 865 1680 910 nominat

273 943 421 1007 plures
448 963 457 989 ε
489 962 600 1006 quos
627 946 805 991 Cassius
829 944 1015 989 interfici
1043 944 1191 1006 jubet,
1218 946 1413 1006 exceptis
1443 947 1516 1003 iis,
1544 947 1618 1008 qui
1636 965 1680 992 se

272 1028 461 1088 pecunia
489 1027 773 1072 redemerunt
791 1044 800 1071 :
822 1044 924 1071 nam
942 1024 1088 1088 palam
1108 1027 1181 1070 HS
1205 1025 1348 1071 decies
1367 1044 1467 1072 cum
1496 1027 1679 1090 Calpur-

271 1110 345 1153 nio
384 1109 643 1171 paciscitur,
681 1118 722 1153 et
752 1125 854 1153 cum
880 1109 938 1167 Q.
979 1108 1131 1153 Sextio
1165 1108 1470 1171 quinquagies.
1513 1111 1606 1169 Qui
1642 1112 1676 1155 si

271 1191 462 1235 maxime
497 1200 709 1235 nocentes
750 1199 853 1235 sunt
883 1188 1082 1244 multati,
1117 1199 1265 1233 tamen
1293 1190 1541 1251 periculum
1577 1192 1678 1237 vitae

270 1271 488 1334 dolorque
500 1271 758 1329 vulnerum,
774 1272 970 1333 pecuniae
990 1271 1222 1329 remissus,
1246 1271 1550 1318 crudelitatem
1575 1291 1675 1319 cum

269 1354 451 1398 avaritia
476 1364 664 1398 certasse
687 1353 977 1415 significabat.

334 1436 450 1479 LVI.
474 1434 659 1496 Aliquot
685 1444 783 1496 post
812 1434 966 1479 diebus
993 1433 1159 1479 litteras
1180 1452 1203 1480 a
1226 1438 1396 1481 Caesare
1423 1438 1577 1482 missas
1601 1456 1675 1484 ac·

265 1517 393 1577 cipit;
439 1516 600 1577 quibus
637 1517 888 1578 cognoscit,
935 1517 1220 1577 Pompeium,
1265 1519 1308 1562 in
1356 1520 1448 1563 acie
1482 1521 1675 1579 victum,

264 1599 433 1642 amissis
467 1599 605 1660 copiis
638 1597 815 1659 fugisse.
844 1598 947 1656 Qua
976 1614 1023 1642 re
1053 1600 1251 1660 cognita,
1293 1600 1480 1645 mixtam
1522 1601 1675 1647 dolore

265 1677 540 1741 voluptatem
571 1678 791 1740 capiebat.
826 1680 1038 1724 Victoriae
1074 1681 1257 1724 nuntius
1298 1680 1494 1727 laetitiam
1527 1685 1675 1746 expri—

263 1761 434 1818 mebat3
458 1762 708 1806 confectum
734 1759 901 1804 bellum
928 1759 1152 1805 licentiam
1184 1771 1434 1823 temporum
1466 1764 1675 1810 interclu-

268 1842 413 1887 debat.
447 1844 517 1887 Sic
552 1852 646 1887 erat
677 1842 840 1887 dubius
868 1843 1030 1899 animi,
1062 1852 1213 1887 utrum
1252 1844 1361 1888 nihil
1404 1847 1590 1905 timere,
1616 1864 1671 1892 an

264 1925 413 1969 omnia
441 1924 572 1969 licere
597 1924 758 1969 mallet.
785 1926 960 1969 Sanatis
983 1923 1242 1970 vulneribus
1258 1961 1269 1982 ,
1293 1928 1473 1972 arcessit
1496 1946 1672 1988 ornnes,

262 2008 337 2068 qui
364 2007 444 2051 sihi
471 2008 680 2069 pecunias
704 2023 917 2068 expensas
943 2005 1164 2065 tulerant,
1195 2019 1485 2071 acceptasque
1505 2027 1577 2056 eas
1595 2012 1670 2073 ju·

262 2090 337 2133 bet
358 2089 513 2133 referri
540 2107 548 2132 ε
579 2089 740 2150 quibus
768 2106 924 2151 parum
949 2089 1184 2134 videbatur
1215 2092 1477 2153 imposuisse
1502 2095 1671 2153 oneris,

264 2169 525 2233 ampliorem
563 2172 798 2233 pecuniam
835 2172 1038 2233 imperat.
1079 2174 1220 2234 AEque
1259 2184 1409 2218 autem
1443 2177 1672 2222 Romano-

263 2270 364 2297 rum
405 2252 617 2297 dilectum
654 2253 870 2310 instituit,
892 2270 1029 2315 quos,
1056 2271 1109 2298 ex
1139 2255 1346 2300 omnibus
1376 2258 1671 2304 conventibus

265 2334 541 2396 coloniisque
565 2335 866 2397 conscriptos,
892 2337 1189 2380 transmarina
1208 2335 1365 2382 militia
1390 2341 1671 2400 perterritOS,

261 2416 317 2461 ad
344 2417 608 2462 sacramenti
634 2416 984 2479 redemptionem
1012 2418 1210 2463 vocabat.
1234 2420 1452 2482 Magnum
1476 2421 1561 2467 hoc
1589 2422 1673 2467 fuit

263 2497 478 2561 vectigal,
513 2499 654 2560 majus
684 2508 833 2543 tamen
861 2499 1036 2544 creabat
1060 2499 1226 2544 odium.
1254 2502 1332 2546 His
1355 2502 1487 2546 rebus
1521 2503 1670 2548 confe-

262 2582 364 2638 ctis,
389 2592 533 2627 totum
560 2582 800 2627 exercitum
825 2581 997 2627 lustrat.
1024 2583 1263 2645 Legiones,
1288 2601 1398 2645 quas
1416 2587 1460 2629 in
1474 2585 1669 2630 Africam

264 2663 478 2710 ducturus
502 2675 619 2721 erat,
645 2675 686 2709 ct
707 2664 868 2710 auxilia
894 2667 1029 2710 mittit
1051 2665 1106 2711 ad
1131 2665 1360 2727 trajectum
1380 2684 1388 2711 :
1411 2668 1528 2730 ipse,
1557 2667 1665 2713 clas·
