<?xml version="1.0" encoding="UTF-8"?>
<!DOCTYPE html PUBLIC "-//W3C//DTD XHTML 1.0 Transitional//EN"
    "http://www.w3.org/TR/xhtml1/DTD/xhtml1-transitional.dtd">
<html xmlns="http://www.w3.org/1999/xhtml" xml:lang="en" lang="en">
 <head>
  <title>
</title>
<meta http-equiv="Content-Type" content="text/html;charset=utf-8" />
  <meta name='ocr-system' content='tesseract 3.04.00' />
  <meta name='ocr-capabilities' content='ocr_page ocr_carea ocr_par ocr_line ocrx_word'/>
</head>
<body>
  <div class='ocr_page' id='page_1' title='image "./operajoh0102caesuoft_0321.png"; bbox 0 0 1972 3356; ppageno 0'>
   <div class='ocr_carea' id='block_1_1' title="bbox 558 244 1568 297">
    <p class='ocr_par' dir='ltr' id='par_1_1' title="bbox 558 244 1568 297">
     <span class='ocr_line' id='line_1_1' title="bbox 558 244 1568 297; baseline -0.003 -15"><span class='ocrx_word' id='word_1_1' title='bbox 558 247 624 282; x_wconf 90' lang='lat' dir='ltr'><strong>DE</strong></span> <span class='ocrx_word' id='word_1_2' title='bbox 654 245 1003 297; x_wconf 26' lang='lat' dir='ltr'>BELLO&#39;CIVILI</span> <span class='ocrx_word' id='word_1_3' title='bbox 1033 247 1124 282; x_wconf 88' lang='lat' dir='ltr'>LIB.</span> <span class='ocrx_word' id='word_1_4' title='bbox 1154 247 1181 281; x_wconf 90' lang='grc' dir='ltr'><strong>Ι.</strong></span> <span class='ocrx_word' id='word_1_5' title='bbox 1526 244 1568 280; x_wconf 75' lang='lat'><strong>15&#39;</strong></span> 
     </span>
    </p>
   </div>
   <div class='ocr_carea' id='block_1_2' title="bbox 165 330 1577 2750">
    <p class='ocr_par' dir='ltr' id='par_1_2' title="bbox 165 330 1571 1206">
     <span class='ocr_line' id='line_1_2' title="bbox 166 330 1570 395; baseline -0.003 -17"><span class='ocrx_word' id='word_1_6' title='bbox 166 333 381 395; x_wconf 87' lang='lat' dir='ltr'><strong>petitione</strong></span> <span class='ocrx_word' id='word_1_7' title='bbox 414 331 670 378; x_wconf 87' lang='lat' dir='ltr'><strong>consulatus</strong></span> <span class='ocrx_word' id='word_1_8' title='bbox 700 333 755 377; x_wconf 88' lang='lat' dir='ltr'><strong>ab</strong></span> <span class='ocrx_word' id='word_1_9' title='bbox 787 348 838 376; x_wconf 92' lang='lat' dir='ltr'><strong>eo</strong></span> <span class='ocrx_word' id='word_1_10' title='bbox 866 341 959 376; x_wconf 88' lang='lat' dir='ltr'><strong>erat</strong></span> <span class='ocrx_word' id='word_1_11' title='bbox 992 330 1259 375; x_wconf 90' lang='lat' dir='ltr'><strong>sublevatus.</strong></span> <span class='ocrx_word' id='word_1_12' title='bbox 1297 330 1435 392; x_wconf 89' lang='lat' dir='ltr'><strong>Cujus</strong></span> <span class='ocrx_word' id='word_1_13' title='bbox 1473 346 1570 374; x_wconf 80' lang='lat' dir='ltr'><strong>ora—</strong></span> 
     </span>
     <span class='ocr_line' id='line_1_3' title="bbox 168 411 1567 476; baseline -0.003 -16"><span class='ocrx_word' id='word_1_14' title='bbox 168 416 333 460; x_wconf 86' lang='lat' dir='ltr'><strong>tionem</strong></span> <span class='ocrx_word' id='word_1_15' title='bbox 358 416 506 460; x_wconf 84' lang='lat' dir='ltr'><strong>Caesar</strong></span> <span class='ocrx_word' id='word_1_16' title='bbox 548 412 802 476; x_wconf 83' lang='lat' dir='ltr'>interpellat</span> <span class='ocrx_word' id='word_1_17' title='bbox 830 431 839 457; x_wconf 75' lang='grc' dir='ltr'>ε</span> <span class='ocrx_word' id='word_1_18' title='bbox 872 432 893 454; x_wconf 87' lang='lat'>«</span> <span class='ocrx_word' id='word_1_19' title='bbox 927 429 971 457; x_wconf 92' lang='lat' dir='ltr'><strong>se</strong></span> <span class='ocrx_word' id='word_1_20' title='bbox 1002 429 1093 457; x_wconf 89' lang='lat' dir='ltr'><strong>non</strong></span> <span class='ocrx_word' id='word_1_21' title='bbox 1117 411 1323 457; x_wconf 82' lang='lat' dir='ltr'><strong>maleficii</strong></span> <span class='ocrx_word' id='word_1_22' title='bbox 1357 428 1487 456; x_wconf 83' lang='lat' dir='ltr'><strong>causa</strong></span> <span class='ocrx_word' id='word_1_23' title='bbox 1517 428 1567 456; x_wconf 82' lang='lat' dir='ltr'>ex</span> 
     </span>
     <span class='ocr_line' id='line_1_4' title="bbox 168 491 1567 557; baseline -0.002 -18"><span class='ocrx_word' id='word_1_24' title='bbox 168 496 396 557; x_wconf 86' lang='lat' dir='ltr'><strong>provincia</strong></span> <span class='ocrx_word' id='word_1_25' title='bbox 416 511 640 557; x_wconf 81' lang='lat' dir='ltr'><strong>egressum</strong></span> <span class='ocrx_word' id='word_1_26' title='bbox 654 529 665 551; x_wconf 92' lang='lat'><strong>,</strong></span> <span class='ocrx_word' id='word_1_27' title='bbox 693 494 765 538; x_wconf 88' lang='lat' dir='ltr'><strong>sed</strong></span> <span class='ocrx_word' id='word_1_28' title='bbox 787 494 851 537; x_wconf 91' lang='lat' dir='ltr'><strong>uti</strong></span> <span class='ocrx_word' id='word_1_29' title='bbox 871 509 915 537; x_wconf 90' lang='lat' dir='ltr'><strong>se</strong></span> <span class='ocrx_word' id='word_1_30' title='bbox 937 510 960 537; x_wconf 92' lang='lat' dir='ltr'><strong>a</strong></span> <span class='ocrx_word' id='word_1_31' title='bbox 985 491 1266 537; x_wconf 88' lang='lat' dir='ltr'><strong>contumeliis</strong></span> <span class='ocrx_word' id='word_1_32' title='bbox 1281 493 1567 537; x_wconf 89' lang='lat' dir='ltr'><strong>inimicorum</strong></span> 
     </span>
     <span class='ocr_line' id='line_1_5' title="bbox 168 572 1568 635; baseline -0.001 -16"><span class='ocrx_word' id='word_1_33' title='bbox 168 576 442 631; x_wconf 86' lang='lat' dir='ltr'><strong>defenderet,</strong></span> <span class='ocrx_word' id='word_1_34' title='bbox 465 585 513 620; x_wconf 90' lang='lat' dir='ltr'><strong>ut</strong></span> <span class='ocrx_word' id='word_1_35' title='bbox 539 575 742 620; x_wconf 88' lang='lat' dir='ltr'><strong>tribunos</strong></span> <span class='ocrx_word' id='word_1_36' title='bbox 771 573 910 635; x_wconf 87' lang='lat' dir='ltr'><strong>plebis</strong></span> <span class='ocrx_word' id='word_1_37' title='bbox 936 591 984 618; x_wconf 91' lang='lat' dir='ltr'><strong>ca</strong></span> <span class='ocrx_word' id='word_1_38' title='bbox 1012 591 1058 618; x_wconf 84' lang='lat' dir='ltr'><strong>re</strong></span> <span class='ocrx_word' id='word_1_39' title='bbox 1082 590 1132 618; x_wconf 82' lang='lat' dir='ltr'>ex</span> <span class='ocrx_word' id='word_1_40' title='bbox 1154 574 1332 618; x_wconf 86' lang='lat' dir='ltr'><strong>civitate</strong></span> <span class='ocrx_word' id='word_1_41' title='bbox 1364 572 1568 635; x_wconf 87' lang='lat' dir='ltr'><strong>expulsos</strong></span> 
     </span>
     <span class='ocr_line' id='line_1_6' title="bbox 168 653 1567 718; baseline -0.002 -16"><span class='ocrx_word' id='word_1_42' title='bbox 168 659 210 702; x_wconf 92' lang='lat' dir='ltr'><strong>in</strong></span> <span class='ocrx_word' id='word_1_43' title='bbox 241 673 365 702; x_wconf 89' lang='lat' dir='ltr'><strong>suam</strong></span> <span class='ocrx_word' id='word_1_44' title='bbox 401 656 660 718; x_wconf 83' lang='lat' dir='ltr'><strong>dignitatem</strong></span> <span class='ocrx_word' id='word_1_45' title='bbox 697 656 978 712; x_wconf 85' lang='lat' dir='ltr'><strong>restitueret,</strong></span> <span class='ocrx_word' id='word_1_46' title='bbox 1017 664 1066 698; x_wconf 91' lang='lat' dir='ltr'><strong>ut</strong></span> <span class='ocrx_word' id='word_1_47' title='bbox 1092 671 1136 698; x_wconf 93' lang='lat' dir='ltr'><strong>se</strong></span> <span class='ocrx_word' id='word_1_48' title='bbox 1169 664 1211 698; x_wconf 90' lang='lat' dir='ltr'><strong>et</strong></span> <span class='ocrx_word' id='word_1_49' title='bbox 1249 653 1463 715; x_wconf 91' lang='lat' dir='ltr'><strong>populum</strong></span> <span class='ocrx_word' id='word_1_50' title='bbox 1495 673 1567 700; x_wconf 92' lang='lat' dir='ltr'><strong>ro—</strong></span> 
     </span>
     <span class='ocr_line' id='line_1_7' title="bbox 166 733 1568 799; baseline -0.003 -16"><span class='ocrx_word' id='word_1_51' title='bbox 166 755 368 795; x_wconf 86' lang='lat' dir='ltr'><strong>manum,</strong></span> <span class='ocrx_word' id='word_1_52' title='bbox 401 753 643 799; x_wconf 88' lang='lat' dir='ltr'><strong>paucorum</strong></span> <span class='ocrx_word' id='word_1_53' title='bbox 681 735 870 780; x_wconf 81' lang='lat' dir='ltr'><strong>factione</strong></span> <span class='ocrx_word' id='word_1_54' title='bbox 910 752 1197 797; x_wconf 86' lang='lat' dir='ltr'><strong>oppressum,</strong></span> <span class='ocrx_word' id='word_1_55' title='bbox 1238 735 1283 779; x_wconf 88' lang='lat' dir='ltr'><strong>in</strong></span> <span class='ocrx_word' id='word_1_56' title='bbox 1320 733 1568 780; x_wconf 86' lang='lat' dir='ltr'><strong>libertatem</strong></span> 
     </span>
     <span class='ocr_line' id='line_1_8' title="bbox 166 815 1569 879; baseline -0.001 -18"><span class='ocrx_word' id='word_1_57' title='bbox 166 819 420 863; x_wconf 84' lang='lat' dir='ltr'><strong>vindicaret.</strong></span> <span class='ocrx_word' id='word_1_58' title='bbox 442 838 463 859; x_wconf 68' lang='lat'><strong>³)</strong></span> <span class='ocrx_word' id='word_1_59' title='bbox 483 818 621 879; x_wconf 86' lang='lat' dir='ltr'><strong>Cujus</strong></span> <span class='ocrx_word' id='word_1_60' title='bbox 643 818 842 862; x_wconf 90' lang='lat' dir='ltr'><strong>oratione</strong></span> <span class='ocrx_word' id='word_1_61' title='bbox 863 816 1153 862; x_wconf 86' lang='lat' dir='ltr'><strong>confirmatus</strong></span> <span class='ocrx_word' id='word_1_62' title='bbox 1174 815 1412 874; x_wconf 83' lang='lat' dir='ltr'><strong>Lentulus,</strong></span> <span class='ocrx_word' id='word_1_63' title='bbox 1437 817 1501 860; x_wconf 91' lang='lat' dir='ltr'><strong>uti</strong></span> <span class='ocrx_word' id='word_1_64' title='bbox 1524 817 1569 861; x_wconf 89' lang='lat' dir='ltr'><strong>in</strong></span> 
     </span>
     <span class='ocr_line' id='line_1_9' title="bbox 165 896 1571 962; baseline -0.003 -17"><span class='ocrx_word' id='word_1_65' title='bbox 165 899 379 962; x_wconf 91' lang='lat' dir='ltr'><strong>oppidum</strong></span> <span class='ocrx_word' id='word_1_66' title='bbox 406 900 564 944; x_wconf 91' lang='lat' dir='ltr'><strong>reverti</strong></span> <span class='ocrx_word' id='word_1_67' title='bbox 591 898 744 956; x_wconf 81' lang='lat' dir='ltr'><strong>liceat,</strong></span> <span class='ocrx_word' id='word_1_68' title='bbox 772 898 911 960; x_wconf 88' lang='lat' dir='ltr'><strong>petit;</strong></span> <span class='ocrx_word' id='word_1_69' title='bbox 939 897 1061 960; x_wconf 89' lang='lat' dir='ltr'><strong>quod</strong></span> <span class='ocrx_word' id='word_1_70' title='bbox 1084 897 1138 942; x_wconf 91' lang='lat' dir='ltr'><strong>de</strong></span> <span class='ocrx_word' id='word_1_71' title='bbox 1161 914 1243 942; x_wconf 86' lang='lat' dir='ltr'><strong>sua</strong></span> <span class='ocrx_word' id='word_1_72' title='bbox 1268 896 1408 942; x_wconf 89' lang='lat' dir='ltr'><strong>salute</strong></span> <span class='ocrx_word' id='word_1_73' title='bbox 1433 898 1571 959; x_wconf 86' lang='lat' dir='ltr'><strong>impe—</strong></span> 
     </span>
     <span class='ocr_line' id='line_1_10' title="bbox 166 977 1570 1041; baseline -0.002 -16"><span class='ocrx_word' id='word_1_74' title='bbox 166 982 369 1039; x_wconf 81' lang='lat' dir='ltr'><strong>traverit,</strong></span> <span class='ocrx_word' id='word_1_75' title='bbox 392 980 484 1026; x_wconf 85' lang='lat' dir='ltr'><strong>fore</strong></span> <span class='ocrx_word' id='word_1_76' title='bbox 504 980 637 1025; x_wconf 87' lang='lat' dir='ltr'><strong>etiam</strong></span> <span class='ocrx_word' id='word_1_77' title='bbox 663 979 847 1041; x_wconf 83' lang='lat' dir='ltr'><strong>reliquis</strong></span> <span class='ocrx_word' id='word_1_78' title='bbox 872 978 926 1023; x_wconf 88' lang='lat' dir='ltr'><strong>ad</strong></span> <span class='ocrx_word' id='word_1_79' title='bbox 953 996 1076 1024; x_wconf 88' lang='lat' dir='ltr'><strong>suam</strong></span> <span class='ocrx_word' id='word_1_80' title='bbox 1101 995 1224 1041; x_wconf 83' lang='lat' dir='ltr'><strong>spem</strong></span> <span class='ocrx_word' id='word_1_81' title='bbox 1252 977 1432 1033; x_wconf 81' lang='lat' dir='ltr'><strong>solati03</strong></span> <span class='ocrx_word' id='word_1_82' title='bbox 1461 977 1570 1023; x_wconf 85' lang='lat' dir='ltr'><strong>adeo</strong></span> 
     </span>
     <span class='ocr_line' id='line_1_11' title="bbox 165 1059 1569 1124; baseline -0.002 -17"><span class='ocrx_word' id='word_1_83' title='bbox 165 1079 258 1107; x_wconf 84' lang='lat' dir='ltr'><strong>esse</strong></span> <span class='ocrx_word' id='word_1_84' title='bbox 293 1062 551 1124; x_wconf 87' lang='lat' dir='ltr'><strong>perterritos</strong></span> <span class='ocrx_word' id='word_1_85' title='bbox 578 1059 844 1115; x_wconf 78' lang='lat' dir='ltr'><strong>nonnullos,</strong></span> <span class='ocrx_word' id='word_1_86' title='bbox 881 1071 930 1106; x_wconf 93' lang='lat' dir='ltr'><strong>ut</strong></span> <span class='ocrx_word' id='word_1_87' title='bbox 956 1078 1044 1105; x_wconf 85' lang='lat' dir='ltr'><strong>suae</strong></span> <span class='ocrx_word' id='word_1_88' title='bbox 1083 1061 1184 1105; x_wconf 88' lang='lat' dir='ltr'><strong>vitae</strong></span> <span class='ocrx_word' id='word_1_89' title='bbox 1224 1060 1379 1105; x_wconf 88' lang='lat' dir='ltr'><strong>durius</strong></span> <span class='ocrx_word' id='word_1_90' title='bbox 1409 1077 1569 1104; x_wconf 86' lang='lat' dir='ltr'><strong>consu-</strong></span> 
     </span>
     <span class='ocr_line' id='line_1_12' title="bbox 167 1142 1154 1206; baseline -0.001 -19"><span class='ocrx_word' id='word_1_91' title='bbox 167 1143 255 1188; x_wconf 82' lang='lat' dir='ltr'>lere</span> <span class='ocrx_word' id='word_1_92' title='bbox 278 1153 509 1206; x_wconf 82' lang='lat' dir='ltr'><strong>cogantur.</strong></span> <span class='ocrx_word' id='word_1_93' title='bbox 534 1146 668 1189; x_wconf 91' lang='lat' dir='ltr'><strong>Facta</strong></span> <span class='ocrx_word' id='word_1_94' title='bbox 696 1152 929 1205; x_wconf 75' lang='lat' dir='ltr'>potestate,</span> <span class='ocrx_word' id='word_1_95' title='bbox 955 1142 1154 1187; x_wconf 83' lang='lat' dir='ltr'>discedit.</span> 
     </span>
    </p>

    <p class='ocr_par' dir='ltr' id='par_1_3' title="bbox 167 1223 1577 2750">
     <span class='ocr_line' id='line_1_13' title="bbox 232 1223 1572 1283; baseline -0.001 -14"><span class='ocrx_word' id='word_1_96' title='bbox 232 1227 401 1270; x_wconf 88' lang='lat' dir='ltr'>XXIII.</span> <span class='ocrx_word' id='word_1_97' title='bbox 443 1227 611 1283; x_wconf 83' lang='lat' dir='ltr'><strong>Caesar,</strong></span> <span class='ocrx_word' id='word_1_98' title='bbox 653 1225 729 1269; x_wconf 86' lang='lat' dir='ltr'><strong>ubi</strong></span> <span class='ocrx_word' id='word_1_99' title='bbox 779 1223 945 1281; x_wconf 85' lang='lat' dir='ltr'><strong>illuxit,</strong></span> <span class='ocrx_word' id='word_1_100' title='bbox 987 1240 1137 1268; x_wconf 89' lang='lat' dir='ltr'><strong>omnes</strong></span> <span class='ocrx_word' id='word_1_101' title='bbox 1184 1234 1410 1269; x_wconf 81' lang='lat' dir='ltr'>senatores</span> <span class='ocrx_word' id='word_1_102' title='bbox 1449 1240 1572 1268; x_wconf 91' lang='lat' dir='ltr'><strong>sena-</strong></span> 
     </span>
     <span class='ocr_line' id='line_1_14' title="bbox 168 1305 1571 1368; baseline -0.001 -17"><span class='ocrx_word' id='word_1_103' title='bbox 168 1317 405 1368; x_wconf 89' lang='lat' dir='ltr'><strong>torumque</strong></span> <span class='ocrx_word' id='word_1_104' title='bbox 433 1306 618 1363; x_wconf 89' lang='lat' dir='ltr'><strong>liberos,</strong></span> <span class='ocrx_word' id='word_1_105' title='bbox 659 1308 863 1352; x_wconf 88' lang='lat' dir='ltr'><strong>tribunos</strong></span> <span class='ocrx_word' id='word_1_106' title='bbox 901 1305 1093 1351; x_wconf 86' lang='lat' dir='ltr'><strong>militum</strong></span> <span class='ocrx_word' id='word_1_107' title='bbox 1130 1308 1389 1368; x_wconf 87' lang='lat' dir='ltr'>equitesque</span> <span class='ocrx_word' id='word_1_108' title='bbox 1428 1323 1571 1351; x_wconf 88' lang='lat' dir='ltr'><strong>roma-</strong></span> 
     </span>
     <span class='ocr_line' id='line_1_15' title="bbox 168 1387 1572 1450; baseline 0 -19"><span class='ocrx_word' id='word_1_109' title='bbox 168 1404 247 1432; x_wconf 90' lang='lat' dir='ltr'><strong>nos</strong></span> <span class='ocrx_word' id='word_1_110' title='bbox 276 1388 332 1432; x_wconf 84' lang='lat' dir='ltr'><strong>ad</strong></span> <span class='ocrx_word' id='word_1_111' title='bbox 360 1404 405 1432; x_wconf 88' lang='lat' dir='ltr'><strong>se</strong></span> <span class='ocrx_word' id='word_1_112' title='bbox 428 1388 616 1450; x_wconf 84' lang='lat' dir='ltr'><strong>produci</strong></span> <span class='ocrx_word' id='word_1_113' title='bbox 636 1389 779 1449; x_wconf 87' lang='lat' dir='ltr'><strong>jubet.</strong></span> <span class='ocrx_word' id='word_1_114' title='bbox 811 1391 949 1433; x_wconf 85' lang='lat' dir='ltr'><strong>Erant</strong></span> <span class='ocrx_word' id='word_1_115' title='bbox 976 1389 1184 1433; x_wconf 86' lang='lat' dir='ltr'><strong>senatorii</strong></span> <span class='ocrx_word' id='word_1_116' title='bbox 1208 1387 1376 1432; x_wconf 86' lang='lat' dir='ltr'><strong>ordinis</strong></span> <span class='ocrx_word' id='word_1_117' title='bbox 1403 1389 1454 1432; x_wconf 89' lang='lat' dir='ltr'><strong>L.</strong></span> <span class='ocrx_word' id='word_1_118' title='bbox 1479 1390 1572 1432; x_wconf 87' lang='lat' dir='ltr'><strong>Do-</strong></span> 
     </span>
     <span class='ocr_line' id='line_1_16' title="bbox 167 1467 1570 1530; baseline 0 -18"><span class='ocrx_word' id='word_1_119' title='bbox 167 1469 337 1526; x_wconf 85' lang='lat' dir='ltr'><strong>mitius,</strong></span> <span class='ocrx_word' id='word_1_120' title='bbox 369 1471 415 1514; x_wconf 89' lang='lat' dir='ltr'><strong>P.</strong></span> <span class='ocrx_word' id='word_1_121' title='bbox 446 1467 660 1513; x_wconf 89' lang='lat' dir='ltr'>Lentulus</span> <span class='ocrx_word' id='word_1_122' title='bbox 683 1469 918 1530; x_wconf 83' lang='lat' dir='ltr'><strong>Spinther,</strong></span> <span class='ocrx_word' id='word_1_123' title='bbox 946 1471 996 1513; x_wconf 90' lang='lat' dir='ltr'><strong>L.</strong></span> <span class='ocrx_word' id='word_1_124' title='bbox 1026 1467 1250 1514; x_wconf 86' lang='lat' dir='ltr'><strong>Vibullius</strong></span> <span class='ocrx_word' id='word_1_125' title='bbox 1279 1468 1447 1525; x_wconf 83' lang='lat' dir='ltr'><strong>Rufus,</strong></span> <span class='ocrx_word' id='word_1_126' title='bbox 1473 1471 1570 1513; x_wconf 77' lang='lat' dir='ltr'>Sex.</span> 
     </span>
     <span class='ocr_line' id='line_1_17' title="bbox 167 1549 1572 1612; baseline -0.001 -18"><span class='ocrx_word' id='word_1_127' title='bbox 167 1549 412 1608; x_wconf 88' lang='lat' dir='ltr'><strong>Quintilius</strong></span> <span class='ocrx_word' id='word_1_128' title='bbox 442 1552 610 1607; x_wconf 81' lang='lat' dir='ltr'><strong>Varus,</strong></span> <span class='ocrx_word' id='word_1_129' title='bbox 647 1560 857 1611; x_wconf 77' lang='lat' dir='ltr'><strong>quaestor,</strong></span> <span class='ocrx_word' id='word_1_130' title='bbox 884 1553 934 1595; x_wconf 90' lang='lat' dir='ltr'><strong>L.</strong></span> <span class='ocrx_word' id='word_1_131' title='bbox 970 1550 1188 1606; x_wconf 81' lang='lat' dir='ltr'><strong>Rubrius3</strong></span> <span class='ocrx_word' id='word_1_132' title='bbox 1218 1560 1428 1612; x_wconf 67' lang='lat' dir='ltr'><strong>praeterea</strong></span> <span class='ocrx_word' id='word_1_133' title='bbox 1457 1549 1572 1594; x_wconf 78' lang='lat' dir='ltr'><strong>filius</strong></span> 
     </span>
     <span class='ocr_line' id='line_1_18' title="bbox 167 1631 1571 1694; baseline -0.001 -17"><span class='ocrx_word' id='word_1_134' title='bbox 167 1633 380 1688; x_wconf 91' lang='lat' dir='ltr'><strong>Domitii,</strong></span> <span class='ocrx_word' id='word_1_135' title='bbox 432 1632 595 1694; x_wconf 85' lang='lat' dir='ltr'><strong>aliique</strong></span> <span class='ocrx_word' id='word_1_136' title='bbox 639 1632 889 1694; x_wconf 87' lang='lat' dir='ltr'><strong>complures</strong></span> <span class='ocrx_word' id='word_1_137' title='bbox 937 1631 1259 1685; x_wconf 80' lang='lat' dir='ltr'><strong>adolescentes,</strong></span> <span class='ocrx_word' id='word_1_138' title='bbox 1299 1642 1340 1677; x_wconf 90' lang='lat' dir='ltr'><strong>et</strong></span> <span class='ocrx_word' id='word_1_139' title='bbox 1384 1648 1571 1693; x_wconf 85' lang='lat' dir='ltr'><strong>magnus</strong></span> 
     </span>
     <span class='ocr_line' id='line_1_19' title="bbox 168 1713 1572 1775; baseline -0.001 -17"><span class='ocrx_word' id='word_1_140' title='bbox 168 1730 379 1758; x_wconf 87' lang='lat' dir='ltr'><strong>numerus</strong></span> <span class='ocrx_word' id='word_1_141' title='bbox 405 1715 604 1775; x_wconf 89' lang='lat' dir='ltr'><strong>equitum</strong></span> <span class='ocrx_word' id='word_1_142' title='bbox 629 1731 917 1758; x_wconf 87' lang='lat' dir='ltr'><strong>romanorum</strong></span> <span class='ocrx_word' id='word_1_143' title='bbox 957 1723 1000 1758; x_wconf 91' lang='lat' dir='ltr'><strong>et</strong></span> <span class='ocrx_word' id='word_1_144' title='bbox 1039 1713 1356 1771; x_wconf 86' lang='lat' dir='ltr'><strong>decurionum,</strong></span> <span class='ocrx_word' id='word_1_145' title='bbox 1386 1730 1497 1774; x_wconf 85' lang='lat' dir='ltr'><strong>quos</strong></span> <span class='ocrx_word' id='word_1_146' title='bbox 1521 1730 1572 1757; x_wconf 74' lang='lat' dir='ltr'>ex</span> 
     </span>
     <span class='ocr_line' id='line_1_20' title="bbox 169 1794 1570 1857; baseline -0.001 -17"><span class='ocrx_word' id='word_1_147' title='bbox 169 1796 420 1857; x_wconf 90' lang='lat' dir='ltr'><strong>municipiis</strong></span> <span class='ocrx_word' id='word_1_148' title='bbox 439 1796 661 1840; x_wconf 89' lang='lat' dir='ltr'><strong>Domitius</strong></span> <span class='ocrx_word' id='word_1_149' title='bbox 682 1805 955 1839; x_wconf 84' lang='lat' dir='ltr'><strong>evocaverat.</strong></span> <span class='ocrx_word' id='word_1_150' title='bbox 981 1798 1073 1839; x_wconf 92' lang='lat' dir='ltr'><strong>Hos</strong></span> <span class='ocrx_word' id='word_1_151' title='bbox 1104 1812 1257 1839; x_wconf 89' lang='lat' dir='ltr'><strong>omnes</strong></span> <span class='ocrx_word' id='word_1_152' title='bbox 1284 1794 1526 1856; x_wconf 84' lang='lat' dir='ltr'><strong>productos</strong></span> <span class='ocrx_word' id='word_1_153' title='bbox 1547 1811 1570 1838; x_wconf 89' lang='lat' dir='ltr'><strong>a</strong></span> 
     </span>
     <span class='ocr_line' id='line_1_21' title="bbox 170 1874 1573 1937; baseline -0.001 -17"><span class='ocrx_word' id='word_1_154' title='bbox 170 1876 449 1920; x_wconf 89' lang='lat' dir='ltr'><strong>contumeliis</strong></span> <span class='ocrx_word' id='word_1_155' title='bbox 479 1875 667 1920; x_wconf 87' lang='lat' dir='ltr'><strong>militum</strong></span> <span class='ocrx_word' id='word_1_156' title='bbox 691 1876 988 1936; x_wconf 89' lang='lat' dir='ltr'><strong>conviciisque</strong></span> <span class='ocrx_word' id='word_1_157' title='bbox 1014 1875 1220 1937; x_wconf 89' lang='lat' dir='ltr'><strong>prohibet</strong></span> <span class='ocrx_word' id='word_1_158' title='bbox 1245 1892 1254 1919; x_wconf 91' lang='lat'>:</span> <span class='ocrx_word' id='word_1_159' title='bbox 1284 1891 1424 1936; x_wconf 85' lang='lat' dir='ltr'><strong>pauca</strong></span> <span class='ocrx_word' id='word_1_160' title='bbox 1453 1874 1573 1936; x_wconf 88' lang='lat' dir='ltr'><strong>apud</strong></span> 
     </span>
     <span class='ocr_line' id='line_1_22' title="bbox 171 1954 1574 2018; baseline -0.001 -17"><span class='ocrx_word' id='word_1_161' title='bbox 171 1974 244 2001; x_wconf 91' lang='lat' dir='ltr'><strong>eos</strong></span> <span class='ocrx_word' id='word_1_162' title='bbox 276 1956 497 2018; x_wconf 89' lang='lat' dir='ltr'><strong>loquitur,</strong></span> <span class='ocrx_word' id='word_1_163' title='bbox 521 1976 540 1998; x_wconf 89' lang='lat'>«</span> <span class='ocrx_word' id='word_1_164' title='bbox 564 1956 685 2018; x_wconf 89' lang='lat' dir='ltr'><strong>quod</strong></span> <span class='ocrx_word' id='word_1_165' title='bbox 717 1956 799 2001; x_wconf 92' lang='lat' dir='ltr'><strong>sibi</strong></span> <span class='ocrx_word' id='word_1_166' title='bbox 840 1973 865 2000; x_wconf 89' lang='lat' dir='ltr'><strong>a</strong></span> <span class='ocrx_word' id='word_1_167' title='bbox 903 1966 1028 2018; x_wconf 85' lang='lat' dir='ltr'><strong>parte</strong></span> <span class='ocrx_word' id='word_1_168' title='bbox 1073 1973 1227 2000; x_wconf 90' lang='lat' dir='ltr'><strong>eorum</strong></span> <span class='ocrx_word' id='word_1_169' title='bbox 1259 1957 1402 2018; x_wconf 83' lang='lat' dir='ltr'><strong>gratia</strong></span> <span class='ocrx_word' id='word_1_170' title='bbox 1436 1954 1574 2000; x_wconf 87' lang='lat' dir='ltr'><strong>relata</strong></span> 
     </span>
     <span class='ocr_line' id='line_1_23' title="bbox 173 2039 1575 2101; baseline 0 -19"><span class='ocrx_word' id='word_1_171' title='bbox 173 2055 262 2083; x_wconf 87' lang='lat' dir='ltr'><strong>non</strong></span> <span class='ocrx_word' id='word_1_172' title='bbox 295 2039 349 2083; x_wconf 87' lang='lat' dir='ltr'><strong>sit</strong></span> <span class='ocrx_word' id='word_1_173' title='bbox 382 2056 463 2101; x_wconf 88' lang='lat' dir='ltr'><strong>pro</strong></span> <span class='ocrx_word' id='word_1_174' title='bbox 495 2039 582 2084; x_wconf 90' lang='lat' dir='ltr'><strong>suis</strong></span> <span class='ocrx_word' id='word_1_175' title='bbox 625 2039 670 2083; x_wconf 91' lang='lat' dir='ltr'><strong>in</strong></span> <span class='ocrx_word' id='word_1_176' title='bbox 703 2055 776 2084; x_wconf 92' lang='lat' dir='ltr'><strong>eos</strong></span> <span class='ocrx_word' id='word_1_177' title='bbox 810 2039 1012 2084; x_wconf 85' lang='lat' dir='ltr'><strong>maximis</strong></span> <span class='ocrx_word' id='word_1_178' title='bbox 1049 2039 1288 2083; x_wconf 86' lang='lat' dir='ltr'><strong>beneficiis.</strong></span> <span class='ocrx_word' id='word_1_179' title='bbox 1317 2059 1338 2079; x_wconf 64' lang='lat'><strong>³&gt;</strong></span> <span class='ocrx_word' id='word_1_180' title='bbox 1377 2039 1575 2083; x_wconf 89' lang='lat' dir='ltr'><strong>Dimittit</strong></span> 
     </span>
     <span class='ocr_line' id='line_1_24' title="bbox 173 2118 1575 2181; baseline 0 -18"><span class='ocrx_word' id='word_1_181' title='bbox 173 2136 324 2164; x_wconf 88' lang='lat' dir='ltr'><strong>omnes</strong></span> <span class='ocrx_word' id='word_1_182' title='bbox 352 2119 605 2165; x_wconf 88' lang='lat' dir='ltr'><strong>incolumes.</strong></span> <span class='ocrx_word' id='word_1_183' title='bbox 639 2121 899 2165; x_wconf 86' lang='lat' dir='ltr'><strong>Sestertium</strong></span> <span class='ocrx_word' id='word_1_184' title='bbox 923 2120 1143 2181; x_wconf 85' lang='lat' dir='ltr'><strong>sexagies,</strong></span> <span class='ocrx_word' id='word_1_185' title='bbox 1181 2119 1302 2181; x_wconf 89' lang='lat' dir='ltr'><strong>quod</strong></span> <span class='ocrx_word' id='word_1_186' title='bbox 1335 2118 1575 2164; x_wconf 85' lang='lat' dir='ltr'><strong>advexerat</strong></span> 
     </span>
     <span class='ocr_line' id='line_1_25' title="bbox 173 2200 1575 2263; baseline 0 -19"><span class='ocrx_word' id='word_1_187' title='bbox 173 2201 418 2258; x_wconf 87' lang='lat' dir='ltr'><strong>Domitius,</strong></span> <span class='ocrx_word' id='word_1_188' title='bbox 445 2210 577 2262; x_wconf 86' lang='lat' dir='ltr'><strong>atque</strong></span> <span class='ocrx_word' id='word_1_189' title='bbox 611 2202 656 2245; x_wconf 92' lang='lat' dir='ltr'><strong>in</strong></span> <span class='ocrx_word' id='word_1_190' title='bbox 695 2200 922 2263; x_wconf 90' lang='lat' dir='ltr'><strong>publicum</strong></span> <span class='ocrx_word' id='word_1_191' title='bbox 964 2200 1257 2263; x_wconf 87' lang='lat' dir='ltr'><strong>deposuerat,</strong></span> <span class='ocrx_word' id='word_1_192' title='bbox 1291 2200 1473 2245; x_wconf 84' lang='lat' dir='ltr'><strong>allatum</strong></span> <span class='ocrx_word' id='word_1_193' title='bbox 1518 2200 1575 2246; x_wconf 84' lang='lat' dir='ltr'><strong>ad</strong></span> 
     </span>
     <span class='ocr_line' id='line_1_26' title="bbox 174 2281 1574 2339; baseline 0.001 -13"><span class='ocrx_word' id='word_1_194' title='bbox 174 2298 220 2326; x_wconf 87' lang='lat' dir='ltr'><strong>se</strong></span> <span class='ocrx_word' id='word_1_195' title='bbox 245 2282 302 2326; x_wconf 83' lang='lat' dir='ltr'><strong>ab</strong></span> <span class='ocrx_word' id='word_1_196' title='bbox 325 2281 572 2327; x_wconf 89' lang='lat' dir='ltr'><strong>duumviris</strong></span> <span class='ocrx_word' id='word_1_197' title='bbox 592 2283 950 2339; x_wconf 88' lang='lat' dir='ltr'><strong>corfiniensibus,</strong></span> <span class='ocrx_word' id='word_1_198' title='bbox 975 2283 1175 2328; x_wconf 89' lang='lat' dir='ltr'><strong>Domitio</strong></span> <span class='ocrx_word' id='word_1_199' title='bbox 1201 2282 1370 2339; x_wconf 87' lang='lat' dir='ltr'><strong>reddit,</strong></span> <span class='ocrx_word' id='word_1_200' title='bbox 1391 2299 1448 2327; x_wconf 89' lang='lat' dir='ltr'><strong>ne</strong></span> <span class='ocrx_word' id='word_1_201' title='bbox 1473 2299 1574 2327; x_wconf 89' lang='lat' dir='ltr'><strong>con-</strong></span> 
     </span>
     <span class='ocr_line' id='line_1_27' title="bbox 177 2363 1576 2426; baseline 0.001 -20"><span class='ocrx_word' id='word_1_202' title='bbox 177 2363 391 2407; x_wconf 89' lang='lat' dir='ltr'><strong>tinentior</strong></span> <span class='ocrx_word' id='word_1_203' title='bbox 416 2363 462 2407; x_wconf 92' lang='lat' dir='ltr'><strong>in</strong></span> <span class='ocrx_word' id='word_1_204' title='bbox 487 2364 580 2408; x_wconf 86' lang='lat' dir='ltr'><strong>vita</strong></span> <span class='ocrx_word' id='word_1_205' title='bbox 603 2364 857 2419; x_wconf 88' lang='lat' dir='ltr'><strong>hominum,</strong></span> <span class='ocrx_word' id='word_1_206' title='bbox 884 2381 1018 2426; x_wconf 89' lang='lat' dir='ltr'><strong>quam</strong></span> <span class='ocrx_word' id='word_1_207' title='bbox 1040 2365 1083 2408; x_wconf 92' lang='lat' dir='ltr'><strong>in</strong></span> <span class='ocrx_word' id='word_1_208' title='bbox 1111 2365 1325 2426; x_wconf 88' lang='lat' dir='ltr'><strong>pecunia,</strong></span> <span class='ocrx_word' id='word_1_209' title='bbox 1353 2363 1488 2408; x_wconf 88' lang='lat' dir='ltr'><strong>fuisse</strong></span> <span class='ocrx_word' id='word_1_210' title='bbox 1515 2365 1576 2407; x_wconf 91' lang='lat' dir='ltr'><strong>vi-</strong></span> 
     </span>
     <span class='ocr_line' id='line_1_28' title="bbox 175 2442 1574 2507; baseline 0.002 -20"><span class='ocrx_word' id='word_1_211' title='bbox 175 2442 353 2501; x_wconf 57' lang='lat' dir='ltr'><strong>deatum</strong></span> <span class='ocrx_word' id='word_1_212' title='bbox 395 2444 472 2489; x_wconf 90' lang='lat' dir='ltr'><strong>etsi</strong></span> <span class='ocrx_word' id='word_1_213' title='bbox 513 2461 610 2489; x_wconf 87' lang='lat' dir='ltr'><strong>eam</strong></span> <span class='ocrx_word' id='word_1_214' title='bbox 650 2445 884 2507; x_wconf 87' lang='lat' dir='ltr'><strong>pecuniam</strong></span> <span class='ocrx_word' id='word_1_215' title='bbox 927 2445 1152 2507; x_wconf 87' lang='lat' dir='ltr'><strong>publicam</strong></span> <span class='ocrx_word' id='word_1_216' title='bbox 1196 2462 1287 2490; x_wconf 87' lang='lat' dir='ltr'><strong>esse</strong></span> <span class='ocrx_word' id='word_1_217' title='bbox 1318 2445 1574 2503; x_wconf 85' lang='lat' dir='ltr'><strong>constabat,</strong></span> 
     </span>
     <span class='ocr_line' id='line_1_29' title="bbox 175 2523 1574 2589; baseline 0.002 -21"><span class='ocrx_word' id='word_1_218' title='bbox 175 2523 410 2586; x_wconf 89' lang='lat' dir='ltr'><strong>datamque</strong></span> <span class='ocrx_word' id='word_1_219' title='bbox 434 2543 457 2570; x_wconf 84' lang='lat' dir='ltr'><strong>a</strong></span> <span class='ocrx_word' id='word_1_220' title='bbox 486 2526 698 2588; x_wconf 88' lang='lat' dir='ltr'><strong>Pompeio</strong></span> <span class='ocrx_word' id='word_1_221' title='bbox 718 2527 763 2571; x_wconf 89' lang='lat' dir='ltr'><strong>in</strong></span> <span class='ocrx_word' id='word_1_222' title='bbox 793 2527 1077 2589; x_wconf 90' lang='lat' dir='ltr'><strong>stipendium.</strong></span> <span class='ocrx_word' id='word_1_223' title='bbox 1103 2526 1268 2572; x_wconf 87' lang='lat' dir='ltr'><strong>Milites</strong></span> <span class='ocrx_word' id='word_1_224' title='bbox 1292 2527 1574 2572; x_wconf 86' lang='lat' dir='ltr'><strong>Domitianos</strong></span> 
     </span>
     <span class='ocr_line' id='line_1_30' title="bbox 176 2607 1574 2672; baseline 0.001 -22"><span class='ocrx_word' id='word_1_225' title='bbox 176 2617 496 2652; x_wconf 87' lang='lat' dir='ltr'><strong>sacramentum</strong></span> <span class='ocrx_word' id='word_1_226' title='bbox 519 2607 636 2669; x_wconf 87' lang='lat' dir='ltr'><strong>apud</strong></span> <span class='ocrx_word' id='word_1_227' title='bbox 663 2625 708 2653; x_wconf 90' lang='lat' dir='ltr'><strong>se</strong></span> <span class='ocrx_word' id='word_1_228' title='bbox 731 2608 897 2666; x_wconf 85' lang='lat' dir='ltr'><strong>dicere,</strong></span> <span class='ocrx_word' id='word_1_229' title='bbox 921 2609 1073 2672; x_wconf 89' lang='lat' dir='ltr'><strong>jubet,</strong></span> <span class='ocrx_word' id='word_1_230' title='bbox 1094 2619 1226 2670; x_wconf 90' lang='lat' dir='ltr'><strong>atque</strong></span> <span class='ocrx_word' id='word_1_231' title='bbox 1249 2625 1301 2653; x_wconf 92' lang='lat' dir='ltr'><strong>eo</strong></span> <span class='ocrx_word' id='word_1_232' title='bbox 1335 2607 1407 2653; x_wconf 86' lang='lat' dir='ltr'><strong>die</strong></span> <span class='ocrx_word' id='word_1_233' title='bbox 1433 2618 1574 2653; x_wconf 88' lang='lat' dir='ltr'><strong>castra</strong></span> 
     </span>
     <span class='ocr_line' id='line_1_31' title="bbox 177 2689 1577 2750; baseline 0.003 -20"><span class='ocrx_word' id='word_1_234' title='bbox 177 2698 347 2746; x_wconf 92' lang='lat' dir='ltr'><strong>movet,</strong></span> <span class='ocrx_word' id='word_1_235' title='bbox 371 2689 629 2750; x_wconf 85' lang='lat' dir='ltr'><strong>justumque</strong></span> <span class='ocrx_word' id='word_1_236' title='bbox 650 2689 732 2734; x_wconf 90' lang='lat' dir='ltr'><strong>iter</strong></span> <span class='ocrx_word' id='word_1_237' title='bbox 756 2690 957 2749; x_wconf 86' lang='lat' dir='ltr'><strong>conficit,</strong></span> <span class='ocrx_word' id='word_1_238' title='bbox 984 2708 1050 2737; x_wconf 77' lang='lat' dir='ltr'><strong>vu</strong></span> <span class='ocrx_word' id='word_1_239' title='bbox 1068 2691 1250 2736; x_wconf 89' lang='lat' dir='ltr'><strong>omnino</strong></span> <span class='ocrx_word' id='word_1_240' title='bbox 1274 2689 1368 2735; x_wconf 91' lang='lat' dir='ltr'><strong>dies</strong></span> <span class='ocrx_word' id='word_1_241' title='bbox 1387 2689 1442 2735; x_wconf 87' lang='lat' dir='ltr'><strong>ad</strong></span> <span class='ocrx_word' id='word_1_242' title='bbox 1469 2691 1577 2734; x_wconf 91' lang='lat' dir='ltr'><strong>Cor-</strong></span> 
     </span>
    </p>
   </div>
  </div>
 </body>
</html>
