1972 3356
548 225 613 260 DE
642 224 802 260 BELLO
834 225 1047 262 GALLICO
1075 226 1168 261 LIB.
1198 227 1239 260 V.
1523 237 1591 260 12⁷

1578 255 1586 271 Ι

192 310 478 354 Trevirorum
519 311 656 371 copiae
699 309 939 366 venissent,
976 310 1143 354 veritus
1181 326 1260 364 ne,
1298 310 1333 353 si
1363 326 1415 353 ex
1442 309 1592 353 hiber-

193 392 260 435 nis
294 390 406 452 fugae
434 389 622 434 similem
653 389 975 450 profectionem
1003 390 1201 447 fecisset,
1235 391 1430 436 hostiurn
1457 392 1595 452 impe-

195 482 289 516 tum
317 472 534 516 sustinere
562 487 650 514 non
678 481 845 531 posset,
870 473 1114 532 praesertim
1135 488 1245 532 quos
1270 473 1437 517 recenti
1463 473 1597 518 victo-

193 554 259 597 ria
277 552 424 597 efferri
440 552 591 607 sciret,
615 550 783 595 litteras
803 553 964 596 Caesari
989 553 1197 609 remittit,
1216 563 1384 613 quanto
1405 571 1506 600 cum
1522 571 1597 616 pe-

194 633 334 678 riculo
357 632 575 694 legionem
597 649 649 676 ex
668 632 867 676 hibernis
887 631 1128 677 educturus
1152 643 1265 677 esset
1288 651 1297 677 :
1317 651 1411 679 rem
1429 645 1597 696 gestam

195 716 240 758 in
263 713 546 759 Eburonibus
575 713 808 774 perscribit
834 729 843 756 z
873 711 1024 766 docet,
1051 730 1204 758 omnes
1228 715 1451 776 equitatus
1477 717 1600 777 pedi-

196 804 398 856 tatusque
418 795 564 856 copias
584 794 871 838 Trevirorum
893 795 977 838 tria
998 793 1136 838 millia
1156 812 1367 856 passuum
1390 795 1522 858 longe
1545 797 1598 841 ab

195 878 281 920 suis
298 876 453 920 castris
471 875 733 920 consedisse.

257 957 463 1002 XLVIII.
490 958 655 1012 Caesar,
683 955 868 1001 consilio
897 958 990 1018 ejus
1018 958 1228 1018 probato,
1253 959 1360 1014 etsi,
1390 960 1599 1020 opinione

195 1037 331 1081 trium
353 1036 579 1100 legionum
601 1037 816 1099 dejectus,
837 1037 892 1082 ad
916 1037 1024 1082 duas
1049 1037 1262 1096 redierat,
1289 1049 1438 1084 tamen
1460 1057 1600 1084 unum

195 1119 445 1163 communis
474 1118 627 1163 salutis
656 1118 870 1163 auxilium
901 1120 946 1162 in
974 1117 1200 1164 celeritate
1227 1121 1433 1181 ponebat.
1467 1123 1603 1167 Venit

197 1200 369 1262 magnis
385 1200 617 1243 itineribus
629 1200 674 1243 in
683 1201 953 1245 Nerviorum
968 1200 1090 1244 fines.
1101 1202 1167 1244 Ibi
1179 1218 1231 1245 ex
1242 1203 1428 1263 captivis
1444 1220 1604 1265 cogno-

197 1281 279 1325 scit
298 1297 394 1341 quae
405 1280 525 1342 apud
540 1281 801 1326 Ciceronem
818 1291 1050 1342 gerantur,
1065 1292 1324 1343 quantoque
1344 1284 1389 1326 in
1404 1283 1603 1344 periculo

196 1378 264 1405 res
288 1362 356 1405 sit.
383 1364 498 1406 Tum
527 1362 705 1405 cuidam
726 1379 776 1406 ex
801 1362 1026 1423 equitibus
1049 1362 1190 1408 Gallis
1216 1366 1387 1426 magnis
1412 1367 1604 1426 praemiis

196 1442 453 1503 persuadet,
495 1444 558 1486 uti
598 1443 653 1486 ad
693 1443 958 1487 Ciceronem
990 1442 1223 1504 epistolam
1259 1444 1441 1489 deferat.
1480 1450 1605 1492 Hanc

199 1525 351 1586 graecis
391 1525 690 1585 conscriptam
729 1523 887 1568 litteris
927 1525 1084 1581 mittit,
1122 1541 1197 1580 ne,
1235 1526 1480 1588 intercepta
1516 1529 1606 1590 epi-

198 1604 330 1661 stola,
357 1614 508 1649 nostra
531 1605 584 1649 ab
610 1605 811 1649 hostibus
836 1604 1020 1650 consilia
1041 1617 1381 1668 cognoscantur.
1409 1609 1453 1653 Si
1484 1609 1607 1654 adire

197 1703 284 1730 non
314 1688 478 1747 possit,
508 1696 680 1743 monet,
707 1696 755 1730 ut
780 1686 1001 1748 tragulam
1026 1704 1127 1731 cum
1152 1687 1357 1751 epistola,
1381 1689 1436 1734 ad
1460 1707 1608 1735 amen-

196 1777 290 1811 tum
315 1767 526 1829 deligata,
549 1769 667 1812 intra
691 1769 964 1812 munitiones
991 1779 1239 1814 castrorum
1259 1771 1449 1831 abjiciat.
1472 1773 1521 1815 In
1540 1771 1608 1816 lit-

198 1850 301 1892 teris
334 1849 509 1903 scribit,
540 1866 583 1892 se
611 1866 710 1893 cum
743 1847 994 1910 legionibus
1025 1849 1278 1911 profectum
1309 1851 1512 1897 celeriter
1543 1855 1605 1898 as-

197 1929 291 1974 fore
321 1947 330 1973 :
364 1930 588 1986 hortatur,
620 1939 668 1973 ut
694 1931 929 1990 pristinam
957 1931 1168 1974 virtutem
1198 1932 1399 1976 retineat.
1427 1933 1606 1990 Gallus,

197 2009 446 2071 periculum
476 2010 663 2064 veritus,
688 2020 739 2054 ut
761 2020 855 2054 erat
878 2021 1174 2072 praeceptum,
1205 2012 1425 2074 tragulam
1454 2016 1605 2059 mittit.

198 2093 300 2135 Haec
329 2107 434 2135 casu
469 2090 524 2134 ad
559 2092 720 2134 turrim
760 2091 965 2149 adhaesit,
1002 2109 1146 2154 neque
1181 2094 1236 2137 ab
1274 2096 1435 2139 nostris
1470 2096 1608 2141 biduo

197 2171 528 2229 animadversa,
564 2172 697 2216 tertio
733 2172 803 2216 die
839 2190 862 2216 a
897 2174 1091 2235 quodam
1127 2174 1267 2220 milite
1300 2178 1605 2238 conspicitur:

198 2252 379 2314 dempta
413 2253 467 2297 ad
503 2254 764 2299 Ciceronem
794 2254 1006 2300 defertur.
1041 2255 1122 2301 Ille
1149 2256 1389 2318 perlectam
1420 2260 1464 2302 in
1503 2277 1609 2304 con-

200 2345 334 2379 ventu
364 2334 556 2379 militum
586 2337 761 2395 recitat,
791 2339 1072 2400 maximaque
1101 2356 1255 2384 omnes
1281 2338 1431 2385 laetitia
1459 2340 1607 2386 afficit.

199 2417 313 2460 'sum
334 2416 443 2460 fumi
469 2417 777 2463 incendiorum
795 2419 953 2480 procul
978 2420 1248 2465 videbantur
1273 2438 1281 2464 :
1311 2438 1408 2482 quae
1427 2439 1496 2466 res
1522 2439 1611 2466 om-

201 2513 303 2540 nem
325 2496 652 2542 dubitationem
676 2499 893 2546 adventus
914 2501 1142 2564 legionum
1163 2501 1346 2564 expulit.

264 2579 426 2623 XLIX.
452 2578 592 2638 Galli,
615 2598 662 2624 re
683 2583 858 2644 cognita
883 2601 962 2645 per
986 2583 1314 2645 exploratores,
1333 2583 1608 2628 obsidionem

201 2657 480 2720 relinquunt,
519 2661 573 2704 ad
609 2663 828 2707 Caesarem
864 2665 1070 2710 omnibus
1107 2667 1245 2727 copiis
1287 2665 1562 2710 contendunt
1599 2683 1608 2709 :
