1972 3356
314 247 359 283 24
523 242 561 275 C.
594 240 720 274 JULII
751 239 967 274 CAESARIS
999 237 1481 273 COMMENTARIORUM

312 341 444 384 quani
480 322 596 367 bello
621 323 794 365 vicisset
818 331 893 365 aut
927 322 1107 378 Caesari,
1133 331 1210 365 aut
1236 322 1417 364 omnino
1447 320 1611 381 populo
1635 338 1701 365 ro-

315 421 444 447 mano
468 403 632 463 negotii
655 412 778 446 esset.
808 423 827 443 »

376 484 561 527 XXXV.
594 482 673 526 His
699 482 916 543 responsis
939 482 995 526 ad
1019 485 1233 528 Caesarem
1262 481 1437 538 relatis,
1467 481 1626 524 iterum
1649 480 1701 524 ad

314 579 414 606 eum
436 564 580 606 Caesar
596 561 762 624 legatos
784 580 886 606 cum
907 563 975 606 his
995 563 1212 607 mandatis
1235 563 1373 606 mittit
1391 579 1399 605 :
1424 562 1703 619 «Quoniam,

316 652 439 686 tanto
467 658 545 687 suo
565 643 807 704 populique
831 645 1002 687 romani
1023 642 1237 687 beneficio
1262 642 1444 686 affectus
1471 642 1636 703 (quum
1661 642 1705 684 111

315 722 546 767 consulatu
586 740 664 767 suo
696 741 773 767 rex
812 734 944 784 atque
986 724 1152 767 amicus
1196 740 1220 766 a
1265 733 1419 766 senatu
1463 720 1707 782 appellatus

316 802 477 863 esset),
508 804 621 847 113110
658 804 739 847 sibi
772 802 1026 864 populoque
1058 819 1242 846 romano
1277 803 1461 863 gratiam
1505 801 1706 857 referret,

317 891 364 926 ut
392 884 435 926 in
463 882 734 944 colloquium
762 884 911 927 venire
941 884 1150 926 invitatus
1180 891 1458 944 gravaretur,
1486 898 1628 942 neque
1656 881 1708 925 de

317 963 540 1006 communi
578 979 624 1006 re
661 962 897 1007 dicendum
930 964 1083 1007 sibiet
1121 961 1474 1023 cognoscendum
1509 970 1708 1023 putaret,

319 1042 409 1086 haec
433 1059 524 1086 esse
555 1060 651 1103 quae
680 1043 734 1086 ab
767 1060 818 1087 eo
848 1042 1089 1104 postularet
1113 1059 1121 1086 :
1147 1043 1367 1103 primum,
1398 1059 1452 1085 ne
1475 1058 1607 1102 quam
1630 1042 1710 1085 110-

324 1123 487 1166 minum
517 1122 847 1167 multitudinem
875 1122 1059 1183 amplius
1084 1131 1204 1165 trans
1227 1122 1434 1166 Rhenum
1455 1122 1498 1164 in
1519 1120 1709 1165 Galliam

319 1201 592 1258 traduceret3
636 1203 793 1247 deinde
836 1202 1032 1259 obsides,
1080 1219 1188 1264 quos
1231 1202 1412 1246 haberet
1451 1202 1503 1246 ab
1539 1201 1709 1257 AEduiS,

320 1281 542 1338 redderet3
579 1283 882 1344 Sequanisque
911 1283 1208 1344 permitteret,
1243 1293 1318 1339 ut,
1347 1299 1455 1343 quos
1486 1280 1549 1326 illi
1578 1282 1712 1325 habe-

320 1371 439 1419 rent,
476 1361 703 1406 voluntate
735 1364 828 1423 ejus
864 1363 1045 1406 reddere
1082 1363 1166 1408 illis
1197 1363 1372 1419 liceret,
1404 1379 1514 1406 neve
1549 1361 1712 1406 AEduos

323 1440 482 1501 injuria
511 1441 764 1499 lacesseret,
794 1460 902 1487 neve
930 1444 997 1487 his
1028 1445 1243 1504 sociisque
1269 1460 1422 1488 eorum
1449 1441 1615 1487 bellum
1645 1443 1713 1486 in-

322 1522 466 1566 ferret.
499 1523 545 1566 Si
570 1523 614 1566 id
644 1524 702 1566 ita
731 1523 926 1581 fecisset,
954 1524 1036 1567 sibi
1067 1523 1318 1585 populoque
1347 1541 1529 1568 romano
1556 1540 1713 1585 perpe-

323 1611 444 1645 tuam
471 1603 658 1664 gratiam
683 1614 815 1664 atque
844 1604 1083 1648 amicitiam
1108 1621 1209 1648 cum
1233 1621 1283 1648 eo
1311 1604 1503 1648 futuram
1529 1622 1538 1648 ε
1565 1605 1600 1648 si
1624 1620 1712 1648 non

325 1683 598 1744 impetraret,
629 1700 718 1728 sese
734 1719 745 1741 ,
770 1686 978 1745 quoniam
1002 1687 1065 1729 M.
1082 1685 1290 1741 Messala,
1308 1688 1371 1730 M.
1395 1687 1553 1730 Pisone
1569 1687 1713 1740 Coss.‚

325 1773 500 1808 senatus
529 1765 785 1822 censuisset,
816 1766 908 1820 uti,
938 1766 1190 1826 quicunque
1217 1764 1409 1810 Galliam
1438 1766 1713 1826 provinciam

325 1844 562 1901 obtineret,
614 1845 733 1905 quod
778 1845 1011 1890 commodo
1058 1844 1310 1907 reipublicae
1356 1846 1499 1889 facere
1550 1857 1714 1906 posset,

327 1924 491 1969 AEduos
507 1935 763 1985 ceterosque
781 1926 943 1970 amicos
962 1925 1114 1987 populi
1134 1926 1304 1970 romani
1324 1925 1601 1984 defenderet,
1623 1943 1715 1971 sese

326 2006 569 2050 AEduorum
591 2007 773 2067 injurias
796 2023 886 2050 non
912 2006 1231 2068 neglecturum.

390 2088 600 2132 XXXVI.
628 2087 693 2131 Ad
711 2088 802 2132 haec
817 2089 1064 2132 Ariovistus
1081 2087 1327 2149 respondit,
1349 2108 1368 2128 «
1382 2090 1404 2132 J
1409 2104 1459 2131 us
1479 2104 1570 2132 esse
1590 2086 1716 2144 belli,

328 2177 377 2210 ut
398 2168 473 2227 qui
493 2168 719 2225 vicissent,
744 2169 816 2224 iis,
840 2185 949 2229 quos
977 2169 1203 2225 vicissent,
1229 2168 1601 2229 quemadmodum
1626 2168 1716 2212 vel·

328 2246 439 2302 lent,
473 2249 740 2309 imperarent
772 2266 781 2291 ε
821 2250 924 2292 item
955 2247 1168 2310 populum
1207 2266 1440 2293 romanum
1470 2250 1594 2293 victis
1628 2265 1717 2292 non

329 2327 382 2371 ad
411 2327 588 2373 alterius
612 2329 937 2390 praescriptum,
967 2328 1041 2372 sed
1068 2328 1125 2372 ad
1148 2345 1275 2373 suum
1299 2329 1552 2383 arbitrium,
1581 2329 1718 2388 impe-

331 2424 426 2452 rare
450 2426 695 2454 consuesse.
716 2409 761 2454 Si
785 2410 877 2470 ipse
896 2407 1063 2470 populo
1083 2426 1268 2453 romano
1288 2426 1373 2453 non
1395 2408 1718 2471 praescriberet‚

333 2489 703 2547 quemadmodum
724 2507 803 2534 suo
815 2490 914 2550 jure
933 2499 1150 2546 uteretur;
1168 2506 1257 2533 non
1272 2499 1477 2550 oportere
1493 2504 1585 2533 sese
1601 2504 1625 2531 a
1644 2505 1720 2549 po-

333 2568 437 2628 pulo
459 2587 643 2615 romano
669 2572 713 2614 in
737 2588 815 2615 suo
835 2571 933 2631 jure
958 2571 1175 2632 impediri.
1199 2570 1361 2615 AEduos
1385 2569 1464 2613 sibi
1474 2603 1485 2627 ,
1510 2570 1719 2630 quoniam

333 2647 434 2691 belli
455 2649 676 2694 fortunam
703 2661 963 2708 tentassent,
990 2662 1031 2695 ct
1056 2652 1187 2695 armis
1210 2649 1431 2711 congressi
1456 2665 1507 2694 ac
1527 2650 1715 2710 superati
