1972 3356
593 177 659 211 DE
690 176 852 211 BELLO
880 176 1033 210 CIVlLl
1066 176 1157 210 LIB.
1188 176 1254 211 111.
1546 175 1617 225 159

229 272 336 305 tum.
358 263 452 305 Hoc
482 269 574 304 tum
603 261 767 304 veritus
789 262 963 315 Caesar,
999 259 1200 304 hostibus
1229 261 1272 304 in
1304 276 1455 322 pugna
1492 277 1619 305 occu-

228 342 365 404 patis,
394 340 691 402 militibusque
722 341 952 403 expositis,
981 341 1177 384 Pharum
1207 341 1524 402 apprehendit,
1549 352 1617 387 at-

228 440 313 484 que
334 423 391 467 ibi
415 420 664 484 praesidium
691 422 850 482 posuit.
874 421 1049 478 Quibus
1072 430 1136 464 est
1160 421 1292 465 rebus
1321 421 1549 476 effectum,
1571 434 1620 468 ut

229 514 325 548 tuto
362 503 631 547 frumentum
657 500 908 561 auxiliaque
936 500 1119 544 navibus
1155 499 1210 544 ad
1236 517 1337 545 eum
1365 505 1619 564 supportari

228 593 420 645 possent.
445 582 625 626 Dimisit
655 581 771 624 enim
804 581 971 625 circum
996 598 1147 624 omnes
1177 583 1450 643 propinquas
1476 585 1619 646 regio-

228 683 328 721 nes,
344 674 472 723 atque
487 662 588 706 inde
605 660 767 705 auxilia
789 663 1002 705 evocavit.
1022 660 1223 723 Reliquis
1248 661 1400 724 oppidi
1418 665 1620 724 partibus

228 747 288 790 sic
313 755 376 789 est
404 754 674 806 pugnatum,
703 753 750 787 ut
777 760 902 804 aequo
926 743 1080 805 proelio
1107 743 1421 801 discederetur,
1449 756 1488 790 et
1514 764 1622 792 neu-

227 827 280 870 tri
305 825 573 886 pellerentur
598 824 665 886 (id
691 824 940 869 efficiebant
961 828 1175 887 angustiae
1210 824 1314 887 loci)
1344 843 1352 870 :
1381 829 1621 890 paucisque

226 909 434 968 utrinque
481 907 748 964 interfectis,
791 910 957 962 Cacsar,
1004 907 1098 952 loca
1142 909 1331 953 maxime
1380 912 1621 956 necessaria

225 988 500 1050 complexus,
517 998 650 1033 noctu
675 989 921 1051 praemunit.
950 992 1043 1033 Hoc
1068 999 1209 1034 tractu
1226 991 1378 1053 oppidi
1403 1009 1507 1053 pars
1525 1003 1620 1037 erat

226 1072 353 1132 regiae
380 1071 553 1132 exigua,
583 1071 627 1114 in
656 1088 788 1132 quam
824 1071 914 1132 ipse
939 1071 1169 1116 habitandi
1208 1089 1339 1117 causa
1376 1074 1503 1118 initio
1526 1085 1620 1119 erat

225 1152 449 1206 inductus,
477 1162 520 1196 et
550 1151 789 1209 theatrum,
819 1153 1106 1213 conjunctum
1134 1152 1310 1209 domui,
1353 1154 1472 1216 quod
1509 1157 1621 1200 arcis

225 1233 401 1278 tenebat
428 1232 596 1289 locum,
624 1233 856 1294 aditusque
881 1234 1071 1278 habebat
1099 1235 1154 1278 ad
1181 1245 1382 1296 portum,
1408 1246 1450 1281 et
1476 1237 1531 1281 ad
1554 1254 1621 1281 re-

225 1312 344 1374 liqua
374 1313 556 1358 navalia.
584 1316 673 1358 Has
697 1315 965 1359 munitiones
1002 1316 1333 1377 insequentibus
1370 1319 1493 1362 auxit
1526 1318 1618 1363 die-

224 1395 326 1452 bus,
348 1405 396 1439 ut
418 1412 499 1456 pro
529 1411 656 1439 muro
681 1395 873 1455 objectas
910 1396 1117 1453 haberet,
1153 1413 1238 1441 neu
1280 1398 1488 1443 dimicare
1515 1400 1622 1443 invi-

224 1486 294 1520 tus
319 1487 563 1538 cogeretur.
594 1477 777 1521 Interim
807 1476 895 1521 fllia
923 1478 1069 1521 minor
1104 1477 1328 1522 Ptolemaei
1368 1481 1502 1541 regis,
1547 1498 1621 1526 va-

222 1573 348 1601 cuam
381 1559 702 1618 possessionem
728 1558 851 1619 regni
879 1575 1082 1620 sperans,
1117 1557 1172 1603 ad
1209 1558 1425 1604 Achillam
1453 1578 1545 1606 sese
1568 1579 1621 1607 ex

223 1639 342 1700 regia
369 1640 613 1700 transjecit,
641 1656 815 1700 unaque
841 1639 1004 1684 bellum
1035 1640 1345 1686 administrare
1371 1644 1516 1704 coepit.
1536 1644 1621 1689 Sed

224 1717 422 1763 celeriter
451 1730 514 1764 est
544 1720 659 1765 inter
687 1737 760 1764 eos
786 1720 839 1764 de
868 1721 1119 1781 principatu
1147 1725 1450 1768 controversia
1496 1735 1620 1782 orta3

224 1817 322 1861 quae
348 1817 415 1844 res
443 1800 559 1862 apud
598 1800 757 1844 milites
795 1800 1049 1863 largitiones
1083 1803 1205 1846 auxit
1241 1819 1250 1846 ε
1288 1806 1460 1866 maguis
1501 1807 1620 1851 enim

219 1882 404 1942 jacturis
448 1882 529 1926 sibi
569 1883 755 1943 quisque
785 1899 938 1926 eorum
989 1883 1160 1927 animos
1199 1884 1481 1931 conciliabat.
1515 1890 1620 1932 Haec

225 1961 332 2009 dum
359 1963 476 2025 apud
507 1964 651 2008 hostes
678 1973 918 2026 geruntur,
950 1964 1193 2022 Pothinus,
1222 1968 1438 2012 nutricius
1463 1971 1619 2030 pueri,

225 2055 268 2089 et
297 2055 559 2106 procurator
588 2046 738 2107 regni,
766 2045 809 2089 in
848 2056 970 2107 parte
994 2047 1195 2104 Caesaris,
1224 2064 1362 2108 quum
1391 2049 1444 2093 ad
1475 2050 1619 2095 Achil-

226 2125 310 2170 lam
337 2127 515 2171 nuntios
554 2128 769 2185 mitteret,
811 2127 1173 2190 hortareturque,
1200 2145 1256 2172 ne
1283 2146 1308 2174 a
1341 2132 1518 2193 negotio
1548 2132 1620 2176 de-

227 2208 415 2265 sisteret,
442 2225 548 2252 neve
574 2209 722 2252 animo
744 2207 971 2267 deficeret,
1011 2210 1215 2255 indicatis
1250 2210 1620 2274 deprehensisque

227 2288 530 2346 internuntiis,
560 2306 583 2333 a
616 2291 787 2334 Caesare
816 2300 880 2334 est
906 2290 1177 2336 interfectus.
1215 2295 1318 2338 Haec
1351 2295 1477 2339 initia
1516 2295 1619 2340 belli

226 2367 498 2414 alexandrini
527 2370 720 2416 fuerunt.
1428 2370 1431 2371 ⁷
