1972 3356
396 278 469 314 308
773 279 923 314 NOTAE
950 279 1000 314 IN
1029 279 1408 315 COMMENTARIA

393 365 505 391 castra
542 355 689 391 Afranii
720 356 926 402 venissent,
952 365 1052 393 scuta
1086 369 1209 392 secum
1235 358 1375 394 babere
1400 361 1647 396 necessarium
1669 375 1780 398 nemo

392 419 559 453 (luxerat.

443 481 527 517 Cam
552 482 764 517 LXXXIII.
795 481 957 517 Coesarc's
981 484 1154 532 triplex...
1189 484 1369 532 cingebat.
1391 484 1467 529 Qui
1500 484 1650 532 quidem
1680 486 1782 521 locus

390 542 592 590 specimine
610 543 744 579 clarius
767 555 881 591 quam
907 544 1032 580 verbis
1059 545 1320 593 explicabitur.
1342 546 1460 580 Porro
1484 545 1568 581 talis
1592 553 1671 582 erat

735 635 948 659 EXERCITUS
977 637 1181 660 CAESARIANI
1207 637 1395 660 DISPOSITI
1402 638 1437 660 O.

555 702 1619 747 1L82LS3LS4LS5L

539 755 626 805 [4c]
681 757 727 802 O
787 753 875 804 [40]
936 757 982 803 O
1044 755 1131 806 [ac]
1194 759 1239 804 O
1299 757 1386 807 [4c]
1445 759 1492 805 O
1548 756 1636 807 [40]

541 840 626 892 [30]
687 845 731 891 O
791 843 879 894 [30]
940 846 985 892 O
1047 844 1134 894 [30]
1193 847 1239 893 O
1298 843 1386 894 [30]
1446 845 1492 892 O
1548 842 1635 894 [30]

540 927 627 978 [30]
687 932 733 977 O
791 929 879 980 [30]
940 933 985 978 O
1049 930 1137 980 [30]
1196 933 1242 978 O
1299 929 1388 980 [30]
1446 932 1492 978 O
1549 929 1637 979 [30]

389 1033 668 1082 Quinquaginta
694 1035 808 1084 igitur
831 1037 1005 1073 cohortes
1020 1044 1144 1082 erant,
1164 1049 1300 1085 nempe
1321 1037 1360 1072 in
1385 1037 1463 1072 acie
1483 1037 1605 1085 prima
1626 1036 1782 1084 viginti,

391 1095 430 1130 in
458 1097 621 1131 secunda
645 1097 723 1132 acie
747 1098 984 1145 quindecim,
1011 1099 1247 1147 totidemque
1274 1099 1312 1133 in
1340 1099 1461 1134 tertia.

443 1158 527 1193 Cap,
553 1159 739 1195 LXXXV.
761 1161 870 1195 Duas
884 1161 1186 1196 bellicosissimas
1195 1161 1424 1208 provincias.
1455 1159 1621 1195 Africam
1644 1159 1785 1195 scilicet

390 1226 425 1254 et
449 1219 679 1268 Hispaniam.

447 1281 523 1317 Sed
544 1295 623 1330 per
646 1296 789 1331 paucos
803 1284 959 1331 probati
979 1292 1017 1318 et
1035 1285 1151 1319 electi.
1179 1283 1292 1331 Cujus
1320 1284 1368 1319 ad
1395 1283 1468 1319 loci
1496 1283 1784 1331 intelligentiam

390 1344 558 1380 conferas
581 1357 730 1381 necesse
755 1352 809 1381 est
833 1346 986 1393 hujusce
1011 1346 1098 1381 libri
1125 1359 1205 1395 cap.
1227 1347 1261 1383 6.

432 701 483 962 [EQui'rA'rus.]

1691 711 1744 973 [summaer-1]

884 1482 940 1516 IN
971 1481 1196 1516 LIBRUM
1228 1482 1281 1516 ΙΙ.

444 1598 526 1634 CAP.
550 1600 613 1634 IV.
630 1600 724 1635 Post
741 1600 911 1646 superius
933 1599 1219 1634 incommodum.
1242 1600 1298 1634 De
1319 1611 1393 1645 quo
1409 1598 1496 1634 vide
1511 1611 1620 1646 supra
1633 1626 1642 1643 ,
1667 1599 1732 1635 lib.
1750 1611 1781 1641 1,

389 1672 469 1706 cap.
496 1659 555 1695 58.

441 1721 525 1756 CAP.
564 1722 648 1756 XII.
684 1723 848 1756 Inermes
883 1734 964 1756 cum
1003 1721 1141 1767 infulis.
1181 1721 1321 1757 Solitus
1355 1721 1565 1769 supplicum
1606 1722 1778 1767 habitus,

388 1795 521 1829 nempe
550 1789 590 1816 ut
626 1782 813 1817 victorum
845 1782 990 1816 animos
1022 1783 1224 1828 placarent.
1258 1782 1386 1816 Infulae
1414 1789 1537 1817 autem
1567 1790 1698 1828 erant,
1728 1785 1779 1824 ait

387 1845 532 1887 Festus,
552 1841 737 1878 filamcnta
764 1843 889 1887 lanea,
913 1843 1048 1891 quibus
1073 1843 1284 1880 sacerdotes
1308 1850 1345 1879 et
1370 1842 1499 1879 hostiae
1520 1851 1688 1892 tempora
1712 1858 1779 1881 ve—

388 1906 572 1941 labantur.

446 1969 495 2002 Ut
506 1967 554 2002 ab
579 1967 787 2002 hominibus
799 1967 930 2003 doctas.
952 1966 1028 2013 Cf„
1042 1967 1089 2003 de
1104 1967 1390 2003 Massiliensium
1417 1967 1555 2015 insigni
1581 1968 1751 2005 doctrina
1766 1999 1775 2013 ‚

387 2030 542 2074 Smin„
567 2029 631 2065 lib.
659 2043 718 2073 1v;
741 2031 892 2073 emm„
910 2042 986 2078 pro
1011 2031 1169 2073 Flacco,
1197 2030 1257 2066 26.

442 2092 527 2127 Cn).
550 2092 659 2127 XIII.
684 2090 916 2137 Defectionis
938 2092 1034 2127 odio.
1061 2093 1232 2128 Vidimus
1264 2093 1382 2137 enirn,
1417 2093 1481 2128 lib.
1522 2106 1556 2137 1,
1590 2105 1670 2141 cap.
1703 2094 1750 2130 36
1768 2123 1777 2139 ‚

388 2153 596 2189 Domitium
620 2166 640 2188 a
665 2153 961 2189 Massiliensibus
980 2161 1194 2201 receptum,
1220 2154 1379 2202 urbique
1402 2154 1616 2202 praefectum
1642 2155 1752 2192 fuisse
1768 2184 1777 2198 ,

388 2215 521 2251 eadem
549 2215 628 2264 ipsa
653 2215 747 2251 hora
772 2228 844 2263 qua
869 2215 1003 2251 Caesari
1033 2223 1205 2251 neutrum
1231 2228 1268 2251 se
1295 2228 1427 2251 eorum
1458 2222 1587 2251 contra
1617 2217 1774 2253 alterum

384 2277 579 2323 juvaturos
600 2276 887 2325 pollicebantur.

441 2340 525 2375 Cn.
554 2340 702 2375 XVIII.
728 2341 932 2375 Pecuniam
965 2353 1110 2376 omnem
1134 2341 1334 2388 omniaque
1358 2348 1578 2374 ornamenta
1601 2351 1650 2374 ex
1670 2337 1773 2385 fano

390 2402 557 2436 Herculis
575 2402 612 2436 in
626 2403 807 2449 oppidum
828 2402 955 2437 Gades
978 2404 1140 2437 contulit.
1170 2403 1315 2449 Nempe
1340 2413 1387 2436 ne
1401 2400 1535 2436 Caesari
1557 2401 1595 2436 in
1610 2400 1772 2449 praedam

389 2463 586 2505 cederent,
612 2476 724 2511 quum
750 2471 851 2500 extra
884 2464 1018 2499 urbem
1045 2471 1139 2500 esset
1164 2463 1291 2500 fanum
1315 2463 1466 2498 Herculi
1495 2462 1670 2498 dicatum.

443 2526 590 2573 Magna
615 2538 696 2561 esse
720 2527 893 2573 Pompeii
912 2526 1129 2572 beneficia...
1144 2525 1295 2561 sciebat.
1324 2525 1375 2560 Ut
1394 2523 1523 2560 videre
1536 2530 1590 2560 est
1614 2537 1634 2559 e
1652 2524 1717 2559 lib.
1742 2537 1775 2565 x,

390 2600 469 2635 cap.
492 2600 552 2636 ²9·

444 2649 527 2684 Cap.
553 2650 662 2685 XIX.
697 2651 792 2697 Quoe
808 2649 996 2686 Colonicoe
1020 2650 1326 2698 appellabantur.
1342 2649 1427 2694 Quo
1443 2647 1593 2696 quidem
1619 2647 1773 2682 nomine

392 2710 750 2758 dicebantur‚jnxta
778 2711 975 2748 Cellarium
994 2740 1001 2752 ,
1027 2713 1200 2747 cohortes
1226 2711 1263 2746 in
1290 2710 1442 2746 coloniis
1459 2709 1665 2756 inscript&
1691 2721 1751 2744 seu
1767 2738 1775 2754 ,
