1972 3356
383 278 454 311 ari-,⁷5
801 278 948 312 NOTAE
978 279 1024 312 IN
1057 278 1250 312 LIBRUM
1279 279 1329 312 VI

380 356 532 398 dicitur,
565 354 613 388 ait
644 355 778 388 Festus.
816 354 922 388 Hunc
957 354 1145 388 Diodorus
1188 354 1327 389 Siculus
1358 355 1521 401 appellat
1562 352 1733 390 Jm'cnovw
1746 382 1756 400 ‚

378 416 585 450 ministrum
609 414 777 461 ingenuae
803 414 1040 449 conditionis.
1069 415 1119 449 Ea
1139 427 1231 449 voce
1250 414 1419 449 similiter
1437 422 1592 450 sonante
1606 423 1641 450 et
1660 416 1754 462 ejus-

379 478 463 511 dem
491 476 644 523 originis
680 482 832 509 utuntur
860 475 970 510 etiam
993 488 1091 509 nunc
1117 476 1270 511 Flandri
1299 476 1601 520 ambacht-man,
1635 477 1675 511 id
1703 485 1757 512 est

379 540 491 572 homo
511 545 666 584 quaestus
686 549 793 572 causa
812 548 966 583 operam
986 549 1087 571 suam
1108 537 1170 571 alii
1188 537 1326 572 locans.
1354 537 1460 572 Adde
1481 544 1658 584 praeterea
1676 539 1754 573 Cae-

378 612 496 635 sarem
523 599 662 646 ipsum,
688 598 751 646 qui
772 599 849 632 haec
875 598 950 632 duo
975 599 1129 633 nomina
1152 599 1345 633 ambactos
1363 599 1582 645 clientesque
1601 599 1647 632 ita
1665 598 1754 644 jun—

378 661 448 708 git,
465 667 503 695 ut
523 661 677 695 alterum
697 667 790 695 esset
813 659 1072 707 interpretatio
1086 659 1199 695 latina
1217 659 1365 694 alterius
1386 659 1486 694 vocis
1505 659 1652 694 celticae.
1667 660 1758 694 Am-

378 723 524 757 baccum
555 722 666 769 igitur
699 722 926 768 interpretor
957 734 1034 756 non
1069 733 1232 765 servum,
1264 733 1341 755 non
1368 720 1660 763 mercenarium,
1693 721 1757 755 sed

379 784 604 826 ministrmn,
623 783 808 818 assiduum
828 783 1018 825 comitem,
1044 789 1082 817 ut
1101 789 1185 816 sunt
1204 782 1303 828 apud
1324 788 1512 828 magnates
1532 788 1679 816 nostros
1705 783 1758 816 les

379 844 535 892 officiers
561 844 724 879 attaches
748 844 773 877 ὰ
801 846 840 877 [α
865 844 1029 887 maison,
1053 845 1105 878 les
1132 845 1294 886 e'cuyers,
1323 845 1376 877 les
1395 855 1543 890 pages,
1571 844 1624 876 les
1643 843 1754 890 pritz-

380 907 520 954 czpauoe
536 906 776 953 domestz'ques
800 904 824 938 ὰ
845 917 964 953 gages
986 905 1051 952 qui
1067 917 1113 939 ree
1124 912 1276 952 portent
1285 905 1398 951 point
1414 904 1531 938 livre'e.
1553 905 1594 938 In
1617 915 1661 937 eo
1679 903 1756 937 dif-

380 968 500 1003 ferunt
516 980 536 1003 a
555 967 750 1002 clientibus
768 966 949 1009 romanis,
969 965 1071 1012 quod
1088 965 1295 1000 mercedem
1316 965 1469 1011 aliquam
1485 975 1557 1010 pro
1570 976 1632 998 sua
1644 976 1757 1011 opera

379 1031 572 1076 recipiunt.
591 1045 605 1059 »
628 1030 683 1063 Ita
704 1028 780 1062 fere
803 1027 1021 1071 Oberlinus,
1041 1027 1097 1061 cui
1119 1026 1302 1072 suffragor
1327 1026 1451 1072 quoad
1471 1038 1617 1060 sensum
1640 1026 1757 1070 vocis,

379 1104 456 1126 non
479 1097 599 1125 autem
620 1089 744 1136 quoad
763 1087 1049 1136 etymologiam3
1070 1087 1107 1121 in
1126 1087 1194 1121 hac
1214 1087 1311 1121 enim
1330 1087 1425 1121 nihil
1444 1089 1562 1120 adhuc
1576 1086 1756 1121 celticum.

383 1152 578 1186 Ambactus
610 1162 686 1184 vox
704 1156 757 1184 est
784 1161 885 1184 mere
905 1148 1036 1192 latina,
1061 1147 1282 1194 composita,
1305 1154 1345 1181 ut
1371 1148 1537 1194 ambigo,
1568 1159 1611 1181 ex
1631 1147 1759 1190 amb-‚

379 1225 449 1260 pro
467 1225 569 1255 am-,
585 1218 670 1247 ante
693 1211 881 1253 vocalem,
903 1210 1058 1253 circum,
1080 1216 1115 1244 et
1138 1217 1240 1244 actus
1257 1209 1305 1243 ab
1324 1221 1416 1256 agO,
1438 1208 1500 1255 qui
1522 1208 1597 1255 agit
1619 1209 1678 1242 vel
1701 1208 1758 1242 cui

379 1280 477 1309 actus
491 1280 544 1308 est
557 1273 695 1308 circum
708 1278 907 1319 patronum
920 1270 959 1305 in
973 1270 1088 1305 domo
1115 1270 1190 1316 ejus
1201 1297 1210 1313 ,
1230 1269 1360 1317 gallice
1372 1296 1381 1312 ‚
1394 1269 1459 1316 qui
1475 1282 1499 1303 a
1513 1281 1583 1302 une
1601 1268 1754 1315 charge,

377 1336 441 1383 qui
471 1343 526 1369 est
551 1334 691 1382 charge
718 1333 765 1367 de
796 1334 954 1380 quelque
975 1330 1150 1377 fonction
1171 1339 1302 1365 autour
1329 1331 1416 1364 d'un
1437 1338 1574 1377 patron
1592 1330 1688 1363 dans
1713 1342 1759 1363 sa

378 1398 530 1431 macron.
557 1395 774 1443 Respondet
796 1394 908 1442 igitur
925 1393 1010 1429 voci
1029 1400 1165 1428 nostrae
1184 1393 1320 1427 vassal
1343 1404 1413 1438 pro
1436 1404 1509 1439 gas
1531 1391 1590 1425 vel
1610 1403 1699 1437 gars
1713 1391 1759 1424 de

379 1461 418 1492 la
443 1460 561 1500 salle,
589 1470 637 1492 ou
667 1455 816 1491 manoir
838 1455 1085 1503 seigneurial,
1110 1466 1157 1489 ex
1176 1466 1248 1500 qua
1278 1452 1540 1487 diminutivum
1563 1453 1670 1486 valet
1691 1463 1758 1497 pro

380 1522 570 1561 vassalec,
586 1518 843 1554 contractione
857 1516 1056 1551 formatum
1070 1522 1134 1550 est.
1151 1514 1259 1561 Apud
1284 1515 1329 1549 D.
1344 1513 1517 1547 Mionnet
1528 1539 1538 1556 ,
1551 1519 1576 1546 t.
1594 1524 1606 1546 1
1620 1539 1629 1555 ,
1640 1525 1676 1558 p.
1694 1511 1760 1554 85,

381 1588 498 1616 exstat
525 1591 695 1614 nummus
720 1577 819 1624 cujus
836 1589 921 1624 pars
951 1576 1072 1611 antica
1091 1575 1200 1610 offert
1219 1574 1380 1621 aquilam
1405 1574 1444 1607 in
1465 1572 1589 1607 medio
1614 1584 1759 1607 coronae

381 1643 511 1676 laureae
533 1641 742 1681 volantem,
768 1637 911 1685 postica
932 1649 1021 1672 vero
1044 1636 1151 1671 bovis
1180 1641 1288 1682 caput
1322 1647 1405 1669 cum
1439 1633 1641 1681 epigraphe
1668 1633 1760 1667 AM-

381 1703 573 1737 BACTVS.

433 1798 515 1832 CAP.
538 1796 654 1830 XVII.
685 1793 923 1829 Mercurium.
949 1791 1020 1826 Alii
1046 1792 1236 1825 Teutatem
1256 1789 1443 1835 appellant
1473 1787 1623 1821 nomine
1646 1786 1760 1820 Gallis

378 1857 572 1905 peculiari,
605 1868 625 1891 a
659 1867 777 1902 graeco
809 1851 1007 1896 Θεὸτοιτος,
1041 1851 1186 1898 gallice,
1220 1850 1391 1884 de'zssvsime
1425 1848 1478 1895 <si
1501 1848 1585 1882 licet
1607 1846 1661 1881 uti
1689 1847 1761 1881 hoc

378 1918 530 1967 verbo),
560 1917 742 1952 maximus
767 1916 877 1959 deus,
896 1922 935 1950 ut
949 1914 999 1949 ait
1023 1914 1153 1948 Caesar.
1173 1912 1271 1946 Male
1285 1911 1396 1958 igitur
1409 1909 1508 1944 idem
1522 1921 1599 1943 esse
1623 1920 1761 1942 nomen

379 1980 608 2023 existimant,
641 1977 742 2024 quod
776 1976 874 2024 apud
907 1974 1100 2023 JEgyptios
1128 1972 1244 2007 leeut
1275 1973 1332 2006 vel
1364 1970 1471 2013 Thot,
1498 1969 1597 2017 apud
1615 1970 1761 2004 Graecos

379 2040 452 2078 Θεὶς
471 2043 529 2076 vel
552 2037 647 2076 Ζεὺς.

432 2139 820 2189 Apollinem.Belenus
832 2136 1024 2172 dicebatur
1038 2147 1057 2168 a
1068 2133 1183 2168 Gallis
1192 2131 1463 2174 Baiocassibus,
1473 2129 1651 2177 peculiari
1665 2140 1761 2174 quo-

380 2217 449 2252 que
456 2202 608 2238 nomine
619 2228 628 2245 ,
642 2207 681 2235 ut
694 2199 842 2234 videtur
856 2210 899 2232 ex
915 2195 1067 2231 Ausonii
1077 2207 1186 2229 carm.
1199 2206 1232 2227 11
1242 2220 1251 2237 ,
1264 2194 1321 2226 De
1328 2190 1431 2240 prof.
1445 2191 1573 2233 Burd.,·
1585 2202 1629 2224 eo
1642 2196 1759 2223 autem

380 2265 530 2300 nomine
543 2262 729 2297 vocabant
741 2260 853 2295 etiam
867 2257 1018 2301 Norici,
1034 2264 1125 2291 teste
1139 2254 1386 2296 Tertulliano,
1401 2253 1562 2299 Apolog.
1572 2277 1583 2293 ,
1599 2263 1628 2285 c.
1645 2263 1693 2284 xx
1701 2262 1758 2291 1v3

381 2328 481 2361 ‚Belis
505 2338 568 2360 seu
586 2324 741 2358 Belz'nus
765 2322 812 2356 ab
836 2318 1130 2367 Aquileiensibus
1142 2344 1151 2361 ,
1174 2323 1265 2351 teste
1289 2313 1518 2349 Herodiano.
1542 2310 1762 2357 Inscriptio-

382 2401 445 2423 nes
468 2387 658 2434 permultae
690 2383 729 2418 in
761 2381 879 2418 Gallia
911 2386 1066 2427 repertae
1093 2379 1138 2413 de
1162 2375 1336 2424 Apolline
1369 2374 1508 2408 Beleno
1535 2372 1763 2407 mentionem

383 2450 530 2484 faciunt.
551 2449 625 2482 Has
640 2444 791 2491 collegit
803 2443 965 2478 Ritterus
980 2440 1017 2474 in
1040 2440 1203 2474 Historia
1225 2438 1438 2478 Gallorum,
1460 2447 1495 2481 p.
1518 2433 1602 2478 257.
1617 2434 1760 2467 Nomen

382 2511 487 2555 hujus
495 2509 555 2544 dei
568 2520 636 2543 nec
650 2505 837 2546 celticum,
850 2502 889 2537 id
904 2508 955 2537 est
969 2499 1355 2535 cambio-britannum
1368 2496 1427 2530 vel
1442 2494 1680 2535 armoricum,
1694 2505 1762 2526 nec

384 2572 568 2605 hebraeum
591 2575 663 2611 est,
679 2566 743 2601 sed
763 2576 930 2612 graecum.
950 2563 1109 2597 Belenus
1128 2568 1181 2595 est
1201 2572 1273 2594 vox
1293 2570 1410 2606 graeca
1429 2553 1614 2599 βέλεμνον,
1634 2555 1763 2591 telum,

384 2632 510 2677 sagitta
527 2659 536 2673 ‚
559 2642 623 2665 seu
644 2625 787 2670 βέλενος
812 2627 872 2661 vel
892 2621 1069 2666 βέλεννος,
1095 2634 1232 2656 nomen
1256 2620 1364 2667 piscis
1393 2617 1581 2664 cujusdam
1608 2622 1761 2662 propter

385 2694 520 2740 sagittae
535 2691 706 2738 speciem,
721 2689 850 2737 gallice
865 2701 911 2721 un
925 2686 1046 2727 dard,·
1057 2685 1158 2719 Bolis
1173 2695 1260 2717 vcro
1275 2694 1293 2716 a
1307 2677 1430 2722 βέλος,
1445 2676 1741 2722 telum,jaculum
1753 2702 1761 2718 ,
