1972 3356
312 237 371 250 ιιὶὶ
375 236 1327 251 ΚᾯΝὌΜΜΜΜΜΚΜΜΜΕΜΜἋΛ
1330 234 1455 248 mmm
1458 236 1499 248 &xl
1504 234 1569 247 2211}

473 443 546 511 C.
583 444 833 511 JULII
873 442 1286 511 CAESARIS

271 671 1488 763 COMMENTARIORUM

502 914 599 969 DE
639 915 881 970 BELLO
917 915 959 969 G
975 915 1239 970 ALLICO

646 1123 824 1167 LIBER
857 1126 1124 1171 TERTIUS.

725 1374 1023 1386 *0—

184 1500 415 1605 I.(2UUM
438 1538 482 1581 in
505 1537 679 1582 Italiam
702 1537 1059 1598 proficisceretur
1077 1541 1237 1596 Caesar,
1258 1539 1460 1583 Servium
1476 1537 1584 1583 Gal-

182 1619 284 1663 bam
310 1635 411 1663 eum
440 1617 613 1680 legione
638 1618 899 1663 duodecima
924 1629 964 1662 et
992 1629 1116 1680 parte
1143 1620 1365 1680 equitatus
1394 1620 1437 1663 in
1462 1620 1584 1663 Nan-

183 1709 352 1756 tuates,
381 1702 624 1763 Veragros,
652 1699 940 1761 Sedunosque
966 1701 1105 1757 misit,
1131 1702 1205 1762 qui
1233 1719 1255 1746 a
1280 1701 1440 1745 finibus
1464 1699 1584 1746 Allo-

182 1781 395 1843 brogum,
431 1791 475 1826 et
516 1780 615 1826 lacu
657 1784 907 1838 Lemanno,
948 1791 989 1826 et
1028 1781 1211 1827 flumine
1250 1782 1490 1838 Rhodano,
1528 1781 1582 1827 ad

185 1879 377 1907 summas
406 1861 542 1923 Alpes
567 1864 804 1924 pertinent.
830 1865 974 1907 Causa
999 1863 1206 1907 mittendi
1228 1863 1329 1921 fuit,
1359 1864 1480 1925 quod
1503 1865 1585 1908 iter

185 1960 263 2004 per
299 1942 455 2005 Alpes,
488 1960 576 2004 quo
616 1960 779 2005 niagno
810 1960 911 1987 cum
948 1943 1145 2004 periculo
1179 1945 1441 2006 magnisque
1483 1961 1583 1989 cum

188 2025 397 2085 portoriis
431 2034 696 2069 mercatores
734 2025 797 2068 ire
833 2035 1121 2082 consuerant,
1155 2027 1355 2087 patefieri
1391 2024 1580 2071 volebat.

184 2106 300 2149 Huic
323 2107 542 2167 permisit,
568 2107 603 2150 si
625 2123 738 2168 opus
761 2123 854 2151 esse
885 2107 1197 2165 arbitraretur,
1224 2109 1288 2152 uti
1317 2109 1362 2153 in
1388 2109 1450 2152 eis
1478 2107 1584 2152 loeis

186 2185 425 2248 legionem,
462 2186 688 2231 hiemandi
715 2204 863 2243 causa,
899 2186 1149 2233 collocaret.
1183 2188 1347 2247 Galba,
1383 2190 1585 2234 secundis

185 2267 354 2329 aliquot
394 2267 559 2329 proeliis
600 2268 744 2326 factis,
780 2268 1059 2331 castellisque
1093 2269 1397 2332 compluribus
1431 2289 1584 2316 eorum

187 2350 473 2410 expugnatis,
506 2350 650 2394 missis
683 2349 739 2394 ad
773 2367 874 2395 eum
905 2350 1102 2413 undique
1134 2350 1308 2414 legatis,
1341 2352 1587 2397 obsidibus-

187 2446 272 2490 que
310 2429 441 2486 datis,
481 2440 525 2474 et
564 2447 672 2492 pace
708 2430 842 2488 facta,
887 2433 1118 2477 constituit
1152 2433 1355 2478 cohortes
1396 2433 1503 2478 duas
1542 2435 1586 2477 in

188 2511 489 2556 Nantuatibus
519 2510 761 2567 collocare,
793 2522 836 2557 et
863 2514 955 2575 ipse
987 2529 1087 2558 cum
1121 2512 1300 2574 reliquis
1328 2514 1419 2574 ejus
1450 2513 1586 2574 legio-

190 2593 254 2636 nis
279 2592 536 2638 cohortibus
561 2594 604 2637 in
637 2595 732 2639 vico
758 2597 1077 2657 Veragrorum,
1108 2596 1183 2656 qui
1217 2594 1466 2657 appellatur
1496 2597 1586 2639 Oc—

190 2673 397 2729 todurus,
434 2675 629 2720 hiemare
671 2694 677 2718 :
724 2678 798 2737 qui
845 2678 985 2735 vicus,
1032 2678 1198 2739 positus
1240 2679 1283 2721 in
1322 2675 1452 2729 valle,
1498 2693 1586 2720 nou
