1972 3356
343 167 387 210 46
540 168 578 202 C.
607 167 736 203 JULII
765 166 989 200 CAESARIS
1018 165 1509 203 COMMENTARIORUM

339 253 611 306 cohortibus,
627 267 722 312 quae
745 259 870 294 erant
883 250 929 293 in
948 249 1136 293 statione
1149 248 1205 293 ad
1221 259 1388 310 portas,
1407 249 1714 296 defenduntur.

403 333 604 377 LXXVI.
632 331 806 389 Quibus
832 330 961 374 rebus
994 329 1231 386 confectis,
1259 329 1365 373 flens
1391 330 1586 375 Petreius
1624 349 1718 377 ma-

342 411 512 474 nipulos
538 413 712 469 circuit,
743 411 990 472 militesque
1022 409 1235 473 appellat3
1268 427 1354 454 neu
1385 427 1448 467 se,
1475 427 1561 455 neu
1590 413 1720 456 Pom-

340 494 485 554 peium
509 493 750 550 absentem,
770 493 1074 553 imperatorem
1094 508 1246 548 suum,
1262 490 1520 535 adversariis
1540 491 1596 536 ad
1617 509 1722 554 sup—

340 560 518 636 plicium
553 573 749 629 tradant,
795 573 1009 617 obsecrat.
1042 572 1113 615 Fit
1150 571 1346 617 celeriter
1386 588 1624 616 concursus
1677 574 1722 616 in

341 656 607 717 praetorium.
632 653 848 710 Postulat,
866 663 915 698 ut
932 654 1082 715 jurent
1110 670 1282 707 omne5‚
1303 668 1349 697 se
1374 654 1611 697 exercitum
1641 653 1722 698 du-

341 752 498 796 cesque
538 752 626 779 non
660 735 934 792 deserturos,
979 750 1119 794 neque
1156 732 1434 794 prodituros,
1467 750 1608 794 neque
1634 733 1717 778 sibi

340 818 573 878 separatim
591 833 615 860 a
638 815 816 877 reliquis
839 814 1069 860 consilium
1088 824 1306 875 capturos.
1329 815 1535 875 Princeps
1563 816 1607 858 in
1631 815 1722 859 haec

341 897 472 941 verba
494 898 611 958 jurat
641 898 732 958 ipse
757 914 766 939 :
796 896 909 940 idem
945 895 1255 957 jusjurandum
1282 894 1419 955 adigit
1451 895 1680 939 Afranium
1711 912 1721 939 :

342 977 667 1037 subsequuntur
698 975 862 1019 tribuni
895 974 1084 1018 militum
1135 976 1498 1035 centurionesque
1533 992 1542 1018 :
1573 985 1724 1020 centu-

342 1059 487 1101 riatim
508 1056 709 1118 producti
726 1055 882 1099 milites
904 1055 1195 1116 idemjurant.
1217 1054 1424 1111 Edicunt,
1443 1071 1575 1116 penes
1592 1073 1724 1116 quem

342 1143 525 1198 quisque
568 1138 623 1181 sit
657 1137 837 1181 Caesaris
883 1134 1026 1192 miles,
1064 1145 1111 1179 ut
1149 1135 1456 1196 producatur:
1490 1135 1725 1196 productos

342 1218 486 1280 palam
520 1219 564 1262 in
600 1218 803 1279 praetorio
839 1215 1121 1261 interficiunt.
1159 1216 1243 1260 Sed
1278 1216 1509 1277 plerosque
1547 1217 1618 1274 hi,
1649 1218 1725 1278 qui

343 1308 614 1360 receperant,
648 1299 815 1353 celant,
843 1307 1063 1358 noctuque
1093 1314 1171 1359 per
1204 1295 1364 1341 vallum
1396 1299 1618 1342 emittunt.
1655 1299 1726 1343 Sic

343 1391 509 1425 terrore
536 1379 683 1424 oblato
713 1397 738 1424 a
765 1379 970 1436 ducibus,
999 1378 1232 1423 crudelitas
1268 1381 1311 1422 in
1346 1378 1585 1441 supplicio,
1612 1396 1725 1424 nova

344 1460 822 1522 religiojurisjurandi,
848 1476 970 1521 spem
1001 1461 1224 1520 praesentis
1253 1459 1489 1505 deditionis
1521 1461 1725 1516 sustulit,

344 1551 594 1601 mentesque
621 1540 809 1584 militum
833 1541 1069 1595 convertit,
1097 1550 1139 1584 et
1166 1557 1257 1584 rem
1283 1540 1337 1584 ad
1368 1542 1595 1601 pristinam
1622 1541 1722 1586 belli

344 1622 558 1666 rationem
582 1621 760 1683 redegit.

409 1704 633 1748 LXXVII.
657 1705 826 1756 Caesar,
854 1703 929 1762 qui
956 1701 1113 1746 milites
1138 1702 1485 1746 adversariorum
1518 1703 1562 1746 in
1585 1713 1725 1748 castra

346 1799 422 1843 per
461 1792 632 1843 tempus
664 1780 872 1842 colloquii
898 1792 1132 1837 venerant,
1163 1798 1335 1826 summa
1360 1781 1589 1844 diligentia
1620 1800 1726 1827 con-

346 1864 460 1923 quiri
477 1872 519 1906 ct
547 1863 709 1906 remitti
729 1861 858 1922 jubet
879 1879 887 1906 :
909 1861 982 1906 sed
1018 1879 1068 1905 ex
1099 1879 1282 1906 numero
1307 1863 1586 1907 tribunorum
1615 1863 1727 1907 mili-

348 1955 440 1988 tum
464 1946 856 2004 centurionumque
883 1942 1085 1987 nonnulli
1117 1960 1195 1987 sua
1229 1943 1456 1988 voluntate
1484 1944 1600 2006 apud
1627 1961 1726 1989 eum

348 2036 669 2082 remanserunt,
694 2042 802 2087 quos
829 2024 899 2068 ille
922 2035 1069 2086 postea
1099 2041 1258 2086 magno
1284 2026 1328 2068 in
1353 2025 1520 2069 honore
1544 2026 1727 2082 habuit;

348 2107 626 2151 centuriones
663 2107 707 2150 in
750 2105 985 2167 ampliores
1019 2105 1211 2162 ordines,
1248 2106 1414 2166 equites
1453 2122 1655 2151 romanos
1684 2108 1727 2151 iu

351 2189 627 2232 tribunitium
655 2189 845 2232 restituit
871 2188 1099 2231 honorem.

413 2270 659 2312 LXXVIII.
684 2269 1002 2313 Premebantur
1023 2267 1570 2329 Afranianipabulatione‚
1595 2286 1729 2330 aqua·

350 2349 511 2392 bantur
527 2366 650 2411 aegre.
677 2350 902 2394 Frumenti
925 2350 1096 2410 copiam
1114 2348 1343 2410 legionarii
1372 2349 1629 2394 nonnullam
1649 2350 1729 2394 ha-

350 2430 533 2486 bebant,
574 2431 693 2491 quod
729 2431 898 2475 dierum
938 2448 1040 2476 xxu
1071 2433 1124 2476 ab
1157 2432 1300 2476 Ilerda
1325 2432 1592 2476 frumentum
1613 2431 1724 2491 jussi

352 2522 475 2555 crant
493 2512 668 2569 efferre3
687 2513 841 2557 cetrati
855 2511 1169 2574 auxiliaresque
1186 2513 1351 2557 nullam
1366 2547 1377 2569 ,
1396 2528 1582 2573 quorum
1603 2521 1729 2555 erant

353 2602 393 2634 et
415 2590 641 2637 facultates
663 2593 717 2637 ad
742 2593 987 2654 parandum
1007 2594 1171 2654 exiguae
1187 2630 1198 2649 ,
1220 2604 1262 2638 et
1283 2609 1465 2654 corpora
1486 2594 1653 2636 insueta
1675 2590 1731 2635 ad
