1972 3356
441 214 488 249 38
647 214 686 248 C.
714 212 842 247 JUL11
871 211 1089 246 CAESARIS
1118 210 1601 247 COMMENTARIORL'M

438 304 614 356 pontem
653 294 868 353 imperant
895 293 1012 349 fieri,
1051 293 1328 354 legionesque
1366 310 1399 337 11
1429 293 1590 337 flumen
1626 295 1807 339 Sicorim

440 374 698 427 traducunt,
726 382 952 430 castraque
979 374 1187 417 muniunt
1211 371 1325 416 vallo
1352 371 1513 434 pedum
1539 389 1617 417 ΧΠ.

501 454 638 496 LXII.
665 453 763 509 Qua
784 469 830 496 re
851 469 927 513 per
946 451 1241 513 exploratores
1257 453 1430 514 cognita
1443 487 1454 509 ,
1480 469 1648 496 summo
1663 451 1810 497 labore

437 531 627 576 militum
644 534 805 585 Caesar,
831 534 1085 577 continuato
1108 531 1221 577 diem
1245 541 1504 593 noctemque
1519 549 1650 593 opere
1668 534 1711 576 in
1729 533 1810 577 ssu-

438 613 554 656 mine
569 612 824 669 avertendo,
847 612 932 656 huc
949 613 1041 673 jam
1064 612 1306 656 deduxerat
1323 629 1435 668 rem,
1459 613 1711 672 utequites,
1731 615 1810 656 etsi

439 692 674 737 difficulter
695 703 826 753 atque
851 710 963 754 aegre
983 693 1132 750 fiebat,
1156 703 1333 754 possent
1353 703 1496 737 tamen
1522 703 1652 753 atque
1681 692 1813 737 aude-

438 782 536 816 rent
555 772 717 816 flumen
740 774 948 830 transire,
971 773 1134 834 pedites
1159 789 1264 817 vero
1289 773 1596 817 tantummodo
1621 773 1813 817 humeris

439 869 487 896 ac
514 869 682 897 summo
696 864 871 914 pectore
895 864 1079 910 exstare,
1106 863 1148 897 et
1172 863 1266 897 tum
1291 853 1518 897 altitudine
1543 870 1691 914 aquae,
1716 864 1810 897 tum

439 933 568 976 etiam
583 933 812 993 rapiditate
828 933 1044 989 fluminis,
1068 933 1122 976 ad
1144 933 1457 977 transeundum
1480 933 1811 993 impedirentur.

439 1011 524 1055 Sed
549 1021 689 1055 tamen
715 1012 866 1055 eodem
892 1011 982 1055 fere
1009 1021 1203 1072 tempore
1228 1029 1337 1072 pons
1363 1013 1408 1054 in
1434 1012 1560 1056 Ibero
1588 1029 1724 1073 prope
1751 1012 1811 1056 ef-

438 1090 575 1134 fectus
605 1091 912 1147 nuntiabatur,
939 1101 982 1135 et
1009 1092 1055 1134 in
1084 1092 1224 1136 Sicori
1251 1092 1410 1135 vadum
1436 1092 1748 1153 reperiebatur.

502 1172 665 1215 LXIII.
704 1174 799 1215 Jam
827 1187 930 1215 vero
956 1189 1005 1216 eo
1030 1174 1168 1234 magis
1193 1171 1254 1215 illi
1281 1173 1591 1217 maturandum
1617 1173 1698 1216 iter
1721 1174 1814 1217 exi-

439 1250 687 1294 stimabant.
708 1253 860 1312 Itaque
886 1251 1055 1296 duabus
1077 1251 1360 1296 auxiliaribus
1390 1253 1643 1297 cohortibus
1662 1251 1817 1297 Ilerdae

438 1331 637 1390 praesidio
674 1331 854 1387 relictis,
886 1332 1089 1377 omnibus
1117 1334 1254 1394 copiis
1280 1334 1462 1377 Sicorim
1490 1342 1745 1389 transeunt,
1772 1343 1817 1377 et

439 1427 538 1455 cum
575 1412 744 1455 duabus
779 1411 1044 1473 legionibuS,
1081 1430 1187 1473 quas
1214 1414 1511 1474 superioribus
1541 1413 1694 1457 diebus
1728 1423 1816 1456 tra—

439 1490 678 1546 duxerant,
707 1501 845 1535 castra
875 1493 1163 1553 conjungunt.
1190 1491 1537 1553 Relinquebatur
1563 1493 1722 1537 Caesari
1747 1493 1815 1536 ni-

438 1569 519 1625 hil,
546 1572 627 1614 nisi
648 1572 709 1615 uti
738 1573 935 1631 equitatu
960 1589 1113 1633 agmen
1139 1572 1485 1616 adversariorum
1509 1571 1621 1616 male
1635 1572 1817 1616 haberet

440 1661 482 1694 et
500 1661 709 1712 carperet.
738 1655 853 1696 Pons
881 1653 995 1695 enim
1026 1654 1160 1712 ipsius
1188 1669 1397 1713 magnum
1422 1653 1653 1696 circuitum
1687 1652 1819 1696 habe-

438 1732 534 1787 bat,
563 1742 609 1774 ut
644 1731 783 1775 multo
812 1732 1008 1775 breviore
1036 1733 1191 1775 itinere
1217 1731 1279 1774 illi
1304 1732 1356 1775 ad
1389 1732 1566 1775 Iberum
1593 1733 1819 1792 pervenire

439 1820 627 1870 possent.
654 1812 834 1870 Equites
861 1810 914 1853 ab
937 1828 987 1854 eo
1015 1812 1133 1854 missi
1160 1811 1321 1855 flumen
1349 1821 1596 1867 transeunt3
1623 1821 1664 1856 et
1682 1828 1816 1872 quum

441 1891 493 1934 de
519 1892 644 1934 tertia
680 1890 826 1952 vigilia
856 1893 1049 1935 Petreius
1087 1902 1218 1952 atque
1248 1892 1453 1937 Afranius
1487 1902 1627 1936 castra
1660 1893 1820 1936 movis-

440 1980 554 2026 sent,
581 1981 758 2032 repente
785 1987 873 2015 sese
897 1971 952 2015 ad
976 1972 1259 2015 novissimum
1287 1988 1442 2033 agmen
1468 1972 1724 2029 ostendunt,
1750 1982 1819 2029 et,

439 2069 597 2113 magna
619 2052 900 2097 multitudiue
923 2052 1207 2108 circumfusa,
1230 2053 1390 2096 morari
1418 2062 1548 2113 atque
1576 2054 1659 2097 iter
1687 2054 1820 2114 impe-

441 2132 532 2176 dire
563 2134 789 2194 incipiunt.

506 2215 665 2258 LXIV.
692 2215 835 2257 Prima
858 2212 951 2257 luce
977 2230 1027 2257 ex
1047 2215 1341 2275 superioribus
1362 2213 1486 2271 locis,
1515 2231 1612 2275 quae
1636 2215 1819 2258 Caesaris

445 2295 593 2338 castris
628 2304 752 2337 erant
792 2295 1046 2354 conjuncta,
1091 2295 1372 2350 cernebatur,
1416 2295 1634 2355 equitatus
1680 2295 1818 2338 nostri

446 2373 596 2435 proelio
623 2375 878 2419 novissimos
914 2371 1089 2417 illorum
1128 2376 1264 2435 premi
1296 2375 1594 2430 vehementer,
1625 2391 1674 2418 ac
1708 2391 1818 2418 non-

447 2472 670 2516 nunquam
697 2457 908 2499 sustinere
931 2465 1174 2499 extremum
1193 2473 1347 2517 agmen
1371 2466 1501 2516 atque
1528 2455 1818 2516 interrumpi3

448 2535 548 2580 alias
564 2536 712 2579 inferri
729 2538 849 2597 signa
866 2571 877 2592 ,
895 2545 938 2580 et
959 2537 1257 2580 universarum
1275 2537 1521 2581 cohortium
1538 2537 1701 2596 impetu
1724 2553 1821 2580 nos-

449 2626 534 2660 tros
553 2615 733 2676 propelli
749 2634 760 2673 3
777 2616 932 2660 deinde
949 2632 1096 2660 rursus
1121 2633 1351 2661 conversos
1373 2617 1553 2676 insequi.
1576 2617 1697 2660 Totis
1715 2633 1817 2660 vero
