1972 3356
579 216 654 250 'DE
682 215 844 252 BELLO
875 217 1094 253 GALLICO
1124 219 1214 254 LIB.
1238 221 1267 256 I.
1557 214 1604 249 Ἢ

233 298 449 353 cessisset,
479 315 527 344 ae
557 298 738 344 liberam
770 302 1089 362 possessionem
1120 301 1277 346 Galliae
1309 302 1391 347 sibi
1418 302 1620 347 tradidis-

225 389 309 435 set,
350 396 512 442 magno
550 397 594 424 se
628 379 752 424 illum
783 380 964 441 praemio
997 394 1403 440 remuneraturum,
1429 393 1470 428 et
1506 401 1622 445 quae—

225 475 399 520 cunque
418 460 531 504 bella
553 463 644 522 geri
668 459 821 515 vellet,
846 462 941 505 sine
964 461 1056 506 ullo
1078 465 1171 523 ejus
1189 463 1337 508 labore
1361 474 1401 508 et
1424 464 1621 525 periculo

225 540 543 586 confecturum.
569 562 590 582 2)

286 623 423 666 XLV.
442 622 585 667 Multa
609 623 663 667 ab
686 624 858 668 Caesare
887 625 931 667 in
956 640 1050 667 eam
1074 625 1339 668 sententiam
1361 625 1475 669 dicta
1499 637 1621 681 sunt,

222 716 358 760 quare
393 705 570 764 negotio
610 703 819 748 desistere
854 721 945 748 non
981 714 1146 765 posset,
1180 725 1200 746 α
1224 715 1267 748 et
1303 722 1447 766 neque
1476 724 1621 762 suam,

223 797 363 841 neque
399 783 552 844 populi
590 785 761 828 romani
796 785 1166 829 consuetudinem
1203 786 1316 846 pati,
1351 787 1414 830 uti
1455 788 1621 848 optime

221 863 402 907 meritos
424 865 563 908 socios
584 865 802 910 desereret
829 884 837 910 :
867 883 1009 927 neque
1030 884 1075 910 se
1089 866 1312 927 judicare,
1337 865 1528 911 Galliam
1549 885 1624 929 po—

223 943 307 987 tius
337 960 429 989 esse
454 945 686 1004 Ariovisti,
721 964 853 1007 quam
884 946 1037 1009 populi
1068 948 1255 991 romani.
1291 947 1414 992 Bello
1444 965 1624 1009 supera-

223 1033 287 1068 tos
318 1041 409 1070 esse
449 1029 648 1072 Avernos
677 1038 720 1072 et
750 1031 948 1072 Rutenos
973 1045 997 1072 a
1023 1028 1079 1085 Q.
1110 1028 1246 1073 Fabio
1275 1029 1501 1086 Maximo,
1529 1031 1625 1090 qui-

220 1106 299 1149 hus
335 1107 525 1169 populus
563 1126 772 1153 romanus
807 1110 1064 1171 ignovisset,
1098 1126 1239 1170 neque
1268 1110 1311 1153 in
1348 1111 1622 1170 provinciam

219 1188 476 1251 redegisset,
506 1207 649 1250 neque
678 1190 946 1251 stipendium
969 1190 1263 1250 imposuisset.
1289 1191 1426 1248 Quod
1451 1193 1484 1235 si
1510 1193 1623 1235 anti-

220 1270 479 1330 quissimum
517 1270 726 1331 quodque
759 1280 934 1331 tempus
969 1271 1157 1330 spectari
1188 1281 1433 1332 oporteret,
1468 1271 1622 1333 populi

219 1353 390 1396 romani
410 1352 705 1412 justissimum
723 1368 815 1395 esse
833 1351 877 1393 in
893 1350 1040 1395 Gallia
1060 1351 1295 1412 imperium
1322 1368 1331 1394 :
1357 1352 1621 1411 sijudicium

218 1443 394 1478 senatus
415 1433 641 1476 observari
657 1440 903 1493 oporteret,
922 1431 1108 1476 liberam
1126 1432 1286 1476 debere
1301 1448 1392 1476 esse
1407 1431 1621 1489 Galliam,

218 1531 351 1576 quam
375 1512 492 1558 bello
516 1513 679 1557 victam
708 1513 796 1557 suis
824 1511 993 1574 legibus
1022 1514 1086 1557 uti
1111 1512 1336 1558 voluisset.
1362 1534 1382 1555 ))

281 1598 442 1641 XLVI.
480 1597 601 1639 Dum
626 1595 716 1638 haee
740 1595 785 1637 in
814 1592 1038 1655 colloquio
1064 1604 1302 1657 geruntur,
1327 1596 1489 1640 Caesari
1510 1613 1623 1640 nun-

220 1679 374 1722 tiatum
401 1687 486 1731 est,
505 1677 674 1737 equites
703 1675 915 1720 Ariovisti
941 1677 1123 1737 propius
1147 1676 1370 1721 tumulum
1391 1677 1620 1733 accedere,

217 1769 262 1803 et
287 1759 341 1802 ad
368 1769 542 1803 nostros
565 1758 845 1818 adequitare,
866 1756 1033 1818 lapides
1063 1757 1235 1818 telaque
1257 1759 1301 1802 in
1322 1768 1497 1802 nostros
1518 1776 1622 1803 eon-

215 1841 365 1901 jicere.
389 1841 535 1884 Caesar
559 1838 771 1899 loquendi
805 1838 939 1882 finem
964 1838 1094 1893 fecit,
1125 1855 1258 1899 seque
1285 1840 1340 1883 ad
1370 1857 1471 1884 suos
1499 1857 1621 1884 rece-

218 1923 302 1983 pit,
327 1921 505 1981 suisque
530 1920 784 1980 imperavit,
810 1936 866 1962 ne
884 1918 1001 1979 quod
1030 1920 1213 1963 omnino
1240 1920 1375 1965 telum
1402 1922 1446 1964 in
1472 1922 1620 1967 hostes

219 2003 465 2062 rejicerent.
496 2002 610 2046 Nam
640 2001 721 2044 etsi
752 2000 845 2044 sine
875 1998 966 2044 ullo
997 1999 1196 2061 periculo
1227 2000 1411 2062 legionis
1442 2001 1620 2046 delectae

215 2101 315 2127 cum
343 2084 542 2145 equitatu
571 2079 777 2143 proelium
808 2081 901 2125 fore
930 2081 1131 2139 videbat,
1164 2092 1310 2127 tamen
1338 2083 1620 2126 committen-

215 2164 321 2208 dum
358 2182 448 2209 non
479 2163 683 2225 putabat,
714 2172 782 2219 ut,
808 2161 945 2224 pulsis
977 2163 1198 2220 hostibus,
1231 2163 1317 2208 diei
1347 2174 1515 2225 posset,
1544 2181 1616 2208 eos

216 2246 268 2290 ab
297 2263 341 2290 se
365 2262 444 2307 per
470 2245 600 2290 fidem
634 2246 678 2288 in
707 2243 931 2305 colloquio
952 2245 1291 2289 circumventos.
1322 2247 1616 2306 Posteaquam

216 2329 260 2370 in
289 2326 450 2389 vulgus
480 2325 671 2371 milituln
701 2324 867 2370 elatum
896 2335 982 2382 est,
1012 2343 1099 2386 qua
1128 2327 1380 2387 arrogantia
1406 2327 1449 2369 in
1479 2325 1616 2370 eollo-

217 2409 320 2469 quio
348 2409 598 2453 Ariovistus
626 2423 749 2462 usus,
782 2407 905 2451 omni
934 2405 1080 2452 Gallia
1118 2407 1330 2452 Romanis
1362 2406 1615 2451 interdixis-

217 2500 301 2542 set,
329 2490 635 2551 impetumque
659 2488 703 2531 in
725 2498 900 2532 nostros
918 2489 1012 2549 ejus
1039 2489 1209 2549 equites
1234 2487 1459 2543 fecissent,
1477 2505 1615 2548 eaque

217 2587 283 2615 res
299 2569 572 2631 colloquium
594 2581 643 2614 ut
669 2568 937 2624 diremisset,
962 2568 1103 2614 multo
1131 2570 1272 2630 major
1297 2568 1501 2614 alacritas
1526 2579 1615 2614 stu-

217 2650 427 2711 diumque
453 2651 680 2712 pugnandi
710 2651 851 2712 majus
875 2651 1085 2694 exercitui
1112 2651 1320 2711 injectum
1348 2661 1427 2695 est.

414 2749 439 2775 ι.
1391 2730 1416 2775 3
