1972 3356
344 235 390 271 52
557 236 593 269 C.
624 235 751 269 JULII
781 233 1000 268 CAESARIS
1033 231 1519 266 COMMENTARIORUM

343 319 511 380 generis
547 318 726 378 imperia
756 317 987 371 constitui,
1025 326 1072 359 ut
1119 314 1231 358 idem
1273 314 1327 357 ad
1368 326 1516 375 portas
1555 318 1733 362 urbanis

342 397 543 459 praesidia
577 398 728 455 rebus,
765 408 807 441 et
842 397 950 441 duas
992 395 1342 441 bellicosissimas
1374 397 1626 456 provincias
1659 399 1734 442 ab·

342 494 438 521 sens
466 487 533 522 tot
559 494 698 521 annos
721 478 922 523 obtineat
948 495 956 521 :
986 478 1030 520 in
1056 494 1099 520 se
1123 477 1225 537 jura
1256 477 1591 537 magistratuum
1616 495 1735 522 com-

341 559 525 613 mutari,
550 575 605 603 ne
625 575 677 602 ex
700 568 893 620 praetura
923 568 966 602 et
986 557 1236 614 consulatu,
1270 566 1318 601 ut
1344 573 1537 619 semper,
1562 557 1636 602 sed
1661 575 1738 619 por

342 655 506 700 paucos
536 640 710 701 probati
740 649 783 683 et
811 637 939 683 electi
968 639 1012 682 in
1041 639 1291 700 provincias
1332 639 1567 683 mittantur
1592 656 1601 682 ε
1627 640 1672 682 in
1694 656 1738 682 se

343 721 478 764 aetatis
498 721 824 764 excusationem
846 718 956 763 nihil
983 719 1149 775 valere,
1173 718 1293 779 quod
1319 719 1623 779 superioribus
1649 719 1739 764 bel-

344 800 396 845 lis
414 801 587 862 probati
613 801 669 845 ad
692 800 955 845 obtinendos
977 801 1191 845 exercitus
1216 809 1457 844 evocentur
1481 818 1489 844 :
1517 801 1562 844 in
1581 818 1624 845 se
1649 818 1738 846 uno

345 899 433 926 non
459 883 644 937 servari,
671 881 791 943 quod
815 882 871 925 sit
897 881 1102 925 omnibus
1128 881 1278 925 datum
1309 897 1480 941 semper
1506 881 1740 943 imperato-

345 963 488 1018 ribus,
510 973 578 1018 ut,
600 963 729 1007 rebus
751 962 939 1006 feliciter
963 963 1118 1024 gestis,
1143 971 1219 1005 aut
1240 978 1341 1005 cum
1364 962 1535 1006 honore
1562 962 1711 1024 aliquo
1729 998 1739 1018 ‚

345 1053 419 1087 aut
439 1053 556 1087 certe
577 1044 671 1087 sine
692 1043 936 1105 ignominia
954 1042 1136 1087 domum
1162 1051 1457 1098 revertantur,
1479 1045 1740 1088 exercitum-

345 1140 431 1185 que
449 1124 687 1168 dimittant.
718 1124 828 1181 Quae
853 1133 1000 1167 tamen
1025 1124 1173 1167 omnia
1200 1132 1242 1166 et
1266 1138 1310 1166 se
1332 1121 1482 1167 tulisse
1501 1124 1741 1184 patienter,

346 1214 388 1249 et
416 1221 507 1249 esse
533 1203 749 1261 laturum3
776 1221 920 1266 neque
943 1221 1063 1249 nunc
1095 1203 1139 1248 id
1162 1220 1311 1265 agere,
1339 1213 1388 1248 ut
1422 1204 1476 1248 ab
1503 1203 1588 1249 illis
1608 1204 1745 1249 abdu—

349 1297 470 1331 ctum
484 1287 726 1330 exercitum
749 1295 893 1330 teneat
908 1286 1020 1348 ipse,
1045 1284 1163 1346 quod
1183 1294 1327 1330 tamen
1350 1285 1432 1330 sibi
1454 1285 1633 1330 difficile
1654 1302 1743 1330 non

346 1368 402 1412 sit
417 1403 428 1423 ,
445 1367 521 1412 sed
538 1384 593 1412 ne
607 1366 668 1411 illi
686 1368 879 1412 habeant
893 1402 903 1422 ,
918 1384 1006 1428 quo
1019 1376 1175 1411 contra
1190 1383 1234 1410 se
1255 1367 1319 1410 uti
1336 1367 1518 1428 possint.
1529 1366 1742 1422 Proinde,

347 1458 396 1493 ut
419 1458 531 1493 esset
555 1448 746 1503 dictum,
762 1448 1001 1509 provinciis
1024 1446 1308 1503 excederent,
1335 1448 1666 1508 exercitumque
1685 1448 1745 1491 di-

348 1529 576 1573 mitterent
603 1546 612 1573 :
642 1530 676 1573 si
695 1529 740 1572 id
767 1529 821 1573 sit
846 1528 1035 1585 factum,
1054 1529 1308 1571 nociturum
1327 1544 1371 1571 se
1402 1528 1567 1571 nemini
1593 1545 1602 1571 :
1629 1528 1744 1573 hanc

349 1626 483 1654 unam
507 1621 637 1671 atque
664 1619 906 1654 extremam
927 1609 1043 1670 pacis
1068 1625 1158 1652 esse
1186 1608 1498 1653 conditionem.
1525 1628 1546 1650 2>

413 1692 662 1735 LXXXVI.
689 1691 740 1734 Id
763 1708 866 1735 vero
897 1689 1106 1734 militibus
1133 1689 1215 1733 fuit
1236 1699 1491 1751 pergratum
1523 1700 1566 1734 et
1585 1690 1745 1750 jucun-

349 1771 455 1814 dum
472 1805 483 1825 ,
508 1782 555 1816 ut
585 1788 637 1815 ex
665 1772 757 1832 ipsa
784 1770 1103 1832 significatione
1136 1771 1281 1831 potuit
1305 1771 1532 1831 cognosci,
1573 1781 1641 1828 ut,
1669 1772 1744 1832 qui

349 1850 516 1912 aliquid
532 1852 640 1912 justi
665 1851 934 1896 incommodi
962 1851 1353 1912 exspectavissent,
1376 1849 1492 1895 ultro
1515 1853 1744 1913 praemium

348 1933 567 1977 missionis
594 1932 774 1977 ferrent.
811 1935 927 1978 Nam
961 1950 1099 1994 quum
1135 1932 1188 1976 de
1217 1931 1314 1977 loco
1341 1943 1384 1977 et
1420 1943 1618 1995 tempore
1653 1935 1747 1995 ejus

349 2015 411 2058 rei
439 2015 739 2059 controversia
764 2014 1024 2071 inferretur,
1047 2025 1089 2059 et
1117 2031 1224 2058 voce
1251 2024 1294 2058 et
1322 2014 1525 2059 manibus
1553 2016 1746 2060 universi

350 2113 402 2140 ex
430 2095 564 2152 vallo,
593 2096 666 2140 ubi
693 2097 1006 2153 constiterant,
1038 2095 1283 2157 significare
1308 2105 1559 2156 coeperunt,
1587 2106 1636 2140 ut
1661 2106 1749 2140 sta-

351 2178 430 2221 tim
457 2177 813 2234 dimitterentur3
837 2193 979 2237 neque
1008 2178 1128 2221 omni
1158 2176 1419 2237 interposita
1447 2176 1534 2220 fide
1567 2176 1744 2220 firmum

350 2274 443 2302 esse
462 2274 614 2319 posse,
641 2259 676 2302 si
706 2259 749 2302 in
778 2256 897 2302 aliud
919 2268 1091 2319 tempus
1120 2257 1386 2302 differretur.
1423 2259 1579 2302 Paucis
1609 2274 1745 2318 quum

350 2347 462 2382 esset
497 2339 541 2382 in
580 2349 813 2400 utramque
851 2349 1020 2401 partem
1064 2340 1206 2383 verbis
1243 2338 1538 2400 disputatum,
1570 2354 1638 2382 res
1660 2338 1748 2383 huc

353 2418 608 2477 deducitur,
633 2430 682 2465 ut
710 2421 759 2478 ii,
788 2420 863 2481 qui
891 2420 1082 2464 habeant
1108 2418 1381 2464 domicilium
1415 2428 1490 2463 aut
1514 2419 1748 2480 possessio-

353 2517 429 2545 nes
447 2501 491 2544 in
507 2502 741 2564 Hispania,
764 2501 1103 2562 statim,reliqui
1128 2501 1183 2545 ad
1203 2504 1371 2545 Varum
1394 2500 1577 2556 flumen,
1600 2499 1747 2543 dimit-

358 2590 511 2625 tantur
541 2599 549 2626 :
582 2599 637 2626 ne
671 2581 778 2643 quid
812 2582 871 2626 eis
899 2593 1133 2638 noceatur,
1171 2599 1256 2626 neu
1293 2582 1390 2642 quis
1418 2580 1581 2624 invitus
1609 2597 1747 2624 sacra·

356 2672 552 2707 mentum
581 2663 725 2708 dicere
752 2674 934 2725 cogatur
959 2682 982 2709 a
1008 2668 1198 2720 Caesare,
1228 2673 1419 2708 cavetur.
