1972 3356
442 208 512 250 148
648 208 685 242 C.
712 207 841 241 JULII
870 207 1087 242 CAESARIS
1119 207 1605 245 COMMENTARIORUM

437 291 652 345 timuisse,
693 290 884 350 quinon
922 291 1180 335 necessarias
1215 292 1524 351 conquirerent
1564 292 1818 353 voluptates.

436 373 495 414 At
517 370 561 413 hi
586 370 829 414 miserrimo
854 387 904 414 ac
931 371 1235 431 potentissimo
1258 371 1467 416 exercitui
1489 372 1670 416 Caesaris
1697 371 1822 418 luxu-

435 451 543 494 riem
559 450 851 510 objiciebant,
869 452 938 496 cui
957 468 1128 513 semper
1144 452 1292 496 omnia
1310 450 1363 495 ad
1385 453 1672 496 necessarium
1696 469 1822 497 usum

435 530 683 576 defuissent.
706 533 961 593 Pompeius,
980 534 1071 593 jam
1092 550 1228 593 quum
1249 533 1362 576 intra
1383 531 1546 576 vallum
1566 533 1704 576 nostri
1730 549 1824 576 ver-

435 621 659 669 sarentur,
689 629 850 673 equum
895 623 1072 669 nactus,
1116 613 1320 658 detractis
1357 613 1602 674 insignibus
1637 613 1824 673 impera·
1859 598 1862 604 ¹

438 693 582 750 toriis,
613 693 855 738 decumana
875 704 1002 757 porta
1030 711 1075 738 se
1101 711 1151 738 ex
1178 694 1330 738 castris
1358 693 1507 753 ejecit,
1535 693 1824 755 protinusque

435 790 547 834 equo
571 775 704 818 citato
730 776 949 819 Larissam
973 774 1213 819 contendit.
1239 775 1392 835 Neque
1418 774 1477 818 ibi
1501 774 1725 830 constitit,
1750 773 1825 818 sest

434 855 583 899 eadem
609 854 851 913 celeritate,
879 872 1042 917 paucos
1071 873 1172 900 suos
1198 872 1249 899 ex
1275 855 1379 916 fuga
1403 866 1576 911 nactus,
1604 865 1825 899 nocturno

435 936 589 980 itinere
625 953 712 980 non
757 936 1030 992 intermisso,
1069 937 1280 980 comitatu
1318 936 1517 996 equitum
1557 936 1736 997 triginta
1770 935 1825 980 ad

435 1033 552 1060 mare
604 1017 822 1076 pervenit,
876 1032 1117 1076 navemque
1165 1015 1496 1060 frumentariam
1547 1015 1824 1071 conscendit3

434 1113 570 1156 saepe,
598 1106 647 1139 ut
676 1095 930 1153 dicebatur,
958 1112 1164 1156 querens,
1193 1106 1363 1140 tantum
1405 1113 1448 1139 se
1477 1097 1729 1156 opinionem
1766 1096 1825 1140 fe-

434 1174 610 1232 fellisse,
640 1186 709 1233 ut,
736 1194 759 1220 a
787 1193 877 1237 quo
900 1193 1056 1238 genere
1082 1177 1312 1221 hominum
1341 1177 1566 1220 victoriam
1593 1186 1824 1238 sperasset,

434 1257 489 1300 ab
515 1274 592 1313 eo,
622 1258 748 1301 initio
775 1257 884 1319 fugae
913 1258 1051 1314 facto,
1082 1275 1202 1319 paene
1232 1257 1433 1318 proditus
1460 1257 1694 1302 videretur.

499 1340 682 1383 XCVII.
714 1341 885 1396 Caesar,
907 1340 1058 1383 castris
1079 1340 1244 1400 potitus
1260 1375 1270 1393 ‚
1293 1356 1316 1382 a
1334 1338 1547 1382 militibus
1571 1337 1796 1384 contendit
1814 1374 1825 1395 ,

434 1436 510 1474 ne,
537 1420 580 1462 in
608 1419 752 1479 praeda
780 1421 1009 1481 occupati,
1038 1419 1194 1480 reliqui
1237 1421 1397 1481 negotii
1428 1418 1606 1481 gerendi
1641 1418 1826 1464 faculta-

433 1509 520 1542 tem
550 1498 833 1543 dimitterent.
882 1501 984 1558 Qua
1011 1517 1057 1543 re
1085 1501 1338 1560 impetrata,
1370 1510 1563 1544 montem
1594 1516 1726 1560 opere
1750 1501 1826 1543 cir-

433 1580 688 1622 cumvenire
718 1580 919 1623 instituit.
948 1580 1226 1641 Pompeiani,
1251 1579 1368 1640 quod
1398 1580 1431 1622 is
1460 1596 1585 1623 mons
1613 1589 1706 1623 erat
1731 1580 1825 1624 sinc

433 1675 566 1718 aqua,
587 1658 716 1703 diffisi
740 1661 778 1703 ei
805 1659 919 1716 loco,
949 1659 1102 1704 relicto
1125 1670 1292 1716 monte,
1322 1661 1512 1704 universi
1538 1661 1678 1722 (juris
1705 1661 1822 1721 ejus)

435 1739 653 1782 Larissam
681 1755 831 1783 versus
857 1756 902 1783 se
925 1740 1123 1801 recipere
1146 1750 1387 1800 coeperunt.
1412 1741 1510 1797 Qua
1537 1757 1612 1801 spe
1636 1741 1826 1786 animad-

434 1834 579 1875 versa,
621 1820 766 1863 Caesar
806 1820 954 1881 copias
981 1836 1080 1863 suas
1108 1819 1275 1875 divisit,
1305 1830 1561 1882 partemque
1600 1820 1824 1883 legionum

434 1899 476 1941 in
500 1901 652 1943 castris
678 1900 874 1962 Pompeii
899 1916 1122 1944 remanere
1143 1900 1295 1961 jussit,
1323 1911 1492 1962 partem
1515 1902 1558 1945 in
1583 1918 1659 1946 sua
1684 1912 1827 1947 eastra

433 1981 624 2036 remisit3
651 1992 843 2043 quatuor
871 1999 1018 2026 secum
1048 1981 1238 2044 legiones
1266 1982 1409 2039 duxit,
1438 1982 1825 2045 commodioreque

433 2062 587 2106 itinere
614 2063 890 2125 Pompeianis
918 2079 1148 2108 occurrere
1175 2066 1329 2125 coepit,
1357 2073 1400 2107 et
1435 2080 1689 2126 progressus
1721 2063 1821 2108 mil-

433 2141 488 2185 lia
519 2159 725 2204 passuum
752 2160 849 2201 sex,
880 2144 1017 2187 aciem
1046 2145 1263 2188 instruxit.
1294 2145 1395 2201 Qua
1424 2161 1468 2189 re
1495 2144 1822 2199 animadversa,

432 2223 690 2283 Pompeiani
716 2225 760 2267 in
788 2224 977 2285 quodam
1008 2234 1156 2269 monte
1187 2225 1481 2269 constiterunt
1510 2242 1519 2269 ε
1558 2226 1677 2270 hunc
1702 2242 1822 2270 mon-

433 2311 517 2346 tem
546 2302 710 2348 ssumen
750 2304 992 2349 subluebat.
1033 2308 1202 2362 Caesar,
1243 2304 1401 2350 milites
1435 2306 1711 2362 cohortatus,
1741 2307 1820 2350 etsi

433 2383 567 2428 totius
593 2383 677 2429 diei
703 2386 943 2429 continenti
972 2384 1120 2430 labore
1144 2396 1269 2430 erant
1293 2386 1504 2443 confecti,
1532 2402 1705 2446 noxque
1728 2386 1818 2446 jam

432 2463 638 2522 suberat,
666 2475 808 2510 tamen
838 2466 1082 2510 munitione
1110 2466 1272 2511 flumen
1303 2484 1326 2511 a
1356 2476 1504 2511 monte
1530 2464 1735 2522 seclusit,
1766 2484 1820 2511 ne

434 2554 566 2588 noctu
613 2548 764 2607 aquari
809 2547 1060 2608 Pompeiani
1108 2558 1298 2609 possent.
1349 2548 1451 2605 Quo
1495 2547 1586 2606 jam
1625 2547 1819 2607 perfecto

434 2640 583 2684 opere,
608 2626 669 2671 illi
697 2627 750 2671 de
777 2627 1022 2680 deditione,
1049 2629 1189 2672 missis
1220 2627 1395 2689 legatis,
1420 2643 1546 2688 agere
1569 2637 1815 2688 coeperunt.
