1972 3356
339 281 387 316 60
547 282 584 315 C.
619 283 747 317 JULH
775 280 987 315 CAESARIS
1019 279 1504 314 COMMENTARIORUM

339 381 494 425 magna
539 364 706 424 adjecta
751 362 955 423 planitie,
1002 361 1222 405 altissimis
1262 361 1484 404 montibus
1525 361 1721 421 undique

339 445 597 488 continetur.
633 445 786 501 Quum
809 443 881 486 hic
908 443 951 485 in
985 441 1092 485 duas
1124 451 1268 502 partes
1299 441 1480 484 flumine
1510 440 1723 484 dividere-

341 534 431 578 tur,
453 521 636 567 alteram
663 533 834 584 partem
858 523 950 583 ejus
976 523 1059 566 vici
1085 520 1226 566 Gallis
1255 521 1489 576 concessit,
1514 519 1694 564 alteram
1710 555 1721 575 ,

340 619 523 646 vacuam
550 603 602 646 ab
627 603 712 647 illis
736 602 960 660 relictam,
989 602 1244 647 cohortibus
1272 601 1327 645 ad
1354 600 1637 645 hiemandum
1661 608 1724 644 at-

341 683 505 726 tribuit.
525 685 640 728 Eum
663 683 808 728 locum
831 682 948 727 vallo
968 683 1166 743 fossaque
1190 682 1392 726 munivit.

402 765 458 806 ΙΙ.
480 765 634 821 Quum
657 764 748 808 dies
765 764 1053 807 hibernorum
1078 761 1328 822 complures
1348 762 1625 817 transissent,
1640 761 1727 805 fru-

340 852 624 904 mentumque
648 845 699 887 eo
722 844 990 904 comportari
1010 843 1208 903 jussisset
1223 877 1234 899 ,
1259 842 1404 885 subito
1426 858 1505 902 per
1529 840 1726 901 explora-

340 932 456 967 tores
486 924 646 968 certior
683 924 823 968 factus
855 933 940 980 est,
977 940 1028 967 ex
1062 939 1110 967 ea
1146 932 1270 983 parte
1303 922 1389 966 vici
1423 938 1554 982 quam
1586 920 1724 965 Gallis

340 1013 631 1060 concesserat,
647 1021 797 1048 omnes
818 1013 951 1048 noctu
973 1003 1237 1058 discessisse,
1257 1012 1536 1062 montesque,
1558 1002 1633 1061 qui
1652 1002 1727 1044 im-

342 1082 604 1143 penderent,
632 1101 656 1128 a
684 1085 874 1128 maxima
902 1082 1187 1127 multitudine
1209 1082 1488 1127 Sedunorum
1520 1091 1564 1125 et
1588 1082 1726 1124 Vera-

341 1178 521 1223 grorum
545 1165 697 1208 teneri.
725 1163 776 1207 Id
807 1163 974 1224 aliquot
1004 1163 1057 1207 de
1080 1164 1221 1207 causis
1243 1162 1483 1219 acciderat,
1511 1171 1559 1205 ut
1583 1160 1726 1205 subito

341 1243 457 1287 Galli
483 1243 582 1297 belli
606 1244 848 1288 renovandi
876 1243 1148 1304 legionisque
1171 1242 1472 1303 opprimendae
1494 1241 1727 1286 consilium

340 1334 547 1384 caperent
571 1341 580 1366 ε
603 1325 820 1385 primum,
839 1324 958 1384 quod
981 1323 1223 1385 legionem,
1248 1340 1389 1384 neque
1410 1339 1506 1366 cam
1531 1321 1728 1383 plenissi-

340 1420 457 1446 mam
471 1439 481 1459 ,
507 1404 714 1448 detractis
734 1405 989 1448 cohortibus
1009 1404 1201 1459 duabus,
1226 1413 1268 1447 et
1295 1402 1597 1464 compluribus
1612 1401 1729 1464 sigil-

342 1481 486 1539 latim,
509 1486 583 1544 qui
606 1495 874 1529 commeatus
894 1484 1071 1545 pretendi
1085 1500 1212 1528 causa
1233 1485 1352 1527 missi
1373 1493 1517 1540 erant,
1537 1484 1730 1527 absenti-

340 1562 441 1620 bus,
465 1574 646 1625 propter
666 1565 933 1625 paucitatem
956 1565 1274 1625 despiciebant,
1296 1575 1390 1608 tum
1413 1565 1565 1620 etiam,
1591 1564 1728 1624 quod,

342 1654 522 1704 propter
544 1646 820 1705 iniquitatem
843 1642 954 1700 loci,
979 1661 1114 1705 quum
1140 1645 1221 1705 ipsi
1245 1661 1295 1688 ex
1319 1644 1544 1688 montibus
1568 1644 1613 1687 in
1636 1643 1728 1688 val-

344 1722 426 1767 lem
454 1724 740 1769 decurrerent
765 1736 807 1768 et
827 1725 913 1769 tela
934 1726 1223 1786 conjicerent,
1249 1742 1303 1769 ne
1327 1726 1521 1786 primum
1551 1725 1729 1786 quidem

343 1820 466 1863 posse
490 1806 702 1866 impetum
729 1822 857 1850 suum
882 1807 1086 1850 sustineri
1111 1806 1431 1849 existimabant.
1457 1805 1729 1859 Accedebat,

341 1885 460 1944 quod
483 1902 582 1929 suos
606 1887 659 1929 ab
685 1904 728 1930 se
760 1886 918 1931 liberos
946 1887 1188 1930 abstractos
1218 1886 1421 1930 obsidum
1447 1886 1625 1929 nomine
1652 1885 1730 1930 do-

343 1964 508 2019 lebant,
540 1976 583 2010 et
615 1969 864 2023 Romanos,
906 1984 995 2011 non
1032 1967 1171 2010 solum
1210 1968 1419 2010 itinerum
1459 1983 1611 2021 causa,
1656 1966 1729 2010 sed

342 2046 471 2089 ctiam
499 2058 721 2108 perpetuae
748 2048 1051 2109 possessionis,
1084 2046 1277 2091 culmina
1310 2045 1489 2107 Alpium
1515 2063 1730 2107 occupare

342 2128 514 2184 conari,
549 2137 591 2171 ct
630 2145 680 2171 ea
717 2127 810 2172 loca
846 2128 1039 2171 finitima}
1075 2127 1316 2171 Provinciae
1351 2126 1611 2188 adjungere,
1648 2127 1726 2171 sibi

343 2224 597 2267 persuasum
624 2209 857 2253 habebant.

405 2291 480 2332 III.
522 2290 600 2333 His
632 2290 797 2333 nuntiis
832 2291 1039 2351 acceptis,
1071 2290 1239 2347 Galba,
1270 2307 1407 2351 quum
1442 2306 1585 2350 neque
1621 2306 1729 2350 opus

340 2369 629 2413 hibernorum
659 2370 1014 2431 munitionesque
1051 2370 1178 2431 plene
1214 2381 1359 2415 essent
1394 2370 1616 2431 perfectae,
1654 2387 1729 2413 ne-

343 2465 426 2507 que
450 2449 502 2493 de
528 2450 751 2494 frumento
774 2449 1033 2511 reliquoque
1060 2462 1329 2495 commeatus
1352 2452 1454 2495 satis
1486 2459 1595 2494 esset
1626 2466 1727 2509 pro-

345 2529 503 2584 visum,
552 2530 693 2589 quod,
746 2531 968 2575 deditione
1013 2532 1125 2576 sacta
1164 2532 1475 2591 obsidibusque
1514 2531 1728 2590 acceptis,

346 2607 453 2651 nihil
477 2609 530 2652 de
551 2609 667 2654 bello
689 2612 933 2655 timendum
955 2613 1298 2668 existimaverat,
1322 2610 1509 2655 concilio
1528 2609 1729 2654 celeriter

347 2699 604 2744 convocato,
634 2693 869 2735 sententias
894 2694 1119 2753 exquirere
1144 2694 1285 2753 coepit.
1319 2693 1422 2748 Quo
1446 2692 1487 2733 in
1521 2689 1727 2744 concilio,
