1972 3356
566 227 630 260 DE
660 227 819 261 BELLO
854 227 1066 261 GALLICO
1096 227 1185 260 Llss.
1212 226 1258 260 11.
1558 224 1603 260 53

213 311 337 354 beret
368 326 493 353 ausos
526 327 615 353 csse
649 312 834 355 transire
865 310 1126 355 latissimum
1161 310 1347 366 flumen,
1377 309 1606 353 ascendere

216 391 445 436 altissimas
469 392 606 452 ripas,
631 392 776 435 subire
807 391 1131 451 iniquissimum
1155 390 1322 445 locum,
1347 407 1444 451 quae
1468 389 1609 434 facilia

221 490 268 517 ex
292 472 561 517 difficillimis
581 473 716 516 animi
740 472 1002 533 magnitudo
1028 472 1270 533 redegerat.

282 555 490 598 XXVIII.
526 556 621 595 Hoc
650 551 805 613 proelio
841 552 978 607 facto,
1009 562 1051 596 et
1083 569 1220 613 prope
1256 553 1311 596 ad
1350 554 1611 597 internecio-

220 651 318 678 nem
343 643 472 694 gente
491 649 541 676 ac
559 633 738 676 nornine
758 634 1027 677 Nerviorum
1052 632 1253 687 redacto,
1278 633 1466 694 majores
1485 643 1607 686 natu,

216 731 326 775 quos
355 729 442 758 una
473 729 574 757 cum
602 714 751 773 pueris
781 712 1129 775 mulieribusque
1158 716 1202 758 in
1233 715 1432 758 aestuaria
1463 731 1512 758 ac
1539 731 1613 774 pa-

216 793 338 839 ludes
367 792 576 838 collectos
611 793 883 851 dixeramus,
916 795 999 839 hac
1032 812 1181 857 pugna
1216 797 1441 852 nuntiata,
1477 812 1614 856 quum

216 876 459 921 victoribus
489 876 599 920 nihil
634 876 924 938 impeditum,
952 877 1078 921 victis
1107 876 1216 921 nihil
1248 887 1394 922 tutum
1428 878 1615 921 arbitra-

216 966 389 1014 rentur,
429 959 629 1002 omnium
663 960 739 1020 qui
781 969 1041 1021 supererent
1082 976 1318 1017 consensu,
1355 959 1520 1022 legatos
1562 960 1615 1003 ad

217 1039 435 1083 Caesarem
469 1041 707 1097 miserunt,
746 1058 878 1102 seque
904 1042 942 1085 ei
981 1040 1264 1097 dediderunt3
1291 1050 1334 1085 et
1354 1042 1399 1085 in
1427 1058 1617 1085 comme-

216 1120 430 1164 moranda
458 1122 647 1165 civitatis
670 1121 940 1178 calamitate,
968 1140 1022 1168 ex
1050 1139 1107 1168 DC
1134 1123 1189 1167 ad
1216 1140 1266 1168 ΠΙ
1297 1133 1539 1177 senatores,
1566 1138 1616 1166 ex

219 1200 448 1245 hominum
478 1201 672 1247 millibus
697 1219 751 1247 Lx
776 1205 851 1247 vix
878 1203 933 1248 ad
960 1220 1009 1260 Ι),
1035 1206 1107 1264 qui
1135 1221 1255 1248 arma
1285 1205 1398 1249 ferre
1422 1213 1618 1266 possent,

219 1297 309 1325 sese
336 1282 537 1326 redactos
572 1300 662 1327 esse
692 1283 910 1327 dixerunt.
936 1286 1062 1342 Quos
1086 1288 1251 1341 Caesar,
1286 1296 1336 1330 ut
1365 1287 1408 1329 in
1438 1286 1619 1330 miseros

220 1379 269 1407 ac
295 1363 516 1424 supplices
545 1380 648 1408 usus
677 1364 978 1408 misericordia
1008 1365 1255 1419 videretur,
1285 1365 1620 1426 diligentissime

220 1445 514 1501 conservavit,
547 1445 724 1505 suisque
758 1445 918 1489 finibus
948 1455 1080 1505 atque
1104 1446 1279 1506 oppidis
1305 1446 1369 1490 uti
1395 1446 1549 1506 jussit,
1579 1456 1620 1489 et

220 1524 417 1569 finitimis
454 1526 708 1587 imperavit,
747 1536 796 1570 ut
824 1525 879 1568 ab
909 1526 1068 1587 injuria
1098 1538 1141 1571 et
1174 1527 1389 1572 maleficio
1427 1544 1471 1571 se
1501 1544 1622 1571 suos-

220 1623 306 1667 que
332 1607 631 1668 prohiberent.

285 1690 453 1733 XXIX.
485 1689 719 1744 Atuatuci,
748 1687 801 1731 de
831 1689 990 1749 quibus
1018 1705 1149 1750 supra
1179 1690 1454 1752 scripsimus,
1484 1706 1620 1750 quum

222 1770 427 1814 omnibus
447 1769 585 1830 copiis
603 1768 766 1813 auxilio
788 1770 963 1815 Nerviis
982 1772 1188 1817 venirent
1203 1806 1214 1827 ,
1238 1772 1320 1815 hac
1340 1788 1491 1833 pugna
1511 1788 1622 1814 nun-

223 1850 346 1905 tiata,
391 1868 441 1895 ex
484 1851 641 1894 itinere
679 1850 862 1894 domum
906 1861 1205 1907 reverterunt,
1244 1853 1415 1896 cunctis
1447 1852 1622 1914 oppidis

223 1931 497 1994 castellisque
517 1933 719 1987 desertis,
746 1947 821 1975 sua
843 1933 988 1975 omnia
1015 1933 1058 1975 in
1080 1948 1218 1975 unum
1241 1932 1477 1993 oppidum,
1502 1950 1623 1994 egre-

224 2013 293 2074 gie
323 2022 480 2056 natura
513 2013 761 2065 munitum,
790 2011 1088 2056 contulerunt.
1118 2013 1253 2071 Quod
1282 2030 1419 2074 quum
1446 2031 1496 2058 ex
1526 2031 1621 2057 om-

225 2094 353 2138 nibus
384 2094 429 2136 in
453 2096 642 2137 circuitu
672 2092 868 2154 partibus
895 2092 1128 2139 altissimas
1153 2111 1283 2155 rupes
1307 2094 1624 2156 despectusque

224 2175 424 2230 haberet,
448 2190 536 2218 una
565 2191 617 2218 ex
647 2184 772 2235 parte
800 2175 958 2219 leniter
987 2174 1164 2219 acclivis
1196 2175 1368 2232 aditus,
1398 2178 1443 2220 in
1474 2175 1623 2220 latitu-

226 2256 377 2300 dinem
410 2272 501 2299 non
541 2253 731 2317 amplius
768 2270 821 2301 cc
858 2255 1044 2316 pedum,
1080 2255 1414 2318 relinquebatur
1453 2275 1460 2301 :
1492 2274 1622 2318 quem

226 2337 371 2381 locum
405 2336 569 2397 duplici
605 2335 816 2381 altissimo
853 2354 982 2382 muro
1019 2339 1271 2383 munierant
1308 2356 1316 2382 1
1353 2349 1446 2383 tum
1476 2339 1623 2400 magni

228 2418 436 2480 ponderis
467 2434 569 2462 saxa
594 2428 638 2462 et
660 2428 900 2479 praeacutas
929 2420 1076 2464 trabes
1105 2422 1148 2464 in
1181 2437 1311 2464 muro
1340 2419 1622 2465 collocarant.

226 2500 316 2561 Ipsi
347 2509 474 2544 erant
498 2516 549 2543 ex
580 2499 771 2544 Cimbris
796 2501 1092 2562 Teutonisque
1118 2503 1342 2563 prognati3
1367 2502 1464 2562 qui,
1488 2517 1625 2562 quum

231 2584 313 2627 iter
338 2582 383 2626 in
414 2582 699 2627 Provinciam
734 2592 929 2626 nostram
966 2593 1098 2644 atquc
1126 2583 1297 2627 Italiam
1329 2581 1543 2637 facerent,
1576 2582 1625 2625 iis

233 2663 581 2725 impedimentis,
610 2679 706 2723 quae
743 2680 888 2708 secum
918 2681 1045 2725 agere
1079 2682 1126 2709 ac
1163 2674 1340 2726 portare
1378 2681 1465 2707 non
1502 2673 1625 2724 pote-
