1972 3356
546 257 612 292 DE
643 255 806 291 BELLO
835 253 1228 289 ALEXANDRINO.
1511 252 1582 300 193

185 342 267 387 sibi
312 357 526 385 novarum
565 339 894 401 provinciarum
933 346 977 381 et
1018 335 1273 381 fertilissimi
1308 337 1432 398 regni
1464 345 1585 381 tanta

184 422 332 467 oblata
359 431 470 466 esset
493 420 692 465 facultas.
715 421 870 479 Itaque
895 419 988 479 ipse
1014 418 1058 460 in
1086 417 1361 461 Lusitaniam
1384 416 1585 479 proficis-

186 503 383 559 citur,ad
402 503 592 565 legiones
607 499 888 545 arcessendas
915 497 1167 558 auxiliaque
1183 497 1468 554 adducendaz,
1489 516 1583 544 cer-

184 586 240 630 tis
283 584 537 629 hominibus
583 582 657 626 dat
693 580 939 642 negotium,
976 588 1026 623 ut
1058 578 1330 622 frumentum
1366 597 1586 641 navesque

185 676 358 712 centum
392 673 717 726 praeparentur,
764 660 1051 722 pecuniaeque
1100 659 1479 718 describerentur,
1522 672 1587 706 at-

185 764 270 809 que
301 747 648 807 imperarentur,
674 759 728 787 ne
755 758 841 803 qua
867 758 957 796 res,
983 758 1121 802 quum
1151 740 1361 798 redisset,
1388 759 1586 787 morare·

186 838 270 872 tur.
300 826 483 872 Reditus
514 827 607 887 ejus
630 824 714 868 fuit
741 821 928 867 celerior
955 822 1155 866 omnium
1188 822 1399 884 opinione
1439 840 1448 866 ε
1496 841 1586 867 non

184 909 300 953 enim
331 906 457 952 labor
500 910 577 950 aut
605 904 852 968 vigilantia,
894 903 1089 964 cupienti
1128 904 1371 965 praesertim
1398 902 1586 965 aliquid,

184 989 335 1034 Cassio
362 987 525 1032 deerat.

247 1071 344 1114 LII.
375 1069 584 1113 Exercitu
606 1077 759 1112 coacto
782 1068 827 1111 in
857 1083 996 1111 unum
1019 1065 1189 1122 locum,
1216 1068 1371 1111 castris
1393 1067 1449 1112 ad
1473 1069 1585 1112 Cor-

182 1150 343 1195 dubam
364 1150 542 1212 positis,
563 1166 644 1210 pro
670 1148 884 1192 concione
904 1146 1118 1191 militibus
1143 1148 1348 1209 exponit,
1379 1165 1487 1209 quas
1514 1165 1583 1192 res

184 1231 366 1276 Caesaris
391 1231 518 1291 jussu
557 1246 708 1292 gerere
747 1229 945 1286 deberet,
978 1227 1301 1289 polliceturque
1337 1229 1420 1285 eis,
1449 1246 1588 1290 quum

185 1314 228 1357 in
247 1314 563 1358 Mauritaniam
580 1312 932 1372 transjecissent,
959 1313 1031 1355 HS
1057 1321 1266 1355 centenos
1289 1328 1333 1355 se
1350 1311 1557 1355 daturum
1577 1328 1586 1354 z

183 1395 382 1454 quintam
407 1393 501 1437 fore
531 1394 574 1437 in
602 1393 816 1454 Hispania
838 1392 1069 1454 legionem.
1094 1394 1158 1436 Ex
1189 1393 1402 1436 concione
1419 1409 1462 1436 se
1476 1394 1588 1436 Cor-

182 1473 346 1517 dubam
374 1475 561 1535 recepit,
588 1490 728 1534 eoque
755 1474 850 1534 ipso
880 1472 970 1526 die,
998 1482 1197 1533 tempore
1219 1472 1591 1533 postmeridiano,

182 1571 319 1615 quum
351 1555 394 1597 in
438 1553 662 1598 basilicam
691 1554 792 1607 iret,
821 1552 1005 1614 quidam
1042 1553 1268 1596 Minucius
1307 1552 1418 1610 Silo,
1456 1552 1589 1597 cliens

181 1638 231 1681 L.
263 1634 441 1694 Racilii,
469 1634 692 1693 libellum,
720 1636 845 1696 quasi
885 1634 1053 1696 aliquid
1084 1634 1138 1678 ab
1166 1651 1217 1679 eo
1244 1634 1512 1696 postularet,
1541 1645 1592 1679 ut

180 1716 328 1774 miles,
366 1718 403 1761 ei
438 1717 652 1773 transdit3
683 1716 843 1761 deinde
876 1726 975 1777 post
999 1715 1220 1760 Racilium
1263 1717 1390 1778 (nam
1418 1717 1452 1760 is
1477 1714 1591 1760 latus

183 1799 321 1844 Cassii
347 1798 563 1860 tegebat),
589 1799 712 1859 quasi
737 1814 997 1858 responsum
1016 1797 1070 1840 ab
1098 1813 1149 1841 eo
1179 1806 1346 1857 peteret
1362 1832 1373 1850 ,
1391 1796 1592 1842 celeriter

183 1878 286 1923 dato
301 1877 400 1922 loco
414 1913 424 1935 ,
439 1895 578 1939 quum
595 1895 639 1922 se
659 1878 923 1922 insinuasset
937 1912 947 1934 ,
960 1878 1135 1921 sinistra
1146 1878 1331 1938 corripit
1345 1894 1446 1921 eum
1460 1912 1471 1934 ,
1488 1876 1590 1921 dex-

184 1969 339 2021 traque
364 1959 429 2003 bis
455 1959 556 2003 ferit
582 1960 788 2021 pugione.
817 1957 1024 2003 Clamore
1047 1958 1246 2014 sublato,
1268 1958 1315 2002 fit
1342 1975 1365 2002 a
1392 1959 1593 2019 conjura-

185 2041 240 2084 tis
257 2041 447 2102 impetus
464 2041 692 2085 universis.
711 2040 942 2084 Munatius
969 2038 1153 2085 Flaccus
1170 2040 1419 2100 proximum
1443 2038 1588 2101 gladio

184 2122 403 2183 transjicit
427 2120 659 2166 lictorem:
686 2122 773 2165 hoc
800 2121 1056 2178 interfecto,
1085 2122 1141 2178 Q.
1165 2121 1366 2166 Cassium
1393 2118 1592 2182 legatum

187 2201 405 2246 vulnerat.
422 2203 490 2247 Ibi
512 2205 561 2247 T.
577 2203 736 2248 Vasius
759 2212 802 2246 et
824 2204 873 2247 L.
895 2201 1127 2264 Mergilio,
1151 2200 1281 2246 simili
1302 2200 1590 2258 confidentia,

184 2281 392 2327 Flaccum
418 2284 687 2345 municipem
705 2300 833 2327 suum
859 2283 1072 2345 adjuvant
1101 2301 1111 2327 z
1143 2293 1270 2326 erant
1288 2283 1406 2326 enim
1435 2297 1589 2327 omnes

184 2362 451 2408 Italicenses.
493 2366 552 2408 At
590 2365 732 2425 ipsum
772 2365 1025 2426 Longinum
1070 2366 1121 2408 L.
1157 2364 1356 2408 Licinius
1394 2361 1591 2424 Squillus

186 2443 377 2500 involat,
401 2445 713 2506 jacentemque
738 2444 907 2490 levibus
934 2446 1100 2490 sauciat
1127 2444 1281 2506 plagis.

250 2527 370 2570 LIII.
400 2527 695 2571 Concurritur
721 2525 775 2571 ad
803 2528 1004 2572 Cassium
1030 2524 1386 2582 defendendum
1415 2540 1591 2585 semper

187 2605 305 2649 enim
330 2607 519 2651 ber-ones
540 2605 878 2668 compluresque
897 2618 1100 2653 evocatos
1116 2623 1215 2651 cum
1233 2605 1328 2651 telis
1344 2621 1491 2649 secum
1511 2605 1589 2648 ha-

186 2683 291 2730 bere
322 2697 613 2733 consueverat
638 2703 647 2730 :
677 2703 701 2731 a
738 2688 899 2749 quibus
933 2689 1068 2734 ceteri
1106 2686 1483 2742 intercluduntur,
1513 2685 1588 2746 qui

1310 2766 1381 2813 13,
