1972 3356
527 203 593 237 DE
625 203 784 238 BELLO
817 203 1028 239 GALLICO
1059 204 1148 239 LIB.
1174 205 1201 238 Ι.
1515 206 1556 239 13

166 295 366 345 equestre
391 286 621 331 adversum
648 288 801 347 paucis
825 297 927 330 ante
956 287 1109 331 dicbus
1134 298 1245 331 esset
1271 288 1453 345 factum,
1479 290 1559 333 ini-

166 366 277 409 tium
307 366 398 426 ejus
426 366 539 427 fugae
569 367 733 410 factum
762 384 786 410 a
816 368 1094 428 Dumnorige
1124 378 1255 429 atque
1282 370 1374 429 ejus
1398 371 1557 430 equiti-

166 447 247 490 bus
261 446 380 506 (nam
402 448 640 507 equitatui,
663 464 793 507 quem
816 447 979 490 auxilio
997 450 1156 492 Caesari
1174 449 1304 493 AEdui
1324 451 1560 508 miserant,

166 529 417 572 'Dumnorix
447 528 677 588 praeerat),
708 544 861 571 eorum
892 528 994 589 fuga
1024 528 1243 588 reliquum
1276 548 1367 575 esse
1395 533 1561 592 equita-

168 619 260 652 tum
289 608 588 668 perterritum.
612 628 632 648 n

227 690 349 732 XIX.
373 688 550 745 Quibus
574 688 704 732 rebus
727 690 937 750 cognitis,
957 706 1094 750 quum
1120 690 1175 734 ad
1192 691 1269 735 has
1288 694 1558 754 suspiciones

163 768 414 812 certissimae
449 785 518 812 res
550 769 831 826 accederent,
863 770 983 830 quod
1010 787 1088 832 per
1113 771 1219 815 fines
1251 774 1556 834 Sequanorum

163 847 387 894 Helvetios
414 850 699 905 traduxisset,
719 850 839 911 quod
865 850 1036 895 obsides
1062 853 1178 897 inter
1201 870 1273 897 eos
1296 853 1464 898 dandos
1486 872 1560 899 cu·

162 941 323 986 rasset,
349 931 468 992 quod
485 949 536 975 ea
554 933 701 976 omnia
722 949 812 976 non
838 932 972 977 modo
995 933 1165 994 injussu
1186 951 1265 979 suo
1283 945 1327 979 et
1347 937 1556 992 civitatis,

164 1012 239 1056 sed
267 1014 398 1057 etiam
427 1014 714 1057 inscientibus
743 1014 850 1075 ipsis
878 1013 1067 1070 fecisset,
1097 1016 1217 1076 quod
1245 1033 1267 1060 a
1296 1018 1557 1079 magistratu

164 1094 410 1138 AEduorum
447 1104 753 1149 accusaretur3
789 1095 893 1139 satis
933 1112 1025 1140 esse
1066 1112 1205 1141 causae
1240 1098 1558 1156 arbitrabatur,

163 1191 300 1234 quare
337 1176 382 1219 in
417 1192 518 1219 eum
556 1185 633 1219 aut
667 1176 760 1236 ipse
796 1176 1192 1234 animadverteret,
1227 1189 1304 1223 aut
1334 1180 1558 1224 civitatem

164 1255 517 1299 animadvertere
543 1256 732 1316 juberet.
761 1257 838 1300 His
863 1257 1070 1302 omnibus
1100 1259 1229 1303 rebus
1258 1276 1398 1303 unum
1427 1278 1559 1322 repu-

164 1336 347 1396 gnabat,
373 1335 493 1396 quod
515 1336 725 1379 Divitiaci
751 1336 900 1380 fratris
925 1353 1147 1384 summum
1176 1340 1220 1381 in
1244 1340 1460 1400 populum
1485 1359 1558 1385 ro-

157 1434 341 1461 manum
369 1417 566 1461 studium
583 1452 594 1473 ,
621 1433 839 1461 summam
870 1418 914 1460 in
941 1434 985 1461 se
1007 1417 1307 1471 voluntatem,
1335 1422 1558 1483 egregiam

162 1498 319 1553 fidem,
351 1499 596 1559 justitiam,
627 1498 967 1558 temperantiam
1002 1510 1273 1560 cognoverat
1305 1518 1314 1544 :
1347 1518 1472 1558 nam,
1504 1519 1559 1546 ne

162 1581 255 1640 ejus
293 1578 512 1641 supplicio
545 1579 755 1623 Divitiaci
784 1579 981 1622 animum
1018 1579 1284 1637 offenderet,
1310 1583 1556 1628 verebatur.

161 1663 315 1721 Itaque
347 1661 604 1722 priusquam
638 1659 882 1722 quidquam
913 1671 1172 1715 conaretur,
1202 1663 1472 1708 Divitiacum
1502 1666 1557 1710 ad

161 1759 207 1788 se
238 1744 382 1787 vocari
411 1745 562 1804 jubet,
598 1754 668 1801 et,
699 1741 967 1804 quotidianis
1002 1741 1315 1802 interpretibus
1349 1740 1554 1795 remotis,

162 1842 241 1887 per
262 1827 310 1871 C.
326 1824 554 1869 Valerium
573 1823 837 1879 Procillum,
858 1822 1104 1884 principem
1124 1821 1279 1866 Galliae
1299 1821 1556 1881 provinciae,

164 1905 422 1950 familiarem
458 1919 609 1957 suum,
645 1902 715 1945 cui
751 1916 970 1944 summam
1005 1917 1156 1946 rerum
1193 1903 1392 1946 omnium
1427 1902 1558 1946 fidem

165 1988 373 2043 habebat,
397 2003 499 2030 cum
518 2002 569 2029 eo
591 1984 865 2045 colloquitur
891 2000 899 2027 :
926 1981 1057 2027 simul
1082 1982 1442 2038 commonefacit,
1462 2000 1559 2044 quae

163 2067 257 2127 ipso
283 2076 498 2127 praesente
529 2066 574 2109 in
602 2064 790 2110 concilio
813 2062 1050 2109 Gallorum
1080 2063 1133 2106 de
1164 2064 1446 2124 Dumnorige
1473 2063 1560 2106 sint

163 2147 304 2204 (licta,
336 2157 379 2191 et
408 2146 625 2202 ostendit,
658 2163 754 2207 quae
783 2145 1018 2206 separatim
1052 2144 1237 2205 quisque
1270 2143 1323 2187 de
1358 2160 1410 2187 eo
1442 2143 1559 2204 apud

163 2245 207 2272 se
237 2228 397 2272 dixerit
422 2245 430 2271 :
456 2228 566 2289 petit
588 2237 720 2288 atque
743 2227 969 2281 hortatur,
996 2235 1045 2269 ut
1070 2226 1162 2269 sine
1193 2225 1286 2285 ejus
1316 2224 1560 2269 offensione

163 2310 298 2354 animi
322 2309 391 2353 vel
417 2311 509 2370 ipse
538 2309 590 2353 de
615 2325 688 2363 eo,
715 2325 846 2353 causa
869 2307 1072 2369 cognita,
1098 2315 1285 2361 statuat,
1309 2305 1377 2350 vel
1408 2307 1560 2350 civita-

163 2401 253 2435 tem
283 2399 476 2434 statuere
501 2390 668 2450 jubeat.

226 2473 327 2516 XX.
365 2471 613 2516 Divitiacus
643 2469 796 2515 multis
821 2487 923 2515 cum
951 2469 1175 2530 lacrymiS,
1199 2471 1415 2513 Caesarem
1439 2484 1560 2511 com-

164 2550 340 2612 plexus,
375 2552 608 2596 obsecrare
643 2551 792 2612 coepit,
828 2570 849 2592 «
870 2567 926 2595 ne
956 2549 1065 2611 quid
1094 2550 1267 2610 gravius
1302 2550 1346 2592 in
1382 2548 1560 2592 fratrem

164 2638 375 2676 statueret
408 2650 416 2675 ς
442 2632 552 2676 scire
577 2649 621 2676 se
637 2667 648 2687 ,
671 2630 745 2675 illa
767 2647 857 2676 esse
879 2647 1005 2687 vera,
1033 2647 1113 2674 nec
1136 2645 1403 2691 quemquam
1433 2645 1484 2673 ex
1509 2644 1560 2672 eo
