1972 3356
493 240 560 276 DE
591 241 753 277 BELLO
785 242 1005 278 GALLICO
1038 242 1130 277 LIB.
1157 242 1241 278 vn.
1509 252 1576 291 191

162 325 297 371 valles
332 325 656 380 intercedebat,
690 335 839 371 tamen
869 327 925 371 ab
957 327 1147 371 tribunis
1179 325 1375 371 militum
1402 326 1581 390 legatis-

162 425 268 469 que,
302 419 353 453 ut
385 418 479 453 erat
513 425 536 452 a
570 410 743 453 Caesare
780 419 1078 470 praeceptum,
1110 408 1434 454 retinebantur.
1471 409 1581 467 Sed,

162 489 267 534 elati
297 507 373 551 spe
402 489 556 534 celeris
586 491 785 534 victoriae
815 500 859 534 et
890 490 1087 534 hostium
1116 490 1244 552 fuga,
1277 491 1583 552 superiorum-

164 587 251 631 que
279 580 531 633 temporum
556 570 764 615 secundis
792 570 980 632 proeliis,
1010 570 1120 614 nihil
1153 571 1263 616 adeo
1286 572 1477 616 arduum
1500 573 1583 617 sibi

163 652 498 703 existimabant,
523 651 643 712 quod
668 668 759 695 non
784 652 951 695 virtute
973 653 1186 712 consequi
1208 663 1410 713 possent,
1436 671 1584 714 neque

163 733 286 794 prius
313 733 445 777 finem
479 733 693 793 sequendi
725 732 947 790 fecerunt,
977 750 1110 794 quam
1142 750 1273 777 muro
1298 734 1453 796 oppidi
1479 752 1584 797 por-

164 814 308 875 tisque
328 815 760 876 appropinquarent.
782 817 898 859 Tum
917 831 1021 858 vero
1043 832 1094 858 ex
1111 815 1320 859 omnibus
1341 816 1464 860 urbis
1484 833 1586 878 par-

164 895 282 940 tibus
312 906 410 940 orto
439 895 657 951 clamore,
688 898 764 958 qui
796 895 974 959 longius
1003 897 1210 952 aberant,
1244 899 1482 959 repentino
1516 909 1586 944 tu-

162 976 309 1022 multu
333 979 580 1039 perterriti,
600 995 738 1039 quum
755 979 929 1022 hostem
949 979 1065 1022 intra
1081 987 1232 1040 portas
1256 996 1348 1023 esse
1363 981 1585 1026 existima-

165 1068 289 1115 rent,
318 1076 411 1104 sese
437 1077 492 1104 ex
515 1060 682 1121 oppido
708 1061 949 1121 ejecerunt.
974 1062 1144 1105 Matres
1171 1060 1349 1105 familiae
1374 1061 1428 1106 de
1456 1079 1586 1106 muro

163 1150 330 1184 vestem
359 1151 687 1203 argentumque
708 1142 965 1203 jactabant,
991 1152 1054 1197 et,
1084 1143 1281 1204 pectoris
1304 1143 1391 1187 fine
1414 1145 1585 1206 promi-

167 1232 345 1277 nentes,
377 1225 514 1284 passis
539 1224 743 1268 manibus
777 1224 1120 1268 obtestabantur
1144 1226 1394 1282 Romanos,
1425 1236 1475 1270 ut
1502 1225 1585 1271 sibi

166 1314 422 1364 parcerent,
450 1323 559 1359 neu,
594 1306 705 1350 sicut
748 1307 926 1350 Avarici
968 1306 1198 1359 fecissent,
1235 1323 1291 1351 ne
1322 1306 1587 1353 mulieribus

167 1386 347 1446 quidem
373 1397 508 1447 atque
532 1387 775 1431 infantibus
799 1388 1089 1431 abstinerent.
1116 1386 1378 1444 Nonnullae,
1405 1388 1459 1433 de
1487 1406 1586 1434 mu·-

166 1468 226 1511 ris
253 1484 332 1529 per
359 1485 515 1512 manus
542 1469 763 1525 demissae,
789 1486 881 1513 sese
904 1468 1121 1513 militibus
1147 1469 1397 1514 tradebant.
1424 1472 1475 1515 L.
1502 1474 1586 1516 Fa-

165 1549 286 1603 bius,
327 1552 530 1594 centurio
569 1549 755 1612 legionis
800 1567 905 1605 v111,
948 1568 1082 1611 quem
1122 1551 1240 1594 inter
1278 1568 1379 1596 suos
1425 1569 1477 1596 eo
1516 1553 1587 1597 dic

167 1630 329 1676 dixisse
351 1633 607 1689 constabat,
629 1633 813 1677 excitari
832 1650 876 1676 se
892 1633 1238 1678 Avaricensibus
1259 1635 1454 1695 praemiis
1469 1670 1481 1692 ,
1506 1652 1585 1680 ne-

165 1730 253 1774 que
294 1715 659 1770 commissurum,
697 1725 745 1759 ut
775 1715 900 1775 prius
939 1715 1177 1776 quisquam
1210 1732 1392 1760 murum
1431 1733 1586 1761 ascen-

165 1795 311 1853 deret,
341 1805 429 1841 tres
454 1814 555 1841 suos
586 1807 742 1841 nactus
770 1795 1095 1858 manipulares,
1120 1807 1254 1859 atque
1277 1798 1331 1841 ab
1361 1798 1412 1842 iis
1437 1798 1586 1844 suble-

165 1887 312 1935 vatus,
339 1896 518 1923 murum
552 1879 765 1923 ascendit.
789 1882 875 1923 Eos
901 1879 995 1940 ipse
1024 1895 1178 1923 rursus
1203 1879 1402 1941 singulos
1427 1897 1586 1943 excep·

166 1968 283 2015 tans,
308 1962 351 2004 in
377 1978 557 2005 murum
583 1959 756 2005 extulit.

231 2042 438 2087 XLVIII.
475 2044 662 2086 Interim
695 2043 748 2099 ii,
782 2043 857 2103 qui
888 2042 943 2087 ad
977 2041 1162 2086 alteram
1193 2052 1368 2103 partem
1400 2041 1587 2103 oppidi,

167 2133 379 2184 utsupra
411 2123 841 2181 demonstravimus,
882 2124 1144 2168 munitionis
1189 2141 1322 2169 causa
1363 2141 1581 2169 convene·

168 2215 289 2261 rant,
311 2206 458 2266 primo
477 2205 683 2250 exaudito
706 2205 922 2262 clamore,
946 2206 1049 2250 inde
1071 2206 1204 2250 etiam
1227 2206 1394 2250 crebris
1413 2207 1584 2250 nuntiis

167 2286 358 2342 incitati,
394 2286 610 2347 oppidum
646 2304 669 2330 a
704 2288 917 2332 Romanis
951 2288 1114 2342 teneri,
1149 2287 1384 2349 praemissis
1423 2287 1584 2348 equiti-

166 2368 275 2421 bus,
304 2384 469 2429 magno
495 2385 714 2413 concursu
743 2386 795 2413 eo
816 2369 1162 2413 contenderunt.
1190 2371 1360 2413 Eorum
1382 2378 1432 2412 ut
1460 2369 1583 2429 quis-

166 2466 254 2509 que
284 2449 454 2510 primus
486 2459 692 2506 venerat,
721 2450 801 2494 sub
831 2466 962 2494 muro
988 2449 1280 2505 consistebat,
1309 2466 1583 2511 suorumque

168 2530 464 2592 pugnantium
496 2547 733 2575 numerum
771 2532 972 2594 augebat.
1010 2532 1217 2589 Quorum
1251 2547 1389 2592 quum
1422 2548 1583 2592 magna

170 2612 413 2658 multitudo
442 2614 741 2669 convenisset,
772 2623 938 2658 matres
966 2612 1164 2669 familiae,
1193 2629 1290 2671 quae
1320 2611 1455 2674 paulo
1480 2622 1582 2656 ante

172 2696 384 2740 Romanis
417 2695 470 2739 de
501 2713 629 2739 muro
662 2712 820 2739 manus
851 2695 1116 2751 tendebant,
1145 2711 1246 2739 suos
1278 2693 1510 2749 obtestari,
1539 2704 1580 2738 et
