1972 3356
460 214 529 251 144
655 210 693 243 C.
723 209 851 243 JULII
880 209 1101 244 CAESARIS
1132 209 1617 248 COMMENTARIORUM

455 292 596 336 stituit
643 291 945 352 equitatuique
993 294 1222 353 opposuit,
1271 303 1333 347 et,
1387 294 1494 354 quid
1539 295 1632 340 fieri
1676 297 1826 355 vellet,

454 371 666 426 ostendit3
694 373 974 432 monuitque,
1002 373 1094 433 ejus
1124 372 1208 416 diei
1230 374 1457 417 victoriam
1498 374 1542 417 in
1579 391 1727 420 earum
1752 395 1826 422 co-

454 452 645 495 hortium
660 452 820 496 virtute
833 462 1046 496 constare,
1071 452 1208 497 Simul
1232 454 1368 497 tertiae
1388 454 1493 498 aciei
1523 455 1688 515 totique
1706 472 1827 501 exer-

453 532 559 575 citui
587 533 841 593 imperavit,
879 550 933 577 ne
959 533 1128 594 injussu
1163 550 1240 577 suo
1275 544 1576 591 concurreret3
1602 551 1667 590 se,
1693 551 1828 596 quum

455 612 497 656 id
527 612 622 656 fieri
650 611 801 670 vellet,
828 612 986 658 vexillo
1011 615 1183 676 signum
1211 614 1428 658 daturum.

518 694 608 737 XC.
636 695 887 738 Exercitum
917 711 1053 754 quum
1089 694 1267 739 militari
1308 712 1428 739 more
1454 694 1507 739 ad
1545 712 1737 756 pugnam
1764 713 1834 742 co·

452 774 721 829 hortaretur,
743 791 906 835 suaque
933 777 976 818 in
1004 793 1103 820 eum
1117 776 1314 837 perpetui
1340 777 1548 836 temporis
1562 775 1704 820 officia
1721 793 1830 838 prae-

452 855 640 910 dicaret,
655 856 699 899 in
722 857 874 917 primis
901 858 1280 912 commemoravit,
1305 877 1325 898 «
1347 857 1528 901 testibus
1553 873 1596 900 se
1619 857 1830 901 militibus

454 935 515 978 uti
532 952 682 995 posse,
712 947 879 995 quanto
900 937 1044 980 studio
1068 953 1217 997 pacem
1248 937 1460 997 petiisset;
1485 953 1580 996 quae
1605 953 1683 997 per
1706 937 1830 981 Vati-

452 1016 573 1058 nium
598 1016 642 1058 in
672 1014 926 1075 colloquiis,
956 1032 1053 1075 quae
1081 1032 1158 1076 per
1182 1018 1233 1060 A.
1264 1014 1472 1060 Clodium
1500 1032 1601 1059 cum
1626 1017 1830 1077 Scipione

452 1095 634 1155 egisset,
658 1095 817 1155 quibus
839 1095 980 1139 modis
1004 1095 1058 1138 ad
1077 1097 1259 1139 Oricum
1279 1112 1379 1140 cum
1397 1095 1565 1139 Libone
1582 1095 1635 1139 de
1655 1097 1829 1140 mitten-

451 1174 517 1219 dis
550 1174 700 1237 legatis
726 1175 1019 1220 contendisset
1048 1193 1057 1219 :
1084 1192 1225 1236 neque
1265 1192 1308 1219 sc
1346 1192 1539 1236 unquam
1576 1175 1696 1219 abuti
1719 1175 1833 1220 mili·

451 1266 545 1299 tum
578 1257 818 1317 sanguine,
855 1273 996 1316 neque
1024 1255 1340 1317 rempublicam
1380 1254 1593 1299 alterutro
1636 1256 1830 1299 exercitu

450 1337 623 1397 privare
653 1336 853 1381 voluisse.
882 1357 903 1378 »
934 1340 1025 1381 Hac
1059 1337 1209 1380 habita
1235 1337 1460 1390 oratione,
1497 1336 1832 1397 exposcentibus

451 1415 683 1473 militibus,
712 1427 755 1461 et
781 1416 927 1461 studio
971 1433 1131 1478 pugnae
1173 1416 1452 1472 ardentibus,
1502 1415 1607 1460 tuba
1656 1415 1831 1477 signum

451 1496 582 1542 dedit.

515 1579 631 1622 XCI.
678 1580 783 1622 Erat
817 1578 1046 1623 Crastinus
1088 1587 1291 1621 evocatus
1320 1578 1363 1620 in
1390 1577 1585 1621 exercitu
1621 1577 1828 1633 Caesaris,

450 1659 525 1719 qui
550 1659 774 1719 superiore
803 1675 919 1702 anno
945 1657 1063 1719 apud
1090 1674 1190 1701 eum
1216 1658 1406 1718 primum
1431 1656 1568 1718 pilum
1598 1657 1640 1700 in
1662 1655 1830 1718 legione

450 1738 617 1782 decima
644 1738 853 1794 duxerat,
881 1739 949 1781 vir
977 1737 1187 1798 singulari
1212 1738 1385 1780 virtute.
1414 1738 1521 1792 Hic,
1543 1738 1667 1798 signo
1688 1736 1790 1781 dato
1818 1754 1827 1780 ε

451 1838 472 1860 (ε
492 1818 733 1879 Sequimini
758 1834 847 1874 me,
875 1817 1044 1878 inquit,
1072 1816 1365 1878 manipulares
1393 1817 1476 1860 mei
1503 1817 1577 1876 qui
1602 1816 1761 1873 fuistis,
1788 1826 1831 1860 et

448 1908 594 1943 vestro
648 1899 928 1959 imperatori,
981 1914 1114 1958 quam
1152 1897 1461 1953 constituistis,
1499 1913 1678 1957 operam
1716 1895 1827 1940 date.

449 1980 600 2023 Unum
624 1979 708 2023 hoc
733 1977 935 2039 proelium
953 1988 1168 2039 superest;
1194 1994 1281 2038 quo
1304 1977 1525 2032 confecto,
1550 1988 1592 2021 et
1615 1975 1685 2021 ille
1705 1993 1827 2020 suam

449 2059 730 2121 dignitatem,
755 2069 800 2103 et
828 2075 906 2103 nos
935 2068 1130 2102 nostram
1154 2057 1398 2102 libertatem
1424 2057 1828 2118 recuperabimus.»

449 2138 587 2184 Simul
615 2140 848 2201 respiciens
875 2141 1117 2196 Caesarem,
1137 2139 1365 2195 «Faciam,
1395 2139 1560 2199 inquit,
1587 2137 1737 2192 hodie,
1759 2138 1832 2181 im-

449 2230 641 2281 perator,
678 2231 726 2265 ut
765 2229 840 2264 aut
872 2220 973 2263 vivo
1006 2220 1138 2276 mihi,
1174 2230 1249 2264 aut
1283 2229 1457 2263 mortuo
1490 2219 1648 2280 gratias
1674 2235 1787 2279 agas.
1809 2236 1830 2258 n

450 2303 554 2344 Haee
579 2318 715 2361 quum
753 2300 951 2356 dixisset,
979 2302 1145 2361 primus
1171 2317 1223 2344 ex
1245 2299 1397 2343 dextro
1428 2316 1564 2343 cornu
1589 2314 1829 2359 procucur-

451 2382 534 2438 rit,
554 2391 684 2442 atque
703 2398 804 2426 eum
832 2380 958 2425 electi
982 2380 1140 2425 milites
1158 2382 1330 2425 circiter
1358 2396 1445 2424 cxx
1465 2377 1698 2422 voluntarii
1721 2377 1829 2437 ejus-

451 2460 550 2505 dem
572 2463 778 2506 centuriae
806 2471 908 2505 sunt
937 2462 1170 2521 prosecuti.

518 2544 655 2587 XCII.
680 2545 800 2587 Inter
827 2541 934 2585 duas
977 2542 1086 2586 acies
1116 2552 1287 2586 tantum
1325 2550 1418 2584 crat
1445 2538 1643 2583 relictum
1672 2538 1825 2598 spatii,

452 2631 501 2665 ut
537 2623 639 2666 satis
674 2632 787 2666 esset
816 2621 870 2665 ad
907 2637 1166 2666 concursum
1203 2622 1429 2680 utriusque
1454 2618 1666 2662 exercitus
1709 2635 1716 2660 :
1751 2616 1828 2661 sed
