<?xml version="1.0" encoding="UTF-8"?>
<!DOCTYPE html PUBLIC "-//W3C//DTD XHTML 1.0 Transitional//EN"
    "http://www.w3.org/TR/xhtml1/DTD/xhtml1-transitional.dtd">
<html xmlns="http://www.w3.org/1999/xhtml" xml:lang="en" lang="en">
 <head>
  <title>
</title>
<meta http-equiv="Content-Type" content="text/html;charset=utf-8" />
  <meta name='ocr-system' content='tesseract 3.04.00' />
  <meta name='ocr-capabilities' content='ocr_page ocr_carea ocr_par ocr_line ocrx_word'/>
</head>
<body>
  <div class='ocr_page' id='page_1' title='image "./operajoh0102caesuoft_0232.png"; bbox 0 0 1972 3356; ppageno 0'>
   <div class='ocr_carea' id='block_1_1' title="bbox 380 250 1553 291">
    <p class='ocr_par' dir='ltr' id='par_1_1' title="bbox 380 250 1553 291">
     <span class='ocr_line' id='line_1_1' title="bbox 380 250 1553 291; baseline -0.005 -1"><span class='ocrx_word' id='word_1_1' title='bbox 380 268 454 291; x_wconf 79' lang='lat'>210</span> <span class='ocrx_word' id='word_1_2' title='bbox 590 257 628 289; x_wconf 90' lang='lat' dir='ltr'>C.</span> <span class='ocrx_word' id='word_1_3' title='bbox 662 254 787 289; x_wconf 85' lang='lat' dir='ltr'>JULII</span> <span class='ocrx_word' id='word_1_4' title='bbox 818 252 1035 287; x_wconf 86' lang='lat' dir='ltr'>CAESARIS</span> <span class='ocrx_word' id='word_1_5' title='bbox 1066 250 1553 286; x_wconf 76' lang='lat' dir='ltr'><strong>COMMENTARIORUM</strong></span> 
     </span>
    </p>
   </div>
   <div class='ocr_carea' id='block_1_2' title="bbox 378 332 1797 2647">
    <p class='ocr_par' dir='ltr' id='par_1_2' title="bbox 378 332 1797 2647">
     <span class='ocr_line' id='line_1_2' title="bbox 378 332 1768 399; baseline -0.005 -17"><span class='ocrx_word' id='word_1_6' title='bbox 378 339 636 399; x_wconf 77' lang='lat' dir='ltr'>spiciamus,</span> <span class='ocrx_word' id='word_1_7' title='bbox 671 352 805 396; x_wconf 88' lang='lat' dir='ltr'>quam</span> <span class='ocrx_word' id='word_1_8' title='bbox 844 334 898 378; x_wconf 89' lang='lat' dir='ltr'>ad</span> <span class='ocrx_word' id='word_1_9' title='bbox 945 343 1147 377; x_wconf 86' lang='lat' dir='ltr'>nostrum</span> <span class='ocrx_word' id='word_1_10' title='bbox 1191 332 1403 377; x_wconf 84' lang='lat' dir='ltr'>auxilium</span> <span class='ocrx_word' id='word_1_11' title='bbox 1440 332 1768 376; x_wconf 83' lang='lat' dir='ltr'><strong>concitavimus.</strong></span> 
     </span>
     <span class='ocr_line' id='line_1_3' title="bbox 380 411 1773 475; baseline -0.005 -13"><span class='ocrx_word' id='word_1_12' title='bbox 380 418 521 475; x_wconf 87' lang='lat' dir='ltr'>Quid,</span> <span class='ocrx_word' id='word_1_13' title='bbox 565 417 799 461; x_wconf 89' lang='lat' dir='ltr'>hominum</span> <span class='ocrx_word' id='word_1_14' title='bbox 843 413 1039 458; x_wconf 88' lang='lat' dir='ltr'>millibus</span> <span class='ocrx_word' id='word_1_15' title='bbox 1080 430 1197 458; x_wconf 82' lang='lat' dir='ltr'><strong>Lxxx</strong></span> <span class='ocrx_word' id='word_1_16' title='bbox 1243 429 1332 456; x_wconf 90' lang='lat' dir='ltr'>uno</span> <span class='ocrx_word' id='word_1_17' title='bbox 1372 411 1470 455; x_wconf 87' lang='lat' dir='ltr'>loeo</span> <span class='ocrx_word' id='word_1_18' title='bbox 1511 412 1773 465; x_wconf 86' lang='lat' dir='ltr'>interfectis,</span> 
     </span>
     <span class='ocr_line' id='line_1_4' title="bbox 380 492 1773 559; baseline -0.006 -17"><span class='ocrx_word' id='word_1_19' title='bbox 380 499 641 559; x_wconf 73' lang='lat' dir='ltr'>propinquis</span> <span class='ocrx_word' id='word_1_20' title='bbox 676 496 1102 557; x_wconf 80' lang='lat' dir='ltr'>consanguineisque</span> <span class='ocrx_word' id='word_1_21' title='bbox 1133 494 1293 537; x_wconf 85' lang='lat' dir='ltr'>nostris</span> <span class='ocrx_word' id='word_1_22' title='bbox 1326 493 1461 536; x_wconf 81' lang='lat' dir='ltr'>animi</span> <span class='ocrx_word' id='word_1_23' title='bbox 1498 492 1590 535; x_wconf 88' lang='lat' dir='ltr'>fore</span> <span class='ocrx_word' id='word_1_24' title='bbox 1625 492 1773 535; x_wconf 89' lang='lat' dir='ltr'>existi-</span> 
     </span>
     <span class='ocr_line' id='line_1_5' title="bbox 381 571 1777 639; baseline -0.006 -16"><span class='ocrx_word' id='word_1_25' title='bbox 381 579 534 636; x_wconf 85' lang='lat' dir='ltr'>matis,</span> <span class='ocrx_word' id='word_1_26' title='bbox 569 579 602 622; x_wconf 91' lang='lat' dir='ltr'>si</span> <span class='ocrx_word' id='word_1_27' title='bbox 643 594 765 639; x_wconf 81' lang='lat' dir='ltr'>paene</span> <span class='ocrx_word' id='word_1_28' title='bbox 800 578 845 620; x_wconf 92' lang='lat' dir='ltr'>in</span> <span class='ocrx_word' id='word_1_29' title='bbox 890 576 994 637; x_wconf 89' lang='lat' dir='ltr'>ipsis</span> <span class='ocrx_word' id='word_1_30' title='bbox 1033 574 1316 618; x_wconf 87' lang='lat' dir='ltr'>cadaveribus</span> <span class='ocrx_word' id='word_1_31' title='bbox 1357 571 1511 634; x_wconf 85' lang='lat' dir='ltr'>proelio</span> <span class='ocrx_word' id='word_1_32' title='bbox 1554 571 1777 616; x_wconf 86' lang='lat' dir='ltr'>decertare</span> 
     </span>
     <span class='ocr_line' id='line_1_6' title="bbox 383 652 1779 721; baseline -0.006 -18"><span class='ocrx_word' id='word_1_33' title='bbox 383 658 621 721; x_wconf 70' lang='lat' dir='ltr'>cogentur?</span> <span class='ocrx_word' id='word_1_34' title='bbox 645 657 794 703; x_wconf 83' lang='lat' dir='ltr'>Nolite</span> <span class='ocrx_word' id='word_1_35' title='bbox 817 658 896 701; x_wconf 91' lang='lat' dir='ltr'>hos</span> <span class='ocrx_word' id='word_1_36' title='bbox 926 665 1073 700; x_wconf 84' lang='lat' dir='ltr'>vestro</span> <span class='ocrx_word' id='word_1_37' title='bbox 1100 653 1264 699; x_wconf 84' lang='lat' dir='ltr'>auxilio</span> <span class='ocrx_word' id='word_1_38' title='bbox 1292 652 1501 714; x_wconf 87' lang='lat' dir='ltr'>spoliare,</span> <span class='ocrx_word' id='word_1_39' title='bbox 1525 655 1600 713; x_wconf 90' lang='lat' dir='ltr'>qui</span> <span class='ocrx_word' id='word_1_40' title='bbox 1625 662 1779 696; x_wconf 81' lang='lat' dir='ltr'>vestrae</span> 
     </span>
     <span class='ocr_line' id='line_1_7' title="bbox 383 732 1778 798; baseline -0.006 -14"><span class='ocrx_word' id='word_1_41' title='bbox 383 739 536 783; x_wconf 88' lang='lat' dir='ltr'>salutis</span> <span class='ocrx_word' id='word_1_42' title='bbox 566 755 695 783; x_wconf 86' lang='lat' dir='ltr'>causa</span> <span class='ocrx_word' id='word_1_43' title='bbox 722 755 850 783; x_wconf 88' lang='lat' dir='ltr'>suum</span> <span class='ocrx_word' id='word_1_44' title='bbox 881 735 1128 798; x_wconf 90' lang='lat' dir='ltr'>periculum</span> <span class='ocrx_word' id='word_1_45' title='bbox 1162 734 1458 796; x_wconf 78' lang='lat' dir='ltr'>neglexerint3</span> <span class='ocrx_word' id='word_1_46' title='bbox 1484 750 1564 777; x_wconf 88' lang='lat' dir='ltr'>nec</span> <span class='ocrx_word' id='word_1_47' title='bbox 1593 732 1778 777; x_wconf 87' lang='lat' dir='ltr'>stultitia</span> 
     </span>
     <span class='ocr_line' id='line_1_8' title="bbox 385 814 1779 873; baseline -0.006 -8"><span class='ocrx_word' id='word_1_48' title='bbox 385 838 434 865; x_wconf 85' lang='lat' dir='ltr'>ac</span> <span class='ocrx_word' id='word_1_49' title='bbox 469 821 716 864; x_wconf 80' lang='lat' dir='ltr'>temeritate</span> <span class='ocrx_word' id='word_1_50' title='bbox 754 828 918 873; x_wconf 88' lang='lat' dir='ltr'>vestra,</span> <span class='ocrx_word' id='word_1_51' title='bbox 950 827 1026 861; x_wconf 88' lang='lat' dir='ltr'>aut</span> <span class='ocrx_word' id='word_1_52' title='bbox 1065 815 1366 860; x_wconf 74' lang='lat' dir='ltr'>imbecillitate</span> <span class='ocrx_word' id='word_1_53' title='bbox 1409 814 1566 869; x_wconf 90' lang='lat' dir='ltr'>animi,</span> <span class='ocrx_word' id='word_1_54' title='bbox 1604 829 1779 857; x_wconf 88' lang='lat' dir='ltr'>omnem</span> 
     </span>
     <span class='ocr_line' id='line_1_9' title="bbox 388 893 1778 961; baseline -0.006 -16"><span class='ocrx_word' id='word_1_55' title='bbox 388 899 581 945; x_wconf 83' lang='lat' dir='ltr'>Galliam</span> <span class='ocrx_word' id='word_1_56' title='bbox 608 908 888 961; x_wconf 81' lang='lat' dir='ltr'>prosternere</span> <span class='ocrx_word' id='word_1_57' title='bbox 911 907 954 941; x_wconf 89' lang='lat' dir='ltr'>et</span> <span class='ocrx_word' id='word_1_58' title='bbox 978 907 1201 958; x_wconf 86' lang='lat' dir='ltr'>perpetuae</span> <span class='ocrx_word' id='word_1_59' title='bbox 1222 895 1423 939; x_wconf 86' lang='lat' dir='ltr'>servituti</span> <span class='ocrx_word' id='word_1_60' title='bbox 1446 893 1662 938; x_wconf 82' lang='lat' dir='ltr'>addicere.</span> <span class='ocrx_word' id='word_1_61' title='bbox 1688 895 1778 948; x_wconf 86' lang='lat' dir='ltr'>An,</span> 
     </span>
     <span class='ocr_line' id='line_1_10' title="bbox 387 974 1784 1041; baseline -0.006 -16"><span class='ocrx_word' id='word_1_62' title='bbox 387 980 503 1041; x_wconf 85' lang='lat' dir='ltr'>quod</span> <span class='ocrx_word' id='word_1_63' title='bbox 530 980 584 1024; x_wconf 87' lang='lat' dir='ltr'>ad</span> <span class='ocrx_word' id='word_1_64' title='bbox 614 980 729 1023; x_wconf 91' lang='lat' dir='ltr'>diem</span> <span class='ocrx_word' id='word_1_65' title='bbox 758 995 845 1022; x_wconf 89' lang='lat' dir='ltr'>non</span> <span class='ocrx_word' id='word_1_66' title='bbox 880 987 1112 1032; x_wconf 86' lang='lat' dir='ltr'>venerunt,</span> <span class='ocrx_word' id='word_1_67' title='bbox 1142 976 1194 1019; x_wconf 88' lang='lat' dir='ltr'>de</span> <span class='ocrx_word' id='word_1_68' title='bbox 1223 992 1377 1019; x_wconf 88' lang='lat' dir='ltr'>eorum</span> <span class='ocrx_word' id='word_1_69' title='bbox 1406 975 1491 1018; x_wconf 85' lang='lat' dir='ltr'>fide</span> <span class='ocrx_word' id='word_1_70' title='bbox 1517 974 1784 1018; x_wconf 87' lang='lat' dir='ltr'>constantia-</span> 
     </span>
     <span class='ocr_line' id='line_1_11' title="bbox 388 1053 1783 1121; baseline -0.005 -17"><span class='ocrx_word' id='word_1_71' title='bbox 388 1077 473 1121; x_wconf 89' lang='lat' dir='ltr'>que</span> <span class='ocrx_word' id='word_1_72' title='bbox 497 1058 735 1103; x_wconf 74' lang='lat' dir='ltr'>dubitatis?</span> <span class='ocrx_word' id='word_1_73' title='bbox 759 1057 882 1115; x_wconf 84' lang='lat' dir='ltr'>Quid</span> <span class='ocrx_word' id='word_1_74' title='bbox 906 1054 1031 1117; x_wconf 66' lang='lat' dir='ltr'>ergo!</span> <span class='ocrx_word' id='word_1_75' title='bbox 1056 1058 1280 1100; x_wconf 86' lang='lat' dir='ltr'>Romanos</span> <span class='ocrx_word' id='word_1_76' title='bbox 1309 1056 1354 1098; x_wconf 91' lang='lat' dir='ltr'>in</span> <span class='ocrx_word' id='word_1_77' title='bbox 1385 1053 1469 1098; x_wconf 90' lang='lat' dir='ltr'>illis</span> <span class='ocrx_word' id='word_1_78' title='bbox 1498 1053 1783 1098; x_wconf 75' lang='lat' dir='ltr'>ulterioribus</span> 
     </span>
     <span class='ocr_line' id='line_1_12' title="bbox 389 1133 1784 1196; baseline -0.005 -12"><span class='ocrx_word' id='word_1_79' title='bbox 389 1139 714 1184; x_wconf 84' lang='lat' dir='ltr'>munitionibus</span> <span class='ocrx_word' id='word_1_80' title='bbox 754 1140 948 1183; x_wconf 80' lang='lat' dir='ltr'>animine</span> <span class='ocrx_word' id='word_1_81' title='bbox 988 1152 1118 1180; x_wconf 84' lang='lat' dir='ltr'>causa</span> <span class='ocrx_word' id='word_1_82' title='bbox 1150 1134 1347 1196; x_wconf 78' lang='lat' dir='ltr'>quotidie</span> <span class='ocrx_word' id='word_1_83' title='bbox 1372 1135 1565 1178; x_wconf 82' lang='lat' dir='ltr'>exerceri</span> <span class='ocrx_word' id='word_1_84' title='bbox 1594 1133 1784 1194; x_wconf 73' lang='lat' dir='ltr'>putatis?</span> 
     </span>
     <span class='ocr_line' id='line_1_13' title="bbox 390 1214 1784 1275; baseline -0.005 -12"><span class='ocrx_word' id='word_1_85' title='bbox 390 1221 433 1264; x_wconf 91' lang='lat' dir='ltr'>Si</span> <span class='ocrx_word' id='word_1_86' title='bbox 465 1218 643 1263; x_wconf 90' lang='lat' dir='ltr'>illorum</span> <span class='ocrx_word' id='word_1_87' title='bbox 680 1218 846 1261; x_wconf 89' lang='lat' dir='ltr'>nuntiis</span> <span class='ocrx_word' id='word_1_88' title='bbox 875 1216 1128 1261; x_wconf 85' lang='lat' dir='ltr'>confirmari</span> <span class='ocrx_word' id='word_1_89' title='bbox 1158 1232 1247 1259; x_wconf 93' lang='lat' dir='ltr'>non</span> <span class='ocrx_word' id='word_1_90' title='bbox 1280 1214 1483 1275; x_wconf 89' lang='lat' dir='ltr'>potestis,</span> <span class='ocrx_word' id='word_1_91' title='bbox 1513 1215 1634 1257; x_wconf 88' lang='lat' dir='ltr'>omni</span> <span class='ocrx_word' id='word_1_92' title='bbox 1664 1214 1784 1257; x_wconf 85' lang='lat' dir='ltr'>aditu</span> 
     </span>
     <span class='ocr_line' id='line_1_14' title="bbox 394 1295 1786 1362; baseline -0.005 -18"><span class='ocrx_word' id='word_1_93' title='bbox 394 1308 633 1362; x_wconf 83' lang='lat' dir='ltr'>praesepto,</span> <span class='ocrx_word' id='word_1_94' title='bbox 672 1298 724 1341; x_wconf 91' lang='lat' dir='ltr'>iis</span> <span class='ocrx_word' id='word_1_95' title='bbox 764 1298 940 1341; x_wconf 88' lang='lat' dir='ltr'>utimini</span> <span class='ocrx_word' id='word_1_96' title='bbox 982 1296 1185 1350; x_wconf 86' lang='lat' dir='ltr'>testibus,</span> <span class='ocrx_word' id='word_1_97' title='bbox 1233 1295 1590 1356; x_wconf 87' lang='lat' dir='ltr'>appropinquare</span> <span class='ocrx_word' id='word_1_98' title='bbox 1632 1311 1786 1338; x_wconf 89' lang='lat' dir='ltr'>eorum</span> 
     </span>
     <span class='ocr_line' id='line_1_15' title="bbox 392 1375 1787 1439; baseline -0.004 -15"><span class='ocrx_word' id='word_1_99' title='bbox 392 1381 653 1434; x_wconf 80' lang='lat' dir='ltr'>adventum3</span> <span class='ocrx_word' id='word_1_100' title='bbox 688 1379 813 1439; x_wconf 87' lang='lat' dir='ltr'>cujus</span> <span class='ocrx_word' id='word_1_101' title='bbox 842 1379 905 1421; x_wconf 88' lang='lat' dir='ltr'>rei</span> <span class='ocrx_word' id='word_1_102' title='bbox 938 1378 1096 1421; x_wconf 89' lang='lat' dir='ltr'>timore</span> <span class='ocrx_word' id='word_1_103' title='bbox 1127 1376 1347 1430; x_wconf 83' lang='lat' dir='ltr'>exterriti,</span> <span class='ocrx_word' id='word_1_104' title='bbox 1380 1375 1495 1419; x_wconf 90' lang='lat' dir='ltr'>diem</span> <span class='ocrx_word' id='word_1_105' title='bbox 1524 1385 1787 1435; x_wconf 87' lang='lat' dir='ltr'>noctemque</span> 
     </span>
     <span class='ocr_line' id='line_1_16' title="bbox 394 1454 1788 1520; baseline -0.004 -16"><span class='ocrx_word' id='word_1_106' title='bbox 394 1461 439 1504; x_wconf 89' lang='lat' dir='ltr'>in</span> <span class='ocrx_word' id='word_1_107' title='bbox 468 1476 600 1520; x_wconf 88' lang='lat' dir='ltr'>opere</span> <span class='ocrx_word' id='word_1_108' title='bbox 628 1468 874 1502; x_wconf 77' lang='lat' dir='ltr'>versantur.</span> <span class='ocrx_word' id='word_1_109' title='bbox 905 1457 1029 1516; x_wconf 89' lang='lat' dir='ltr'>Quid</span> <span class='ocrx_word' id='word_1_110' title='bbox 1056 1473 1161 1518; x_wconf 83' lang='lat' dir='ltr'>ergo</span> <span class='ocrx_word' id='word_1_111' title='bbox 1190 1457 1277 1500; x_wconf 89' lang='lat' dir='ltr'>mei</span> <span class='ocrx_word' id='word_1_112' title='bbox 1311 1454 1482 1499; x_wconf 92' lang='lat' dir='ltr'>consilii</span> <span class='ocrx_word' id='word_1_113' title='bbox 1509 1454 1599 1500; x_wconf 77' lang='lat' dir='ltr'>est?</span> <span class='ocrx_word' id='word_1_114' title='bbox 1627 1457 1788 1499; x_wconf 88' lang='lat' dir='ltr'>Facere</span> 
     </span>
     <span class='ocr_line' id='line_1_17' title="bbox 394 1536 1788 1602; baseline -0.004 -17"><span class='ocrx_word' id='word_1_115' title='bbox 394 1540 514 1602; x_wconf 90' lang='lat' dir='ltr'>quod</span> <span class='ocrx_word' id='word_1_116' title='bbox 538 1541 674 1584; x_wconf 85' lang='lat' dir='ltr'>nostri</span> <span class='ocrx_word' id='word_1_117' title='bbox 702 1540 910 1600; x_wconf 86' lang='lat' dir='ltr'>majores,</span> <span class='ocrx_word' id='word_1_118' title='bbox 942 1555 1222 1599; x_wconf 83' lang='lat' dir='ltr'>nequaquam</span> <span class='ocrx_word' id='word_1_119' title='bbox 1247 1538 1341 1598; x_wconf 88' lang='lat' dir='ltr'>pari</span> <span class='ocrx_word' id='word_1_120' title='bbox 1366 1536 1481 1581; x_wconf 88' lang='lat' dir='ltr'>bello</span> <span class='ocrx_word' id='word_1_121' title='bbox 1506 1537 1788 1582; x_wconf 81' lang='lat' dir='ltr'>Cimbrorum</span> 
     </span>
     <span class='ocr_line' id='line_1_18' title="bbox 394 1615 1790 1681; baseline -0.004 -15"><span class='ocrx_word' id='word_1_122' title='bbox 394 1625 756 1681; x_wconf 82' lang='lat' dir='ltr'>Teutonumque,</span> <span class='ocrx_word' id='word_1_123' title='bbox 792 1619 1013 1673; x_wconf 75' lang='lat' dir='ltr'>fece1-unt3</span> <span class='ocrx_word' id='word_1_124' title='bbox 1051 1620 1150 1679; x_wconf 90' lang='lat' dir='ltr'>qui,</span> <span class='ocrx_word' id='word_1_125' title='bbox 1184 1619 1229 1661; x_wconf 89' lang='lat' dir='ltr'>in</span> <span class='ocrx_word' id='word_1_126' title='bbox 1262 1617 1424 1678; x_wconf 83' lang='lat' dir='ltr'>oppida</span> <span class='ocrx_word' id='word_1_127' title='bbox 1466 1615 1703 1677; x_wconf 87' lang='lat' dir='ltr'>compulsi,</span> <span class='ocrx_word' id='word_1_128' title='bbox 1741 1634 1790 1660; x_wconf 86' lang='lat' dir='ltr'>ac</span> 
     </span>
     <span class='ocr_line' id='line_1_19' title="bbox 396 1698 1788 1761; baseline -0.004 -15"><span class='ocrx_word' id='word_1_129' title='bbox 396 1701 527 1746; x_wconf 87' lang='lat' dir='ltr'>simili</span> <span class='ocrx_word' id='word_1_130' title='bbox 558 1700 704 1761; x_wconf 85' lang='lat' dir='ltr'>inopia</span> <span class='ocrx_word' id='word_1_131' title='bbox 729 1700 919 1754; x_wconf 84' lang='lat' dir='ltr'>subacti,</span> <span class='ocrx_word' id='word_1_132' title='bbox 948 1716 1102 1743; x_wconf 91' lang='lat' dir='ltr'>eorum</span> <span class='ocrx_word' id='word_1_133' title='bbox 1129 1698 1387 1759; x_wconf 87' lang='lat' dir='ltr'>corporibus</span> <span class='ocrx_word' id='word_1_134' title='bbox 1424 1699 1500 1759; x_wconf 89' lang='lat' dir='ltr'>qui</span> <span class='ocrx_word' id='word_1_135' title='bbox 1528 1708 1655 1742; x_wconf 86' lang='lat' dir='ltr'>aetate</span> <span class='ocrx_word' id='word_1_136' title='bbox 1691 1699 1788 1741; x_wconf 89' lang='lat' dir='ltr'>inu-</span> 
     </span>
     <span class='ocr_line' id='line_1_20' title="bbox 398 1777 1791 1839; baseline -0.004 -13"><span class='ocrx_word' id='word_1_137' title='bbox 398 1781 494 1826; x_wconf 85' lang='lat' dir='ltr'>tiles</span> <span class='ocrx_word' id='word_1_138' title='bbox 530 1781 585 1825; x_wconf 86' lang='lat' dir='ltr'>ad</span> <span class='ocrx_word' id='word_1_139' title='bbox 624 1780 791 1824; x_wconf 88' lang='lat' dir='ltr'>bellum</span> <span class='ocrx_word' id='word_1_140' title='bbox 827 1780 1089 1823; x_wconf 88' lang='lat' dir='ltr'>videbantur</span> <span class='ocrx_word' id='word_1_141' title='bbox 1122 1780 1257 1823; x_wconf 87' lang='lat' dir='ltr'>vitam</span> <span class='ocrx_word' id='word_1_142' title='bbox 1293 1777 1616 1835; x_wconf 85' lang='lat' dir='ltr'>toleraverunt,</span> <span class='ocrx_word' id='word_1_143' title='bbox 1651 1795 1791 1839; x_wconf 88' lang='lat' dir='ltr'>neque</span> 
     </span>
     <span class='ocr_line' id='line_1_21' title="bbox 398 1857 1791 1920; baseline -0.003 -14"><span class='ocrx_word' id='word_1_144' title='bbox 398 1880 441 1906; x_wconf 88' lang='lat' dir='ltr'>se</span> <span class='ocrx_word' id='word_1_145' title='bbox 481 1862 682 1906; x_wconf 85' lang='lat' dir='ltr'>hostibus</span> <span class='ocrx_word' id='word_1_146' title='bbox 725 1859 1016 1904; x_wconf 84' lang='lat' dir='ltr'>tradiderunt.</span> <span class='ocrx_word' id='word_1_147' title='bbox 1057 1860 1193 1920; x_wconf 87' lang='lat' dir='ltr'>Cujus</span> <span class='ocrx_word' id='word_1_148' title='bbox 1239 1861 1301 1902; x_wconf 88' lang='lat' dir='ltr'>rei</span> <span class='ocrx_word' id='word_1_149' title='bbox 1341 1860 1375 1902; x_wconf 87' lang='lat' dir='ltr'>si</span> <span class='ocrx_word' id='word_1_150' title='bbox 1411 1857 1661 1919; x_wconf 84' lang='lat' dir='ltr'>exemplum</span> <span class='ocrx_word' id='word_1_151' title='bbox 1703 1875 1791 1902; x_wconf 92' lang='lat' dir='ltr'>non</span> 
     </span>
     <span class='ocr_line' id='line_1_22' title="bbox 397 1939 1793 2000; baseline -0.002 -14"><span class='ocrx_word' id='word_1_152' title='bbox 397 1942 681 1998; x_wconf 83' lang='lat' dir='ltr'>haberemus,</span> <span class='ocrx_word' id='word_1_153' title='bbox 711 1950 857 1985; x_wconf 87' lang='lat' dir='ltr'>tamen</span> <span class='ocrx_word' id='word_1_154' title='bbox 890 1939 1106 1984; x_wconf 86' lang='lat' dir='ltr'>libertatis</span> <span class='ocrx_word' id='word_1_155' title='bbox 1143 1956 1277 1988; x_wconf 82' lang='lat' dir='ltr'>causa</span> <span class='ocrx_word' id='word_1_156' title='bbox 1304 1939 1494 1997; x_wconf 83' lang='lat' dir='ltr'>institui,</span> <span class='ocrx_word' id='word_1_157' title='bbox 1531 1948 1573 1983; x_wconf 87' lang='lat' dir='ltr'>et</span> <span class='ocrx_word' id='word_1_158' title='bbox 1607 1939 1793 2000; x_wconf 89' lang='lat' dir='ltr'>posteris</span> 
     </span>
     <span class='ocr_line' id='line_1_23' title="bbox 399 2019 1794 2084; baseline -0.002 -17"><span class='ocrx_word' id='word_1_159' title='bbox 399 2023 548 2084; x_wconf 84' lang='lat' dir='ltr'>prodi,</span> <span class='ocrx_word' id='word_1_160' title='bbox 588 2021 937 2083; x_wconf 86' lang='lat' dir='ltr'>pulcherrimum</span> <span class='ocrx_word' id='word_1_161' title='bbox 968 2020 1227 2082; x_wconf 87' lang='lat' dir='ltr'>judicarem.</span> <span class='ocrx_word' id='word_1_162' title='bbox 1262 2021 1377 2064; x_wconf 89' lang='lat' dir='ltr'>Nam</span> <span class='ocrx_word' id='word_1_163' title='bbox 1413 2019 1518 2081; x_wconf 86' lang='lat' dir='ltr'>quid</span> <span class='ocrx_word' id='word_1_164' title='bbox 1558 2019 1621 2063; x_wconf 88' lang='lat' dir='ltr'>illi</span> <span class='ocrx_word' id='word_1_165' title='bbox 1654 2019 1794 2064; x_wconf 90' lang='lat' dir='ltr'>simile</span> 
     </span>
     <span class='ocr_line' id='line_1_24' title="bbox 400 2099 1794 2163; baseline -0.002 -16"><span class='ocrx_word' id='word_1_166' title='bbox 400 2102 516 2147; x_wconf 89' lang='lat' dir='ltr'>bello</span> <span class='ocrx_word' id='word_1_167' title='bbox 544 2102 650 2146; x_wconf 75' lang='lat' dir='ltr'>fuit?</span> <span class='ocrx_word' id='word_1_168' title='bbox 676 2100 955 2163; x_wconf 85' lang='lat' dir='ltr'>Depopulata</span> <span class='ocrx_word' id='word_1_169' title='bbox 985 2100 1147 2157; x_wconf 86' lang='lat' dir='ltr'>Gallia,</span> <span class='ocrx_word' id='word_1_170' title='bbox 1176 2101 1370 2157; x_wconf 86' lang='lat' dir='ltr'>Cimbri,</span> <span class='ocrx_word' id='word_1_171' title='bbox 1402 2117 1649 2162; x_wconf 85' lang='lat' dir='ltr'>magnaque</span> <span class='ocrx_word' id='word_1_172' title='bbox 1675 2099 1794 2144; x_wconf 87' lang='lat' dir='ltr'>illata</span> 
     </span>
     <span class='ocr_line' id='line_1_25' title="bbox 401 2179 1794 2242; baseline -0.003 -14"><span class='ocrx_word' id='word_1_173' title='bbox 401 2183 669 2239; x_wconf 85' lang='lat' dir='ltr'>calamitate,</span> <span class='ocrx_word' id='word_1_174' title='bbox 687 2182 848 2226; x_wconf 86' lang='lat' dir='ltr'>finibus</span> <span class='ocrx_word' id='word_1_175' title='bbox 863 2181 1040 2242; x_wconf 87' lang='lat' dir='ltr'>quidem</span> <span class='ocrx_word' id='word_1_176' title='bbox 1057 2182 1217 2225; x_wconf 86' lang='lat' dir='ltr'>nostris</span> <span class='ocrx_word' id='word_1_177' title='bbox 1236 2179 1474 2241; x_wconf 86' lang='lat' dir='ltr'>aliquando</span> <span class='ocrx_word' id='word_1_178' title='bbox 1493 2190 1794 2237; x_wconf 86' lang='lat' dir='ltr'>excesserunt,</span> 
     </span>
     <span class='ocr_line' id='line_1_26' title="bbox 406 2260 1792 2325; baseline -0.003 -17"><span class='ocrx_word' id='word_1_179' title='bbox 406 2274 537 2325; x_wconf 87' lang='lat' dir='ltr'>atque</span> <span class='ocrx_word' id='word_1_180' title='bbox 563 2263 668 2307; x_wconf 89' lang='lat' dir='ltr'>alias</span> <span class='ocrx_word' id='word_1_181' title='bbox 700 2273 837 2307; x_wconf 89' lang='lat' dir='ltr'>terras</span> <span class='ocrx_word' id='word_1_182' title='bbox 864 2262 1115 2323; x_wconf 78' lang='lat' dir='ltr'>petierunt3</span> <span class='ocrx_word' id='word_1_183' title='bbox 1135 2262 1255 2322; x_wconf 87' lang='lat' dir='ltr'>jura,</span> <span class='ocrx_word' id='word_1_184' title='bbox 1283 2260 1420 2323; x_wconf 84' lang='lat' dir='ltr'>leges,</span> <span class='ocrx_word' id='word_1_185' title='bbox 1442 2279 1589 2323; x_wconf 86' lang='lat' dir='ltr'>agros,</span> <span class='ocrx_word' id='word_1_186' title='bbox 1613 2260 1792 2306; x_wconf 89' lang='lat' dir='ltr'>liberta-</span> 
     </span>
     <span class='ocr_line' id='line_1_27' title="bbox 404 2342 1793 2403; baseline -0.002 -15"><span class='ocrx_word' id='word_1_187' title='bbox 404 2354 490 2389; x_wconf 86' lang='lat' dir='ltr'>tem</span> <span class='ocrx_word' id='word_1_188' title='bbox 514 2344 640 2388; x_wconf 90' lang='lat' dir='ltr'>nobis</span> <span class='ocrx_word' id='word_1_189' title='bbox 664 2342 941 2403; x_wconf 88' lang='lat' dir='ltr'>reliquerunt</span> <span class='ocrx_word' id='word_1_190' title='bbox 965 2360 973 2386; x_wconf 88' lang='lat'>:</span> <span class='ocrx_word' id='word_1_191' title='bbox 1002 2344 1189 2387; x_wconf 87' lang='lat' dir='ltr'>Romani</span> <span class='ocrx_word' id='word_1_192' title='bbox 1216 2359 1318 2386; x_wconf 89' lang='lat' dir='ltr'>vero</span> <span class='ocrx_word' id='word_1_193' title='bbox 1342 2343 1451 2403; x_wconf 89' lang='lat' dir='ltr'>quid</span> <span class='ocrx_word' id='word_1_194' title='bbox 1474 2352 1632 2403; x_wconf 90' lang='lat' dir='ltr'>petunt</span> <span class='ocrx_word' id='word_1_195' title='bbox 1650 2342 1793 2399; x_wconf 88' lang='lat' dir='ltr'>aliud,</span> 
     </span>
     <span class='ocr_line' id='line_1_28' title="bbox 404 2421 1794 2485; baseline -0.003 -16"><span class='ocrx_word' id='word_1_196' title='bbox 404 2435 479 2469; x_wconf 89' lang='lat' dir='ltr'>aut</span> <span class='ocrx_word' id='word_1_197' title='bbox 501 2425 608 2485; x_wconf 89' lang='lat' dir='ltr'>quid</span> <span class='ocrx_word' id='word_1_198' title='bbox 627 2424 802 2477; x_wconf 78' lang='lat' dir='ltr'>volunt,</span> <span class='ocrx_word' id='word_1_199' title='bbox 828 2424 930 2480; x_wconf 88' lang='lat' dir='ltr'>nisi,</span> <span class='ocrx_word' id='word_1_200' title='bbox 955 2424 1119 2467; x_wconf 79' lang='lat' dir='ltr'>invidia</span> <span class='ocrx_word' id='word_1_201' title='bbox 1139 2423 1337 2478; x_wconf 82' lang='lat' dir='ltr'>adducti,</span> <span class='ocrx_word' id='word_1_202' title='bbox 1360 2440 1468 2483; x_wconf 91' lang='lat' dir='ltr'>quos</span> <span class='ocrx_word' id='word_1_203' title='bbox 1492 2424 1604 2468; x_wconf 86' lang='lat' dir='ltr'>fama</span> <span class='ocrx_word' id='word_1_204' title='bbox 1629 2421 1794 2467; x_wconf 79' lang='lat' dir='ltr'>nobiles</span> 
     </span>
     <span class='ocr_line' id='line_1_29' title="bbox 406 2504 1795 2567; baseline -0.003 -17"><span class='ocrx_word' id='word_1_205' title='bbox 406 2516 695 2567; x_wconf 89' lang='lat' dir='ltr'>potentesque</span> <span class='ocrx_word' id='word_1_206' title='bbox 729 2504 844 2549; x_wconf 90' lang='lat' dir='ltr'>bello</span> <span class='ocrx_word' id='word_1_207' title='bbox 880 2514 1203 2565; x_wconf 83' lang='lat' dir='ltr'>cognoverunt,</span> <span class='ocrx_word' id='word_1_208' title='bbox 1235 2505 1395 2548; x_wconf 89' lang='lat' dir='ltr'>horum</span> <span class='ocrx_word' id='word_1_209' title='bbox 1424 2505 1467 2547; x_wconf 94' lang='lat' dir='ltr'>in</span> <span class='ocrx_word' id='word_1_210' title='bbox 1499 2505 1614 2564; x_wconf 85' lang='lat' dir='ltr'>agris</span> <span class='ocrx_word' id='word_1_211' title='bbox 1643 2504 1795 2546; x_wconf 83' lang='lat' dir='ltr'>civita-</span> 
     </span>
     <span class='ocr_line' id='line_1_30' title="bbox 407 2585 1797 2647; baseline -0.002 -18"><span class='ocrx_word' id='word_1_212' title='bbox 407 2587 610 2647; x_wconf 87' lang='lat' dir='ltr'>tibusque</span> <span class='ocrx_word' id='word_1_213' title='bbox 639 2586 883 2641; x_wconf 81' lang='lat' dir='ltr'>considere,</span> <span class='ocrx_word' id='word_1_214' title='bbox 917 2595 1048 2645; x_wconf 89' lang='lat' dir='ltr'>atque</span> <span class='ocrx_word' id='word_1_215' title='bbox 1075 2586 1143 2629; x_wconf 84' lang='lat' dir='ltr'>his</span> <span class='ocrx_word' id='word_1_216' title='bbox 1171 2595 1376 2629; x_wconf 79' lang='lat' dir='ltr'>aeternam</span> <span class='ocrx_word' id='word_1_217' title='bbox 1410 2585 1638 2644; x_wconf 86' lang='lat' dir='ltr'>injungere</span> <span class='ocrx_word' id='word_1_218' title='bbox 1666 2585 1797 2627; x_wconf 89' lang='lat' dir='ltr'>servi-</span> 
     </span>
    </p>
   </div>
   <div class='ocr_carea' id='block_1_3' title="bbox 410 2662 1797 2726">
    <p class='ocr_par' dir='ltr' id='par_1_3' title="bbox 410 2662 1797 2726">
     <span class='ocr_line' id='line_1_31' title="bbox 410 2662 1797 2726; baseline -0.001 -17"><span class='ocrx_word' id='word_1_219' title='bbox 410 2666 572 2709; x_wconf 75' lang='lat' dir='ltr'>tutem?</span> <span class='ocrx_word' id='word_1_220' title='bbox 595 2683 736 2726; x_wconf 85' lang='lat' dir='ltr'>neque</span> <span class='ocrx_word' id='word_1_221' title='bbox 765 2667 882 2709; x_wconf 87' lang='lat' dir='ltr'>enim</span> <span class='ocrx_word' id='word_1_222' title='bbox 910 2682 1104 2725; x_wconf 86' lang='lat' dir='ltr'>unquam</span> <span class='ocrx_word' id='word_1_223' title='bbox 1132 2664 1214 2708; x_wconf 83' lang='lat' dir='ltr'>alia</span> <span class='ocrx_word' id='word_1_224' title='bbox 1243 2665 1496 2709; x_wconf 80' lang='lat' dir='ltr'>conditione</span> <span class='ocrx_word' id='word_1_225' title='bbox 1520 2662 1632 2707; x_wconf 82' lang='lat' dir='ltr'>bella</span> <span class='ocrx_word' id='word_1_226' title='bbox 1659 2681 1797 2725; x_wconf 84' lang='lat' dir='ltr'>gesse-</span> 
     </span>
    </p>
   </div>
  </div>
 </body>
</html>
