1972 3356
589 186 654 221 DE
681 186 846 222 BELLO
877 186 1257 222 ALEXANDRINO.
1541 199 1553 221 1
1563 186 1582 221 6
1590 200 1607 232 7

236 280 509 322 struxerunt,
529 270 774 330 Caesarique
796 270 995 314 redeunti
1019 286 1118 313 cum
1142 269 1277 314 classe
1297 280 1607 326 occurrerunt3

233 352 308 411 qui
335 351 503 395 duabus
533 349 587 394 de
619 351 756 394 causis
785 367 836 394 eo
864 349 932 393 die
963 349 1169 394 dimicare
1198 348 1398 406 nolebat,
1423 350 1541 410 quod
1568 361 1611 394 et

235 430 376 475 nullos
401 430 559 475 milites
584 432 627 474 in
653 430 834 473 navibus
856 429 1044 473 habehat
1060 464 1070 483 ,
1095 439 1136 473 et
1161 440 1259 490 post
1288 430 1441 474 horam
1465 447 1495 475 x
1521 430 1607 473 diei

233 529 299 555 res
338 511 562 573 agebatur,
597 526 683 553 nox
717 519 863 553 autem
896 508 1081 552 allatura
1124 509 1354 553 videbatur
1396 511 1605 571 majorem

234 591 434 635 fiduciam
468 589 578 646 illis,
614 590 689 650 qui
731 588 927 632 locorum
972 589 1127 632 notitia
1164 588 1446 634 confidebant
1483 608 1491 634 ι
1527 591 1607 634 sib1

230 673 359 715 ctiam
391 670 594 714 hortandi
633 686 734 713 suos
770 667 981 712 auxilium
1016 668 1300 726 defuturum,
1331 670 1449 730 quod
1487 670 1606 715 nulla

230 752 329 795 satis
358 750 512 793 idonea
543 759 653 794 esset
681 748 898 802 hortatio,
928 765 1023 808 quae
1055 765 1195 808 neque
1227 750 1433 794 virtutem
1463 761 1607 811 posset

229 840 406 884 notare,
438 845 580 890 neque
609 829 824 872 inertiam.
856 828 1030 886 Quibus
1058 828 1110 872 de
1144 830 1285 873 causis
1315 846 1469 886 naves,
1500 847 1607 891 quas

227 910 390 971 potuit,
421 911 566 955 Caesar
600 908 655 952 ad
686 918 844 953 terram
873 908 1088 965 detrahit,
1116 926 1245 970 quem
1270 911 1313 953 in
1339 910 1482 954 locum
1509 910 1604 955 illos

225 1006 499 1034 successuros
526 1006 614 1033 non
641 989 927 1033 existimabat.

288 1071 365 1114 XI.
392 1073 497 1114 Erat
524 1086 609 1114 una
636 1070 758 1114 navis
786 1069 940 1114 rhodia
969 1071 1012 1114 in
1041 1070 1194 1115 dextro
1226 1073 1408 1116 Caesaris
1437 1088 1572 1115 cornu
1595 1106 1603 1125 ‚

226 1149 355 1212 longe
379 1151 433 1195 ab
458 1149 638 1211 reliquis
664 1149 889 1195 collocata.
917 1153 1042 1195 Hanc
1069 1152 1307 1212 conspicati
1339 1153 1483 1196 hostes
1516 1169 1602 1195 non

227 1240 464 1277 tenuerunt
490 1247 599 1285 sese,
626 1247 874 1292 magnoque
897 1232 1066 1292 impetu
1091 1241 1282 1292 quatuor
1305 1231 1360 1275 ad
1384 1248 1479 1275 cam
1508 1248 1606 1276 con-

225 1320 369 1355 stratae
400 1328 551 1368 naves,
587 1321 631 1355 et
659 1310 904 1372 complures
936 1322 1118 1373 apertae,
1151 1312 1485 1356 contenderunt.
1522 1313 1604 1356 Cui

226 1401 400 1435 coactus
427 1401 491 1435 est
521 1392 667 1436 Caesar
693 1392 806 1436 ferre
831 1391 1102 1444 subsidium,
1130 1409 1183 1436 ne
1216 1402 1389 1454 turpem
1423 1394 1464 1435 in
1499 1409 1603 1436 con-

223 1481 373 1532 spectu
406 1470 718 1517 contumeliam
754 1473 993 1533 acciperet3
1020 1488 1271 1533 quanquam
1305 1474 1340 1516 si
1369 1472 1474 1533 quid
1506 1490 1604 1534 gra-

224 1552 319 1595 vius
346 1550 432 1596 illis
454 1551 706 1608 accidisset,
731 1553 888 1596 merito
910 1568 1113 1596 casurum
1136 1550 1370 1612 judicabat.
1398 1551 1605 1596 Proelium

224 1633 506 1676 commissum
545 1643 608 1677 est
650 1649 808 1694 magna
847 1633 1132 1677 contentione
1173 1632 1450 1677 Rhodiorum
1486 1649 1494 1675 :
1530 1633 1605 1692 qui

222 1729 359 1774 quum
390 1713 436 1756 in
469 1713 672 1757 omnibus
709 1712 1064 1757 dimicationibus
1091 1723 1135 1756 et
1160 1714 1337 1757 scientia
1369 1723 1410 1757 et
1446 1714 1605 1757 virtute

224 1792 525 1853 praestitissent
542 1827 553 1848 ‚
577 1802 671 1836 tum
694 1793 879 1836 maxime
903 1791 979 1836 illo
1005 1802 1201 1852 tempore
1228 1802 1371 1836 totum
1389 1810 1499 1836 onus
1520 1809 1607 1836 sus-

224 1874 362 1917 tinere
385 1890 474 1917 non
503 1873 782 1930 recusabant,
802 1889 856 1917 ne
877 1873 995 1933 quod
1021 1889 1200 1917 suorum
1226 1873 1352 1934 culpa
1378 1873 1607 1917 detrimen-

226 1964 319 1997 tum
334 1963 563 2014 acceptum
586 1952 821 1997 videretur.
840 1955 904 1997 Ila
928 1952 1131 2014 proelium
1158 1953 1519 1998 secundissimum
1541 1965 1605 1999 est

225 2033 399 2078 factum.
434 2035 574 2096 Capta
609 2044 673 2078 est
705 2050 788 2078 una
823 2033 1015 2078 hostium
1055 2033 1367 2095 quadriremis,
1403 2034 1603 2096 depressa

225 2123 290 2159 est
318 2113 454 2158 altera
478 2131 487 2157 :
516 2114 616 2159 dein
648 2115 743 2159 duae
767 2115 968 2159 omnibus
999 2115 1186 2176 epibatis
1211 2114 1383 2160 nudatae
1411 2133 1419 2159 ε
1447 2132 1604 2177 magna

227 2204 433 2256 praeterea
464 2194 699 2240 multitudo
726 2197 770 2240 in
800 2195 976 2258 reliquis
1006 2196 1190 2240 navibus
1220 2206 1604 2258 propugnatorum

226 2286 288 2320 est
320 2275 560 2321 interfecta.
583 2277 716 2334 Quod
745 2277 823 2321 nisi
859 2294 943 2321 nox
975 2277 1179 2338 proelium
1213 2277 1487 2332 diremisset,
1514 2286 1605 2321 tota

224 2355 359 2400 classe
388 2357 582 2401 hostium
606 2359 752 2402 Caesar
778 2358 942 2419 potitus
968 2366 1091 2402 esset.
1122 2360 1216 2402 Hac
1240 2357 1486 2402 calamitate
1510 2373 1607 2419 per-

227 2438 388 2481 territis
407 2438 626 2493 hostibus,
650 2437 831 2482 adverso
854 2447 985 2483 vento
1010 2437 1166 2482 leniter
1187 2438 1339 2496 flante,
1359 2454 1489 2482 naves
1506 2453 1605 2480 one-

224 2518 360 2562 rarias
399 2520 545 2563 Caesar
574 2518 765 2563 remulco
802 2520 1052 2564 victricibus
1085 2520 1173 2564 suis
1206 2519 1389 2563 navibus
1417 2516 1605 2563 Alexan-

225 2597 364 2642 ‹lriam
393 2598 581 2643 deducit,
