1972 3356
554 237 624 272 DE
659 236 820 272 BELLO
847 234 1120 271 AFRICANO.
1459 231 1550 289 235ae

144 323 339 379 romani,
373 322 447 382 qui
481 331 584 365 sunt
614 321 657 364 in
685 319 854 381 legione
896 335 943 363 lv
975 328 1017 362 et
1048 334 1116 374 vt,
1152 317 1206 361 ad
1234 327 1275 361 te
1312 315 1530 360 voluimus

146 404 187 446 in
214 413 380 463 tuaque
394 399 592 463 praesidia
612 400 870 461 confugere3
894 398 969 443 sed
991 398 1201 443 custodiis
1216 398 1414 459 equitum
1438 399 1532 444 Nu-

144 484 386 541 midarum,
410 499 497 543 quo
521 481 565 525 id
593 481 685 525 sine
713 479 909 542 periculo
937 481 1081 523 minus
1108 479 1371 537 faceremus,
1399 481 1532 541 impe-

144 565 387 609 diebamur.
403 563 534 606 Nunc
553 597 564 615 ‚
580 560 681 604 data
701 559 934 618 facultate,
949 576 1031 621 pro
1043 558 1394 620 speculatoribus
1411 561 1530 605 missi

143 664 168 691 a
194 646 418 707 Scipione,
457 641 511 686 ad
541 652 583 686 te
618 641 901 702 cupidissime
929 641 1150 698 venimus,
1181 650 1228 684 ut
1262 643 1531 703 perspicere-

145 744 263 784 mus,
290 741 396 769 num
423 739 519 784 quae
545 722 669 767 fossae
694 732 771 766 aut
800 721 968 766 insidiae
991 721 1235 783 elephantis
1260 731 1361 766 ante
1387 733 1529 767 castra

143 816 376 868 portasque
408 803 515 848 valli
547 803 668 848 factae
704 813 871 858 essent,
910 802 1129 864 simulque
1170 802 1350 848 consilia
1389 813 1531 848 vestra

141 897 292 932 contra
318 885 490 930 easdem
518 885 679 929 bestias
705 885 1169 947 comparationemque
1191 901 1350 947 pugnae
1368 901 1532 946 cogno-

140 983 381 1024 sceremus,
397 977 529 1028 atque
543 967 581 1011 ei
604 967 972 1011 renuntiaremus.
995 985 1016 1007 n
1032 967 1123 1025 Qui
1141 964 1377 1010 collaudati
1397 983 1421 1010 a
1445 967 1533 1010 Cae-

138 1065 251 1106 sare,
266 1047 576 1109 stipendioque
600 1048 748 1092 donati
763 1082 774 1105 7
789 1047 844 1092 ad
863 1047 1055 1109 reliquos
1076 1047 1283 1110 perfugas
1302 1047 1531 1092 deducun-

139 1140 225 1174 tur.
253 1131 459 1188 Quorum
486 1131 732 1174 orationem
766 1128 967 1174 celeriter
992 1129 1151 1173 veritas
1188 1129 1493 1190 comprobavit
1520 1147 1529 1172 ε

138 1227 329 1272 namque
354 1220 530 1273 postero
565 1210 636 1255 die
660 1228 713 1255 ex
738 1210 986 1272 legionibus
1016 1211 1094 1268 iis,
1128 1227 1237 1272 quas
1260 1209 1422 1256 Gaetuli
1453 1227 1530 1254 no-

137 1293 448 1350 minaverunt,
487 1291 645 1337 milites
682 1293 911 1355 legionarii
941 1292 1191 1354 complures
1213 1310 1237 1338 a
1256 1293 1463 1355 Scipione
1487 1294 1531 1336 in

138 1383 279 1418 castra
305 1376 490 1419 Caesaris
517 1374 820 1437 perfugerunt.

201 1457 410 1500 XXXVI.
438 1458 556 1500 Dum
583 1456 673 1500 haec
698 1455 753 1500 ad
773 1457 1020 1517 Ruspinam
1037 1466 1280 1518 geruntur,
1303 1456 1367 1501 M.
1396 1458 1506 1501 Cato
1521 1490 1532 1512 ‚

136 1537 210 1595 qui
224 1537 367 1580 Uticae
381 1547 585 1598 praeerat,
609 1536 793 1582 dilectus
819 1536 1017 1599 quotidie
1043 1537 1352 1582 libertinorum
1369 1573 1380 1595 ‚
1406 1537 1534 1583 Afro-

135 1633 254 1673 rum,
278 1633 506 1661 servorum
533 1617 744 1680 denique,
767 1628 811 1663 et
844 1619 1060 1681 cujusque
1095 1618 1215 1663 modi
1242 1619 1417 1682 generis
1450 1619 1533 1663 ho-

133 1699 301 1742 minum
318 1733 330 1756 ,
353 1700 429 1760 qui
453 1699 586 1744 modo
622 1716 702 1762 per
726 1710 899 1745 aetatem
923 1717 1046 1745 arma
1070 1701 1184 1745 ferre
1207 1709 1431 1762 poteraut,
1457 1700 1533 1744 ha-

135 1781 257 1834 bere,
285 1789 416 1840 atque
445 1781 526 1824 sub
555 1798 735 1825 manum
770 1782 987 1842 Scipionis
1026 1783 1070 1825 in
1095 1792 1236 1826 castra
1272 1782 1532 1826 submittere

138 1878 227 1905 non
272 1861 537 1905 intermittit.
576 1864 729 1924 Legati
768 1863 945 1906 interim
973 1878 1025 1906 ex
1056 1861 1221 1924 oppido
1258 1861 1451 1920 Tisdrae,
1486 1863 1529 1906 in

137 1959 226 2003 quo
248 1942 383 1987 tritici
402 1942 599 1987 modium
622 1942 756 1987 millia
794 1959 874 1989 ccc
902 1954 1180 2005 comportata
1211 1943 1389 1988 fuerant
1411 1961 1437 1988 a
1458 1960 1531 1987 ne-

137 2023 431 2084 gotiatoribus
457 2023 613 2069 italicis
640 2025 1003 2086 aratoribusque‚
1028 2024 1085 2069 ad
1109 2026 1325 2070 Caesarem
1352 2041 1533 2079 venere,

136 2114 390 2167 quantaque
412 2107 540 2167 copia
566 2105 774 2150 frumenti
798 2106 916 2168 apud
942 2123 986 2151 se
1007 2106 1081 2164 sit,
1109 2105 1291 2163 docent;
1313 2105 1534 2167 simulque

137 2196 290 2242 orant,
317 2196 364 2231 ut
393 2186 476 2231 sibi
503 2186 754 2248 praesidium
780 2188 952 2245 mittat,
974 2204 1063 2249 quo
1087 2186 1260 2232 facilius
1284 2197 1326 2232 et
1346 2187 1535 2232 frumen-

139 2277 231 2311 tum
266 2278 308 2312 et
345 2270 482 2330 copiae
519 2286 606 2314 suae
631 2281 958 2315 conserventur.
991 2270 1168 2328 Quibus
1192 2272 1339 2316 Caesar
1368 2270 1412 2314 in
1433 2287 1536 2332 prae-

136 2351 275 2394 sentia
304 2351 466 2412 gratias
491 2352 604 2413 agit,
632 2352 970 2414 praesidiumque
996 2353 1120 2396 brevi
1149 2362 1349 2415 tempore
1371 2369 1415 2397 se
1440 2353 1537 2396 mis-

136 2447 289 2475 surum
318 2430 454 2489 dixit3
481 2433 849 2494 cohortatusque,
878 2432 932 2477 ad
961 2450 1062 2478 suos
1090 2435 1206 2478 cives
1239 2433 1366 2494 jubet
1396 2433 1533 2494 profi-

136 2512 250 2557 cisci.
273 2514 320 2557 P„
340 2514 473 2558 Sitius
494 2515 688 2570 interim,
711 2531 808 2559 cum
834 2516 971 2577 copiis
996 2515 1218 2561 Numidiae
1238 2516 1346 2560 fines
1368 2516 1534 2576 ingres-

136 2609 230 2650 sus⁷
255 2593 507 2650 castellum,
541 2596 583 2639 in
613 2606 762 2640 monte
788 2595 882 2641 loco
907 2598 1078 2641 munito
1103 2595 1321 2653 locatum,
1345 2598 1388 2640 iu
1413 2596 1533 2657 quod

138 2675 249 2720 Juba
276 2675 379 2720 belli
408 2677 586 2738 gerendi
617 2679 757 2739 gratia
786 2689 826 2723 et
858 2678 1130 2723 frumentum
1161 2688 1203 2722 et
1242 2695 1308 2722 res
1343 2687 1534 2733 ceteras,
