1972 3356
584 275 650 310 DE
680 276 842 312 BELLO
876 276 1144 313 AFRICANO.
1481 276 1554 323 269

163 373 247 417 que
270 358 328 401 ita
358 374 402 401 se
438 358 674 419 transjecit.
704 360 794 417 Qui
825 376 986 420 quum,
1013 360 1159 403 anima
1183 360 1381 404 nondum
1407 361 1552 422 exspi-

162 448 281 495 rata,
307 439 590 496 concidisset,
621 450 687 497 et,
713 441 879 501 impetu
904 440 1019 485 facto
1043 442 1087 484 in
1111 440 1365 486 cubiculum
1401 458 1454 485 ex
1485 459 1556 486 su-

163 520 383 580 spicione,
408 521 602 564 medicus
617 520 943 581 familiaresque
963 522 1214 578 continere,
1238 532 1372 582 atque
1392 521 1553 567 vulnus

164 599 358 661 obligare
387 602 644 661 coepissent,
676 602 767 661 ipse
799 602 888 644 suis
922 602 1125 645 manibus
1155 601 1317 646 vulnus
1347 603 1555 648 crudelis-

159 681 267 724 sime
295 680 482 733 divellit,
508 691 641 742 atque
667 682 816 725 animo
844 683 1048 742 praesenti
1074 699 1118 726 se
1143 683 1381 727 interemit.
1409 685 1554 741 Quem

158 762 410 815 Uticenses,
451 779 705 823 quanquam
746 762 930 808 oderant
970 765 1164 825 partium
1202 765 1366 826 gratia,
1408 775 1555 809 tamen

158 852 340 903 propter
380 843 475 904 ejus
517 842 784 905 singularem
825 845 1149 906 integritatem,
1190 855 1231 889 et
1271 845 1390 906 quod
1428 845 1554 890 dissi-

157 922 368 968 millimus
404 923 678 985 reliquorum
720 925 883 969 ducum
930 925 1093 983 suerat,
1130 925 1339 987 quodque
1378 928 1555 972 Uticam

158 1004 355 1049 mirificis
397 1007 605 1068 operibus
642 1008 863 1051 munierat
902 1017 1134 1069 turresque
1173 1019 1378 1063 auxerat,
1415 1008 1557 1070 sepul-

157 1095 255 1130 tura
290 1087 504 1132 afficiunt.
554 1089 658 1146 Quo
704 1089 962 1143 interfecto,
1006 1091 1055 1134 L.
1085 1091 1251 1143 Caesar,
1299 1100 1347 1133 ut
1389 1089 1556 1151 aliquid

156 1167 239 1211 sibi
255 1184 306 1212 ex
331 1185 379 1213 ea
395 1186 442 1213 re
465 1169 616 1214 auxilii
634 1180 809 1231 pararet
826 1205 837 1226 ,
859 1181 1106 1215 convocato
1128 1170 1293 1232 populo
1309 1206 1320 1228 ,
1343 1171 1555 1216 concione

157 1249 328 1307 habita,
359 1251 620 1295 cohortatur
644 1269 824 1309 omnes,
856 1262 903 1296 ut
931 1262 1070 1313 portae
1096 1253 1376 1313 aperirentur
1403 1269 1412 1296 z
1443 1270 1487 1296 se
1510 1253 1554 1297 in

157 1333 341 1377 Caesaris
365 1332 597 1378 clementia
623 1351 828 1396 magnam
854 1352 977 1396 spem
1004 1335 1182 1379 habere.
1213 1337 1391 1395 ltaque,
1416 1335 1555 1395 portis

158 1413 414 1474 patefactis,
451 1416 584 1460 Utica
616 1433 846 1477 egressus,
883 1418 1045 1461 Caesari
1084 1416 1338 1478 imperatori
1374 1415 1552 1460 obviam

156 1495 464 1555 proficiscitur.
493 1496 703 1554 Messala,
737 1507 784 1541 ut
812 1507 903 1541 erat
931 1499 1222 1559 imperatum,
1251 1499 1429 1543 Uticam
1457 1515 1555 1559 per-

156 1577 295 1630 venit,
320 1578 616 1639 omnibusque
638 1580 777 1639 portis
802 1578 1024 1623 custodias
1056 1580 1195 1639 ponit.

217 1661 470 1704 LXXXIX.
500 1663 646 1705 Caesar
675 1662 874 1718 interim,
903 1678 928 1704 a
952 1661 1132 1722 Thapso
1158 1677 1438 1722 progressus,
1467 1662 1554 1704 Us-

154 1750 295 1785 cetam
314 1742 541 1802 pervenit,
563 1742 638 1786 ubi
658 1743 806 1803 Scipio
828 1758 1041 1802 magnum
1064 1741 1274 1786 frumenti
1294 1758 1527 1786 numerum
1544 1776 1555 1797 ,

153 1839 409 1878 armorum,
449 1823 664 1880 telorum,
695 1833 1034 1883 ceterarumque
1065 1840 1237 1878 rerum,
1280 1839 1378 1866 cum
1417 1840 1555 1883 parvo

155 1904 359 1966 praesidio
387 1905 616 1949 habuerat.
649 1904 700 1949 Id
725 1904 967 1948 adveniens
994 1906 1163 1966 potitur
1191 1921 1200 1947 ι
1229 1903 1390 1947 deinde
1410 1903 1556 1948 Adru-

154 1996 322 2030 metum
344 1987 557 2048 pervenit.
580 1986 685 2044 Quo
709 2003 848 2047 quum
871 1986 964 2030 sine
981 2002 1106 2029 mora
1129 1985 1374 2041 introisset,
1394 1984 1526 2028 armis
1543 2019 1555 2041 ,

153 2066 402 2124 frumento,
422 2069 700 2130 pecuniaque
725 2066 1023 2122 considerata,
1047 2067 1104 2124 Q.
1125 2067 1325 2128 Ligario,
1352 2068 1402 2111 C.
1429 2067 1552 2110 Con-

153 2148 266 2193 sidio
288 2148 404 2205 filio,
431 2150 508 2210 qui
532 2159 626 2193 tum
652 2149 711 2192 ibi
741 2149 938 2206 fuerant,
966 2149 1101 2192 vitam
1129 2147 1359 2192 concessit.
1383 2146 1555 2192 Deinde

153 2230 310 2274 eodem
335 2230 406 2274 die
433 2229 677 2275 Adrumeto
694 2247 914 2292 egressus,
941 2230 1145 2274 Livineio
1174 2228 1346 2290 Regulo
1371 2230 1429 2274 ibi
1453 2245 1553 2273 cum

154 2310 327 2373 legione
354 2311 530 2369 relicto,
559 2312 737 2357 Uticam
769 2312 831 2355 ire
862 2310 1104 2356 contendit.
1135 2312 1218 2356 Cui
1247 2311 1291 2354 in
1321 2311 1475 2355 itinere
1505 2311 1556 2354 fit

154 2392 311 2437 obvius
330 2395 380 2437 L.
407 2395 554 2438 Caesar
570 2428 581 2450 ,
605 2403 648 2437 et
670 2393 816 2437 subito
844 2410 889 2437 se
911 2392 966 2437 ad
992 2408 1136 2453 genua
1158 2392 1369 2454 projecit,
1398 2391 1555 2435 vitam-

154 2491 240 2535 que
265 2475 371 2531 sibi,
396 2491 477 2519 nec
500 2473 690 2536 amplius
709 2474 974 2536 quidquam,
997 2474 1284 2535 deprecatur:
1311 2474 1382 2518 cui
1406 2475 1554 2518 Caesar

154 2555 279 2601 facile
307 2566 349 2600 et
378 2573 459 2618 pro
496 2572 574 2600 sua
613 2566 798 2611 natura,
829 2565 872 2600 et
907 2572 988 2617 pro
1026 2555 1252 2612 instituto,
1293 2554 1509 2598 concessit
1543 2570 1552 2596 :

154 2638 271 2683 idem
288 2639 491 2695 (Jaecinae,
511 2640 560 2683 C.
587 2638 740 2694 Ateio,
764 2639 808 2681 P.
832 2638 979 2695 Atrio,
1008 2639 1056 2680 L.
1077 2634 1210 2681 Cellae
1232 2636 1345 2697 patri
1377 2644 1420 2679 et
1440 2633 1553 2691 filio,

154 2721 218 2764 M.
248 2720 414 2781 Eppio,
443 2723 506 2765 M.
533 2720 748 2780 Aquinio,
774 2719 956 2764 Catonis
981 2717 1094 2775 filio,
1124 2717 1475 2778 Damasippique
1502 2715 1554 2759 li-
