1972 3356
280 274 348 311 104
486 271 524 305 C.
556 271 682 305 JULII
712 270 929 304 CAESARIS
959 269 1450 305 COMMENTARIORUM

274 354 526 413 retrahique
555 354 743 412 imperat
771 369 779 395 :
804 353 839 396 si
865 353 953 395 vim
981 352 1139 408 faciat,
1166 369 1309 412 neque
1336 361 1505 412 pareat,
1537 354 1667 397 inter-

276 432 342 476 fici
372 433 525 493 jubet;
556 432 667 475 nihil
701 432 844 489 hune,
880 449 923 476 se
957 432 1164 487 absente,
1193 449 1274 493 pro
1310 448 1417 476 sano
1448 432 1665 476 facturum

272 514 536 570 arbitratus,
556 514 632 574 qui
653 515 879 575 praesentis
899 514 1133 575 imperium
1155 512 1430 575 neglexisset.
1450 511 1530 556 Ille
1551 514 1666 557 enim

275 604 506 638 revocatus
528 595 765 652 resistere,
796 611 846 639 ae
874 611 918 638 se
950 611 1084 638 manu
1115 593 1370 650 defendere,
1400 610 1670 654 suorumque

273 674 404 718 fidem
430 674 668 736 implorare
692 676 849 737 eoepit,
874 692 987 736 saepe
1014 673 1245 719 clamitans
1271 674 1459 718 liberum
1487 691 1531 718 se
1562 673 1669 718 libe-

274 772 418 815 raeque
443 756 633 800 civitatis
657 773 762 800 esse.
790 755 885 812 Illi,
910 766 957 799 ut
987 765 1082 800 erat
1110 756 1398 816 imperatum,
1425 755 1670 799 circumsis-

275 846 376 879 tunt
403 836 653 894 hominem,
684 847 817 898 atque
846 836 1121 880 interficiunt
1155 853 1163 879 :
1193 846 1239 880 at
1261 836 1389 880 AEdui
1420 837 1589 897 equites
1616 836 1670 880 ad

274 917 494 962 Caesareni
521 934 674 961 omnes
700 927 999 962 revertuntur.

338 999 460 1042 VIII.
499 999 578 1042 His
613 998 742 1042 rebus
776 998 928 1059 gestis,
966 998 1164 1041 Labieno
1203 998 1247 1040 in
1280 1000 1535 1043 continente
1570 1016 1670 1043 eum

275 1078 418 1122 tribus
443 1077 690 1139 legionibus
715 1088 756 1122 et
781 1079 983 1138 equitum
1010 1075 1204 1121 millibus
1229 1077 1401 1122 duobus
1425 1077 1600 1136 relicto,
1625 1089 1672 1122 ut

277 1169 432 1220 portus
461 1168 672 1215 tueretur,
695 1168 737 1203 et
764 1175 857 1202 rem
882 1158 1218 1202 frumentariam
1249 1159 1527 1220 provideret,
1555 1177 1672 1220 quee-

277 1257 362 1300 que
389 1241 433 1283 in
460 1238 608 1284 Gallia
631 1249 889 1301 gererentur
911 1249 1221 1301 cognosceret,
1244 1239 1568 1300 consiliumque
1594 1258 1673 1300 pro

277 1331 476 1381 tempore
503 1331 546 1364 et
568 1338 650 1382 pro
676 1338 723 1365 re
744 1331 945 1382 caperet,
973 1321 1064 1381 ipse
1083 1337 1183 1365 cum
1206 1322 1402 1381 quinque
1427 1319 1675 1382 legionibus

277 1412 319 1444 et
349 1403 443 1462 pari
472 1417 656 1445 numero
686 1402 909 1461 equitum,
943 1418 1075 1461 quem
1105 1403 1149 1444 in
1178 1403 1424 1445 continenti
1455 1400 1674 1461 relinque-

277 1483 378 1538 bat,
407 1481 509 1525 solis
534 1498 693 1525 occasu
718 1498 848 1525 naves
878 1482 1032 1540 solvit,
1058 1492 1098 1526 et
1123 1481 1213 1526 leni
1237 1482 1386 1527 Africo
1414 1492 1672 1543 provectus,

277 1562 421 1606 media
449 1563 625 1607 circiter
655 1572 783 1606 nocte
814 1573 947 1606 vento
977 1563 1247 1619 intermisso,
1279 1579 1457 1606 cursum
1488 1580 1577 1606 non
1608 1573 1672 1607 te-

279 1645 404 1698 nuit3
441 1653 483 1687 et
513 1642 689 1704 longius
727 1641 895 1686 delatus
930 1654 1057 1700 aestu,
1086 1653 1183 1687 orta
1220 1643 1346 1699 luce,
1381 1644 1460 1687 sub
1499 1644 1676 1688 sinistra

279 1725 556 1769 Britanniam
587 1723 785 1768 relictam
809 1725 1051 1785 conspexit.
1075 1726 1189 1768 Tum
1220 1741 1370 1768 rursus
1397 1734 1526 1768 aestus
1549 1741 1670 1768 com-

280 1806 575 1849 mutationem
611 1814 808 1861 secutuS,
850 1806 982 1848 remis
1012 1805 1259 1860 contendit,
1289 1815 1338 1848 ut
1374 1821 1469 1850 eam
1504 1814 1674 1865 partem

281 1884 434 1929 insulae
464 1895 660 1946 caperet,
692 1902 779 1945 qua
815 1886 1031 1945 optimum
1063 1902 1156 1929 esse
1190 1902 1414 1946 egressum
1451 1886 1676 1946 superiore

280 1975 428 2009 aestate
451 1976 733 2027 cognoverat.
757 1966 859 2023 Qua
881 1967 925 2009 in
948 1983 994 2009 re
1014 1965 1253 2010 admodum
1274 1966 1357 2009 fuit
1377 1966 1569 2010 militum
1588 1967 1676 2009 vir-

283 2057 353 2090 tus
391 2045 633 2102 laudanda,
669 2047 744 2106 qui
779 2047 983 2090 vectoriis
1013 2047 1307 2108 gravibusque
1343 2048 1553 2109 navigiis,
1588 2064 1676 2091 uon

283 2127 534 2171 intermisso
558 2127 807 2187 remigandi
829 2126 979 2171 labore
995 2163 1005 2183 ,
1031 2127 1265 2190 longarum
1292 2130 1470 2173 naviuin
1495 2145 1673 2172 cursum

283 2207 584 2268 adaequarunt.
616 2209 853 2252 Accessum
883 2219 947 2251 est
975 2207 1027 2252 ad
1058 2209 1334 2252 Britanniam
1365 2210 1570 2254 omnibus
1601 2227 1678 2252 na-

284 2288 410 2331 vibus
443 2287 691 2332 meridiano
717 2288 806 2332 fere
840 2299 1040 2349 tempore
1068 2306 1076 2332 :
1103 2306 1247 2350 neque
1276 2290 1320 2332 in
1344 2307 1394 2333 eo
1424 2289 1520 2334 loco
1543 2290 1676 2333 hostis

284 2379 349 2413 est
369 2370 504 2426 visus,
517 2370 614 2427 sed,
628 2380 677 2414 ut
693 2380 845 2431 postea
859 2372 1006 2415 Caesar
1021 2387 1072 2414 ex
1090 2371 1275 2432 captivis
1290 2372 1524 2432 comperit,
1539 2387 1676 2430 quum

285 2467 454 2511 magnae
475 2467 631 2495 manus
651 2468 703 2495 eo
723 2452 1051 2507 convenissent,
1073 2450 1360 2495 multitudine
1381 2452 1557 2494 navium
1580 2467 1677 2509 per-

287 2532 449 2574 tcrritae
466 2532 580 2593 (quae
599 2548 700 2575 eum
721 2532 943 2575 annotinis
962 2532 1231 2592 privatisque
1247 2567 1257 2587 ,
1278 2548 1385 2592 quas
1406 2531 1473 2574 sui
1494 2531 1679 2590 quisque

288 2610 507 2654 commodi
528 2611 715 2668 fecerat,
731 2611 920 2672 amplius
939 2628 1055 2656 DCCC
1074 2629 1162 2656 uno
1178 2621 1301 2655 erant
1323 2612 1423 2654 visae
1446 2610 1677 2671 t(*111pore*v,

289 2706 312 2732 a
336 2688 462 2733 litore
485 2690 796 2745 discesserant,
824 2710 873 2735 ac
899 2709 942 2735 se
968 2694 1010 2735 in
1037 2693 1261 2751 superiora
1289 2690 1381 2734 loca
1405 2690 1676 2737 abdiderant.
