1972 3356
372 225 446 261 262
607 223 647 257 C.
676 220 808 257 JULII
838 219 1057 254 CAESARIS
1088 218 1352 253 COMMENT.
1382 219 1529 254 LIBER

369 306 584 369 equitatui
627 319 897 348 succurrere.
937 301 1162 346 Labienus
1200 302 1375 345 interim
1420 301 1508 345 suis
1548 302 1768 361 equitibus

369 386 529 432 auxilia
564 385 785 447 equestria
829 383 1110 438 submittere,
1150 383 1396 443 sauciisque
1433 398 1484 427 ac
1523 381 1769 443 defatigatis

369 470 567 530 integros
596 465 1011 526 recentioribusque
1037 463 1206 508 viribus
1231 464 1399 525 equites
1422 462 1768 507 subministrare.

368 551 611 610 Postquam
648 549 819 609 equites
846 545 1010 591 Juliani
1036 561 1094 591 cn
1119 545 1208 588 vim
1232 544 1453 598 hostium,
1481 544 1535 588 ad
1558 560 1605 589 1v
1636 542 1772 588 millia

369 646 577 687 numero,
621 630 836 674 sustinere
881 645 968 672 non
1009 636 1241 689 poterant,
1283 636 1327 670 et
1362 642 1386 670 a
1425 623 1511 670 levi
1549 634 1772 670 armatura

369 709 669 756 Numidarum
717 709 1090 765 vulnerabantur,
1136 708 1478 769 minutatimque
1534 705 1772 762 cedebant,

371 794 516 838 Caesar
554 790 741 836 alteram
775 790 888 836 alam
930 790 1086 844 mittit,
1123 789 1198 850 qui
1241 788 1540 851 satagentibus
1575 787 1774 833 celeriter

369 884 669 921 occurrerent.
709 874 815 931 Quo
853 872 970 917 facto
997 872 1063 916 sui
1096 869 1253 915 sublati
1292 870 1508 923 universi,
1544 871 1589 914 in
1626 869 1774 914 hostes

371 957 660 1019 impressione
684 955 822 1010 facta,
847 956 891 998 in
917 953 1066 1015 fugam
1091 952 1365 996 adversarios
1390 951 1637 1008 dederunt,
1663 950 1776 996 mul-

373 1038 428 1082 tis
461 1038 640 1091 occisis,
681 1034 988 1096 compluribus
1022 1033 1265 1077 vulneratis
1302 1051 1312 1077 ε
1357 1034 1541 1077 insecuti
1578 1049 1656 1094 per
1692 1033 1776 1077 tria

372 1117 508 1163 millia
539 1134 772 1180 passuum,
800 1133 941 1178 usque
978 1116 1021 1159 in
1052 1112 1183 1159 colles
1211 1114 1413 1158 hostibus
1441 1113 1628 1169 adactis,
1654 1129 1699 1158 se
1720 1113 1776 1157 ad

372 1216 474 1244 suos
514 1200 751 1260 recipiunt.
785 1199 932 1242 Caesar
972 1198 1015 1241 in
1057 1196 1211 1240 horam
1242 1212 1271 1240 x
1299 1204 1622 1251 commoratus,
1664 1195 1779 1239 sicut

372 1290 466 1324 erat
492 1281 759 1335 instructus,
786 1296 830 1324 se
853 1278 908 1323 ad
931 1295 1008 1323 sua
1034 1287 1173 1322 castra
1195 1277 1361 1338 recepit
1383 1312 1393 1334 ,
1422 1276 1629 1321 omnibus
1654 1277 1779 1320 inco-

371 1361 566 1406 lumibus
593 1380 601 1406 :
633 1364 678 1406 in
705 1378 794 1423 quo
821 1359 977 1422 proelio
1000 1358 1227 1415 Pacidius,
1257 1359 1453 1419 graviter
1473 1356 1564 1420 pilo
1587 1373 1667 1419 per
1688 1374 1781 1403 cas-

373 1442 511 1487 sidem
541 1453 677 1504 caput
707 1444 846 1498 ictus,
875 1440 1213 1503 compluresque
1252 1439 1408 1497 duces,
1439 1455 1489 1484 ac
1514 1439 1780 1484 fortissimus

373 1525 590 1585 quisque,
622 1523 841 1568 interfecti
871 1521 1180 1583 vulneratique
1212 1531 1328 1566 sunt.

440 1607 649 1650 LXXIX.
680 1608 921 1665 Postquam
950 1602 1067 1647 nulla
1106 1602 1358 1647 conditione
1387 1619 1545 1664 cogere
1574 1601 1779 1646 adversa-

374 1686 464 1730 rios
487 1694 689 1747 poterat,
731 1695 780 1729 ut
810 1686 853 1729 in
887 1701 1061 1745 aequum
1091 1683 1237 1727 locum
1267 1682 1605 1740 descenderent,
1643 1681 1781 1744 legio-

376 1783 573 1826 numque
599 1765 847 1827 periculum
873 1764 1095 1818 facerent,
1121 1781 1263 1823 neque
1291 1765 1382 1825 ipse
1402 1765 1583 1825 propius
1608 1764 1781 1808 hostem

376 1856 518 1891 castra
549 1862 714 1908 ponere
740 1855 924 1907 propter
951 1861 1075 1905 aquae
1100 1846 1329 1906 penuriam
1360 1861 1404 1889 se
1431 1861 1557 1906 posse
1583 1844 1783 1889 animad-

378 1928 602 1982 vertebat,
633 1927 906 1971 adversarios
933 1943 1023 1970 non
1048 1943 1202 1970 eorum
1233 1927 1396 1971 virtute
1425 1925 1674 1980 confidere,
1707 1926 1783 1971 sed

378 2025 596 2069 aquarum
642 2009 793 2070 inopia
839 2007 973 2053 fretos
1011 2007 1238 2069 despicere
1265 2025 1309 2052 se
1339 2006 1552 2052 intellexit
1592 2025 1600 2051 :
1641 2007 1783 2070 pridie

378 2107 482 2133 non.
505 2107 598 2151 apr.
622 2089 751 2134 tertia
779 2088 927 2151 vigilia
950 2106 1150 2150 egressus
1171 2089 1224 2133 ab
1254 2091 1393 2151 Agar,
1424 2105 1505 2134 xvi
1530 2087 1669 2133 millia
1692 2105 1785 2151 pas·

379 2188 506 2215 suuni
535 2181 663 2216 nocte
686 2187 968 2232 progressus,
998 2170 1050 2213 ad
1074 2170 1327 2231 Thapsum,
1350 2169 1424 2214 ubi
1441 2168 1653 2233 Virgilius
1681 2187 1783 2215 cum

380 2252 538 2315 grandi
568 2252 772 2315 praesidio
799 2262 983 2314 praeerat
1002 2288 1012 2305 ‚
1054 2262 1194 2296 castra
1221 2253 1369 2314 ponit,
1399 2251 1703 2314 oppidumque
1731 2269 1784 2296 eo

381 2334 452 2379 die
489 2335 813 2379 circumvenire
841 2334 995 2395 coepit,
1025 2333 1208 2395 locaque
1245 2332 1401 2378 idonea
1444 2343 1785 2395 opportunaque

381 2414 610 2478 complura
646 2415 858 2476 praesidiis
887 2432 1131 2477 occupare,
1160 2415 1306 2460 hostes
1337 2431 1393 2459 ne
1428 2416 1596 2460 intrare
1630 2414 1684 2459 ad
1716 2431 1781 2467 se,

380 2515 431 2542 ac
456 2497 553 2542 loca
579 2497 788 2541 interiora
825 2513 979 2558 capere
1012 2507 1203 2558 possent.
1230 2497 1378 2558 Scipio
1411 2497 1606 2549 interim,
1629 2495 1781 2557 cogni-

382 2579 436 2622 tis
474 2579 659 2624 Caesaris
700 2577 919 2632 consiliis,
962 2576 1013 2622 ad
1052 2579 1355 2623 necessitatem
1399 2577 1613 2622 adductus
1654 2575 1783 2620 dimi-

383 2660 535 2712 candi,
579 2678 631 2705 ne
661 2678 738 2723 per
778 2677 996 2705 summum
1042 2659 1230 2704 dedecus
1266 2659 1499 2704 fidissimos
1530 2659 1618 2703 suis
1650 2658 1780 2702 rebus
