1972 3356
329 267 377 315 96
542 271 581 306 C.
614 271 740 305 JULH
772 270 988 305 CAESARIS
1021 269 1522 325 COMMENTARIORUM*

329 363 369 396 et
405 355 600 398 conferta
640 354 806 415 legione
855 370 905 396 ex
956 353 1159 396 omnibus
1198 352 1396 412 partibus
1444 350 1527 396 tela
1567 354 1722 413 conjici

328 434 652 478 animadvertit.
698 435 812 478 Nam
859 432 1003 493 quod,
1047 433 1167 476 omni
1204 448 1257 475 ex
1302 430 1481 492 reliquis
1526 432 1724 492 partibus

329 515 525 558 demesso
566 514 809 570 frumento,
854 530 938 557 una
988 529 1089 573 pars
1134 522 1227 556 erat
1277 512 1472 573 reliqua,
1518 512 1725 572 suspicati

329 595 500 651 hostes,
531 596 618 639 huc
642 605 815 639 nostros
840 610 931 638 esse
967 603 1199 649 venturos⁷
1231 602 1366 637 noctu
1396 593 1441 636 in
1473 591 1592 636 silvis
1618 591 1725 636 deli-

329 685 502 719 tuerant
540 693 549 719 :
586 685 680 719 tum
716 674 955 736 dispersos,
990 673 1212 734 dispositis
1249 674 1406 726 armis,
1435 674 1477 717 in
1517 672 1724 717 metendo

328 766 586 817 occupatos,
633 756 779 800 subito
817 754 987 809 adorti,
1030 755 1182 814 paucis
1229 753 1488 809 interfectis,
1530 752 1723 814 reliquos

328 836 505 880 incertis
530 836 760 880 ordinibus
785 835 1154 896 perturbaverant
1178 851 1187 877 ς
1214 833 1343 878 simul
1367 834 1565 894 equitatu
1589 844 1722 895 atque

328 916 486 961 essedis
507 915 901 960 circumdederant.

392 998 602 1041 XXXIII.
631 999 781 1041 Genus
803 996 889 1039 hoc
909 1004 975 1039 est
1004 1012 1055 1038 ex
1077 994 1238 1038 essedis
1263 1010 1420 1055 pugnae
1447 1012 1455 1037 :
1482 995 1625 1055 primo
1645 1011 1723 1055 per

328 1093 479 1120 omnes
492 1086 636 1137 partes
650 1077 945 1137 perequitant,
956 1084 998 1119 et
1012 1074 1097 1118 tela
1111 1075 1368 1134 conjiciunt⁷
1385 1084 1517 1135 atque
1532 1075 1626 1135 ipso
1642 1085 1723 1118 ter-

327 1174 427 1201 rore
449 1174 663 1218 equorum
679 1167 722 1200 et
734 1157 920 1217 strepitu
939 1166 1139 1199 rotarum
1154 1155 1330 1199 ordines
1345 1153 1606 1215 plerumque
1623 1172 1722 1216 per—

328 1238 510 1282 turbant
534 1255 542 1281 :
565 1248 608 1281 et
625 1254 760 1298 quum
781 1254 824 1281 se
840 1237 957 1280 iuter
976 1237 1176 1296 equitum
1197 1245 1364 1279 turmas
1380 1235 1722 1292 insinuaverint,

328 1336 380 1362 cx
403 1319 561 1363 essedis
584 1317 813 1373 desiliunt,
840 1328 883 1361 et
907 1317 1092 1378 pedibus
1116 1315 1391 1377 proeliantur.
1414 1317 1590 1378 Aurigae
1611 1317 1723 1361 inte-

328 1401 411 1443 rim
438 1399 650 1460 paulatim
677 1416 729 1442 ex
758 1397 909 1459 proelio
939 1397 1175 1453 excedunt,
1200 1407 1333 1457 atque
1358 1396 1420 1441 ita
1448 1414 1604 1441 currus
1631 1396 1722 1442 col-

328 1479 498 1536 locant,
526 1490 594 1534 ut,
619 1481 654 1523 si
684 1479 746 1522 illi
774 1496 797 1522 a
820 1477 1106 1522 multitudine
1127 1478 1320 1521 hostium
1345 1487 1624 1538 premantur,
1648 1494 1722 1522 ex-

329 1560 525 1620 peditum
547 1559 601 1603 ad
621 1576 721 1603 suos
739 1568 964 1620 receptum
984 1558 1188 1602 habeant.
1204 1561 1272 1602 Ita
1290 1556 1579 1602 mobilitatem
1597 1560 1721 1620 equi-

330 1650 444 1696 tum,
462 1638 745 1684 stabilitatem
765 1639 962 1700 peditum
984 1639 1027 1681 in
1048 1637 1212 1699 proeliis
1234 1646 1460 1698 praestant,
1477 1655 1527 1682 ac
1547 1648 1720 1683 tantum

330 1737 410 1765 usu
440 1720 699 1780 quotidiano
729 1730 772 1763 et
799 1719 1110 1763 exercitatione
1139 1718 1364 1773 efficiunt,
1395 1719 1460 1762 uti
1490 1719 1533 1762 in
1563 1719 1720 1763 declivi

330 1817 380 1844 ac
410 1802 624 1862 praecipiti
649 1800 745 1844 loco
777 1800 973 1844 incitatos
1000 1816 1136 1859 equos
1157 1799 1391 1854 sustinere,
1414 1808 1456 1842 et
1481 1799 1603 1843 brevi
1630 1817 1721 1844 mo-

329 1881 472 1925 derari
509 1899 558 1925 ac
592 1881 793 1937 flectere,
830 1892 873 1925 et
904 1899 980 1942 per
1014 1890 1238 1924 temonem
1273 1896 1559 1940 percurrere,
1596 1892 1639 1925 et
1676 1883 1719 1925 in

327 1963 433 2023 jugo
467 1963 686 2019 insistere,
721 1972 763 2005 et
798 1959 897 2005 inde
932 1979 974 2005 se
1011 1962 1054 2004 in
1091 1977 1246 2005 currus
1282 1960 1488 2004 citissime
1524 1962 1720 2022 recipere

329 2044 595 2087 consuerint.

394 2126 603 2169 XXXIV.
642 2125 818 2182 Quibus
848 2125 998 2180 rebus,
1030 2123 1297 2185 perturbatis
1329 2123 1489 2167 nostris
1524 2123 1720 2167 novitate

329 2222 504 2266 pugnae,
538 2215 734 2265 tempore
765 2205 1142 2265 opportunissimo
1171 2207 1317 2249 Caesar
1345 2202 1559 2248 auxilium
1591 2202 1717 2247 tulit:

329 2302 520 2346 namque
550 2286 642 2346 ejus
671 2285 865 2328 adventu
894 2286 1041 2329 hostes
1073 2285 1392 2341 constiterunt,
1424 2286 1563 2329 nostri
1596 2300 1639 2328 se
1667 2301 1718 2327 ex

332 2368 486 2410 timore
518 2375 793 2426 receperunt.
834 2367 939 2423 Quo
976 2365 1116 2420 facto,
1156 2365 1210 2408 ad
1251 2364 1550 2409 lacessendum
1589 2373 1633 2407 et
1664 2364 1725 2407 ad-

327 2446 695 2489 committendum
738 2445 942 2507 proelium
972 2444 1166 2489 alienum
1199 2462 1291 2489 esse
1326 2455 1498 2505 tempus
1532 2444 1718 2488 arbitra-

328 2535 419 2579 tus,
447 2543 525 2570 suo
549 2543 592 2569 se
618 2525 715 2570 loco
738 2526 980 2577 continuit„
1007 2535 1047 2568 et
1075 2526 1198 2569 brevi
1225 2535 1423 2585 tempore
1448 2525 1717 2577 intermisso,

330 2607 369 2648 in
405 2616 544 2650 castra
572 2606 764 2667 legiones
797 2606 989 2649 reduxit.
1020 2608 1140 2649 Dum
1168 2606 1260 2649 haec
1294 2614 1526 2666 geruntur,
1560 2607 1720 2651 nostris

332 2689 531 2731 on’mibus
559 2688 801 2748 occupatis,
830 2688 905 2747 qui
931 2697 1057 2730 erant
1084 2688 1128 2729 in
1157 2686 1272 2747 agris
1297 2683 1482 2745 reliqui,
1509 2685 1718 2730 discesse-
