1972 3356
399 315 470 358 240¹
606 316 644 350 C.
678 316 808 349 JULlI
837 314 1052 348 CAESARIS
1084 313 1579 349 COMMENTARIORUM

398 403 487 464 ipse
516 400 558 441 in
590 398 824 441 Provincia
858 406 1075 451 moratus,
1105 413 1242 456 quum
1275 395 1474 439 celeriter
1509 412 1660 439 omnes
1687 414 1789 440 con-

395 489 549 522 ventus
583 478 950 539 percucurrisset,
980 476 1177 537 publicas
1208 476 1530 520 controversias
1559 477 1789 538 cognovis-

394 569 480 615 set,
517 559 629 603 bene
663 559 830 602 meritis
856 559 1035 619 praemia
1063 557 1288 601 tribuisset
1319 556 1636 618 (cognoscendi
1674 559 1789 601 enim

394 641 630 684 maximam
670 639 923 684 facultatem
967 639 1156 683 habebat
1192 636 1309 699 quali
1345 639 1530 698 quisque
1564 639 1713 681 animo
1746 639 1788 681 in

393 719 711 782 rempublicam
740 721 892 765 fuisset
916 721 1051 764 totius
1076 718 1231 764 Galliae
1251 719 1517 776 defectione,
1542 736 1673 779 quam
1698 736 1790 763 sus-

394 802 586 846 tinuerat
621 801 831 846 fidelitate
864 811 996 862 atque
1023 800 1196 845 auxiliis
1230 800 1518 861 Provinciae),
1554 800 1622 843 his
1657 800 1787 844 rebus

392 882 621 940 confectis,
641 883 698 927 ad
718 883 913 945 legiones
938 884 981 926 in
1004 881 1203 942 Belgium
1227 898 1270 925 se
1291 882 1469 942 recipit,
1493 881 1788 942 hibernatque

394 965 747 1009 Nemetocennae.

455 1046 637 1089 XLVII.
673 1046 740 1088 Ibi
778 1046 1004 1106 cognoscit
1037 1046 1291 1089 Commium
1329 1045 1587 1088 Atrebatem
1633 1042 1787 1104 proelio

392 1141 492 1168 cum
522 1126 722 1184 equitatu
751 1142 830 1169 suo
866 1125 1156 1169 contendisse.
1187 1126 1301 1169 Nam
1331 1141 1469 1185 quum
1501 1124 1714 1168 Antonius
1743 1125 1787 1167 in

391 1205 575 1249 hiberna
600 1206 812 1262 venisset,
840 1207 1083 1266 civitasque
1107 1207 1370 1250 Atrebatum
1401 1206 1445 1249 in
1469 1205 1616 1249 officio
1639 1221 1789 1248 mane-

390 1296 476 1342 ret,
503 1287 758 1342 Commius,
785 1287 885 1346 qui,
910 1296 1009 1347 post
1036 1286 1157 1330 illam
1185 1286 1540 1330 vulnerationem
1563 1302 1696 1345 quani
1720 1302 1790 1329 su-

389 1383 468 1427 pra
491 1368 862 1423 commemoravi,
888 1383 1061 1428 semper
1083 1367 1137 1411 ad
1158 1384 1309 1411 omnes
1334 1377 1479 1411 motus
1502 1376 1679 1427 paratus
1701 1367 1788 1410 suis

389 1447 558 1491 civibus
599 1464 691 1492 esse
728 1458 997 1505 consuesset,
1034 1466 1088 1492 ne
1130 1447 1310 1493 consilia
1345 1447 1448 1492 belli
1490 1447 1788 1508 quaerentibus

391 1537 543 1571 auctor
575 1544 801 1572 armorum
831 1529 1007 1590 duxque
1039 1529 1232 1585 deesset,
1266 1539 1448 1590 parente
1479 1530 1692 1573 Romanis
1726 1530 1787 1572 ci-

390 1609 544 1662 vitate,
572 1625 673 1652 cum
706 1611 793 1653 suis
819 1610 1040 1669 equitibus
1064 1627 1107 1654 se
1133 1626 1320 1670 suosque
1348 1608 1593 1653 latrociniis
1622 1608 1787 1665 alebat,

390 1689 646 1750 infestisque
678 1690 909 1734 itineribus
945 1700 1217 1734 commeatus
1253 1689 1524 1751 complures,
1557 1691 1632 1751 qui
1671 1707 1788 1734 com-

388 1770 680 1829 portabantur
704 1771 748 1813 in
772 1770 957 1814 hiberna
979 1773 1309 1827 Romanorum,
1334 1771 1655 1831 intercipiebat.

450 1851 655 1894 XLVIII.
693 1852 801 1894 Erat
826 1851 1065 1894 attributus
1095 1851 1294 1895 Antonio
1324 1850 1557 1911 praefectus
1587 1853 1787 1912 equitum

386 1931 433 1974 C.
469 1928 719 1974 Volusenus
746 1930 1025 1988 Quadratus,
1059 1933 1134 1992 qui
1167 1948 1268 1975 cum
1303 1948 1354 1975 eo
1389 1931 1619 1976 hiemaret.
1654 1935 1787 1977 Hunc

385 2011 605 2055 Antonius
643 2011 698 2055 ad
733 2012 1087 2073 persequendum
1123 2013 1371 2073 equitatum
1404 2012 1600 2057 hostium
1633 2014 1784 2057 mittit.

384 2089 633 2135 Volusenus
668 2102 837 2148 autem,
876 2092 930 2136 ad
965 2109 1060 2136 eam
1092 2094 1303 2137 virtutem
1333 2110 1429 2154 quae
1468 2093 1703 2156 singularis
1740 2095 1784 2138 in

385 2188 436 2215 eo
464 2182 577 2227 erat,
601 2188 814 2233 magnum
839 2173 990 2217 odium
1009 2175 1199 2219 Commii
1217 2174 1509 2236 adjungebat,
1534 2192 1622 2236 quo
1643 2173 1784 2219 liben—

387 2252 473 2296 tius
512 2252 555 2295 id
586 2252 746 2297 faceret
779 2253 898 2313 quod
927 2255 1240 2315 imperabatur.
1275 2257 1431 2316 Itaque
1462 2254 1685 2316 dispositis
1719 2256 1784 2299 in-

385 2332 524 2387 sidiis,
563 2335 720 2394 saepius
758 2335 850 2395 ejus
883 2335 1051 2395 equites
1091 2352 1344 2397 aggressus,
1392 2335 1584 2380 secunda
1632 2335 1784 2397 proelia

385 2412 585 2457 faciebat.
619 2415 889 2471 Novissime,
914 2432 1050 2476 quum
1082 2417 1386 2461 vehementius
1414 2417 1782 2472 contenderetur,

383 2511 431 2537 ae
473 2493 724 2539 Volusenus
769 2497 902 2557 ipsius
948 2497 1255 2557 intercipiendi
1301 2498 1492 2542 Commii
1542 2496 1783 2557 cupiditate

385 2576 649 2634 pertinacius
674 2593 775 2620 eum
807 2593 908 2620 cum
939 2578 1089 2637 paucis
1116 2578 1339 2622 insecutus
1362 2588 1500 2633 esset,
1536 2576 1608 2620 ille
1631 2586 1777 2621 autem

384 2655 486 2715 fuga
505 2656 753 2701 vehementi
781 2656 1055 2702 Volusenum
1073 2657 1248 2719 longius
1274 2659 1572 2719 produxisset,
1594 2668 1780 2718 repente

384 2736 579 2779 omnium
610 2754 790 2781 suorum
821 2739 999 2783 invocat
1029 2738 1159 2782 fidem
1186 2749 1317 2799 atque
1346 2737 1585 2794 auxilium,
1611 2755 1665 2781 ne
1704 2755 1781 2782 sua
