1972 3356
546 218 613 253 DE
643 218 803 253 BELLO
834 217 1052 254 GALLICO
1080 218 1171 252 LIB.
1197 218 1281 252 VH.
1551 213 1621 259 175

211 300 366 345 videtis
395 319 403 345 :
429 319 581 363 quem,
615 303 807 364 turpiter
837 320 882 347 se
907 319 960 347 ex
990 303 1071 346 hac
1099 301 1203 364 fuga
1230 301 1540 362 recipientem,
1568 317 1622 342 ne

207 399 297 442 qua
331 383 486 428 civitas
520 385 610 428 suis
641 383 802 428 finibus
836 384 1039 444 recipiat,
1071 400 1095 427 a
1129 400 1200 427 me
1233 383 1462 444 provisum
1500 390 1577 425 est.
1603 402 1623 421 »

274 465 396 509 XXI.
424 463 690 509 Conclamat
712 465 857 508 omnis
881 462 1148 519 multitudo,
1172 475 1215 508 et
1237 481 1318 509 suo
1343 480 1466 508 more
1489 464 1625 508 armis

209 556 470 607 concrepat3
495 545 616 607 quod
645 545 790 590 facere
821 546 865 589 in
899 562 951 589 eo
982 555 1277 602 consuerunt,
1307 546 1434 606 cujus
1459 545 1625 589 oratio-

212 642 311 670 nem
333 627 584 687 approbant
610 643 619 669 :
647 643 871 670 summum
891 643 983 670 esse
1003 627 1419 688 Vercingetorigem
1440 626 1598 670 ducem
1613 662 1624 682 ,

211 722 291 750 nec
316 706 369 750 de
388 707 481 767 ejus
504 706 590 751 fide
617 706 934 761 dubitandum;
957 724 1038 751 nec
1061 707 1230 768 majore
1255 708 1429 751 ratione
1458 706 1627 752 bellum

210 786 511 831 administrari
548 804 687 849 posse.
720 789 933 833 Statuunt
969 797 1018 832 ut
1051 805 1076 831 x
1111 786 1251 832 millia
1283 788 1518 833 hominum
1550 789 1627 833 de-

211 867 321 912 lecta
343 885 396 912 ex
422 869 632 913 omnibus
664 868 804 931 copiis
833 870 879 913 in
903 869 1121 931 oppidum
1153 869 1479 914 submittantur
1506 887 1515 914 ε
1545 887 1628 914 nec

209 948 311 994 solis
329 951 604 1013 Biturigibus
630 968 917 995 communem
936 949 1122 995 salutem
1142 950 1510 996 committendam
1531 968 1628 996 cen-

210 1041 328 1087 sent;
352 1032 473 1093 quod
498 1048 632 1093 penes
654 1050 748 1085 eos,
773 1034 808 1077 si
834 1032 879 1077 id
912 1032 1128 1094 oppidum
1158 1033 1468 1090 retinuissent,
1507 1050 1628 1077 sum-

212 1129 328 1157 mam
355 1114 551 1158 victoriae
571 1124 776 1159 constare
796 1113 1120 1176 intelligebant.

277 1196 422 1240 XXII.
464 1195 689 1258 Singulari
731 1196 924 1241 militum
958 1206 1215 1241 nostrorum
1247 1198 1401 1242 virtuti
1444 1197 1628 1243 consilia

214 1277 429 1337 cujusque
454 1277 576 1321 modi
595 1277 831 1322 Gallorum
857 1278 1176 1335 occurrebant,
1202 1289 1251 1322 ut
1271 1288 1339 1323 est
1353 1296 1536 1324 summae
1560 1297 1628 1341 ge-

214 1374 297 1402 nus
322 1356 530 1414 solertiae,
561 1368 694 1420 atque
722 1358 777 1402 ad
803 1360 950 1403 omnia
982 1359 1193 1403 imitanda
1219 1369 1351 1421 atque
1373 1360 1627 1412 efficienda,

212 1455 309 1499 quae
343 1439 397 1483 ab
430 1456 606 1500 quoque
641 1440 897 1497 tradantur,
925 1441 1220 1501 aptissimum.
1250 1442 1365 1485 Nam
1391 1451 1431 1485 et
1461 1441 1628 1503 laqueis

212 1519 344 1566 falces
373 1522 659 1578 avertebant,
693 1540 801 1583 quas
831 1539 971 1583 quum
1004 1522 1357 1579 destinaverant,
1394 1526 1628 1568 tormentis

212 1603 429 1647 introrsus
447 1603 747 1659 reducebant3
764 1614 804 1648 et
821 1621 1027 1666 aggerem
1047 1603 1264 1649 cuniculis
1284 1605 1626 1661 subtrahebant,

211 1701 263 1728 eo
285 1685 513 1737 scientius,
540 1685 659 1746 quod
685 1686 803 1748 apud
827 1704 900 1730 eos
926 1703 1097 1749 magnae
1123 1697 1228 1732 sunt
1252 1687 1472 1746 ferraria),
1495 1699 1628 1750 atque

214 1783 341 1810 omne
365 1783 504 1829 genus
529 1767 842 1812 cuniculorum
869 1778 1025 1812 notum
1050 1778 1183 1829 atquc
1205 1770 1418 1814 usitatum
1444 1780 1521 1815 est.
1544 1773 1627 1815 To-

212 1859 304 1893 tum
327 1860 475 1895 autem
496 1869 676 1896 murum
701 1870 752 1896 ex
778 1853 900 1896 omni
926 1863 1051 1913 parte
1084 1854 1283 1898 turribus
1313 1856 1625 1900 contabulave-

212 1942 332 1988 rant,
367 1942 499 1994 atque
532 1933 609 1977 has
642 1934 773 1977 coriis
809 1934 1070 1978 intexerant.
1108 1937 1224 1979 Tum
1256 1937 1423 1981 crebris
1454 1937 1625 1982 diurnis

212 2014 532 2075 nocturnisque
556 2015 866 2076 eruptionibus
896 2025 971 2060 aut
1001 2017 1151 2078 aggeri
1180 2017 1328 2079 ignem
1355 2018 1626 2073 inferebant.

213 2104 290 2138 aut
320 2093 482 2139 milites
508 2107 750 2158 occupatos
776 2098 821 2141 in
847 2114 982 2160 opere
1009 2098 1356 2154 adoriebantui¹3
1380 2110 1423 2144 et
1450 2111 1625 2145 nostra-

213 2193 311 2220 rum
337 2178 527 2222 turrium
553 2177 861 2236 altitudinem,
887 2190 1103 2242 quantum
1135 2181 1213 2225 bas
1239 2181 1526 2242 quotidianus
1550 2200 1626 2244 ag·

213 2274 290 2320 ger
313 2269 612 2320 expresserat,
638 2261 886 2306 commissis
913 2278 1093 2306 suarum
1120 2264 1312 2308 turrium
1341 2263 1488 2322 malis,
1517 2264 1628 2309 adae-

212 2340 430 2400 quabant3
462 2352 506 2386 et
537 2351 715 2403 apertos
737 2342 967 2388 cuniculos
994 2354 1182 2406 praeusta
1209 2362 1258 2389 ac
1281 2356 1503 2407 praeacuta
1534 2363 1627 2391 ma-

216 2423 344 2479 teria,
370 2432 411 2467 et
435 2423 533 2484 pice
556 2423 813 2481 fervefacta,
838 2435 881 2469 et
905 2427 1085 2470 maximi
1110 2425 1320 2488 ponderis
1345 2429 1459 2472 saxis
1483 2446 1628 2472 mora-

213 2502 396 2561 bantur,
421 2505 729 2567 moenibusque
753 2508 1117 2569 appropinquare
1141 2508 1454 2570 prohibebant.

276 2587 442 2630 XXIII.
480 2588 625 2632 Muris
649 2597 798 2632 autem
822 2589 1031 2633 omnibus
1056 2588 1226 2651 gallicis
1248 2590 1339 2635 haec
1365 2590 1455 2635 fere
1483 2591 1626 2636 forma

215 2676 290 2710 cst.
315 2668 478 2712 Trabes
504 2668 700 2723 directae,
735 2679 958 2730 perpetuae
990 2672 1035 2715 in
1067 2670 1414 2733 longitudinem,
1447 2674 1626 2735 paribus
