1972 3356
383 268 453 291 110
584 255 624 291 C.
647 255 776 290 JUL11
805 254 1027 291 CAESARIS
1054 254 1547 294 COMMENTARIORUM

379 338 598 399 Scipionis
625 337 892 383 viderentur.
921 339 988 384 Ita
1016 339 1167 384 Cassio
1192 339 1410 385 industria
1433 341 1648 398 Domitii,
1679 338 1761 388 Fa-

377 419 508 463 vonio
535 420 754 480 Scipionis
780 417 979 464 celeritas
1008 419 1193 465 salutem
1223 420 1382 466 attulit.

437 501 667 544 XXXVII.
692 500 866 561 Scipio,
892 500 1078 545 biduum
1105 502 1258 546 castris
1283 503 1450 547 stativis
1478 513 1676 547 moratus
1705 504 1762 549 ad

374 580 560 636 flumen,
583 580 704 642 quod
729 582 844 627 inter
868 598 969 626 eum
993 592 1037 627 et
1060 584 1246 628 Domitii
1271 600 1429 645 agmen
1454 584 1641 640 fluebat,
1667 585 1760 630 Ha-

374 658 658 716 liacmonem,
682 662 811 706 tertio
837 661 908 708 die
937 663 1077 724 prima
1103 661 1199 708 luce
1223 665 1463 709 exercitum
1488 664 1600 709 vado
1624 674 1762 710 trans-

376 741 524 797 ducit,
552 751 595 786 et
620 744 771 787 castris
799 744 979 805 positis,
1009 755 1189 805 postero
1224 744 1294 789 die
1325 762 1454 790 mane
1482 747 1630 807 copias
1657 755 1760 790 ante

373 822 565 867 frontem
604 833 854 868 castrorum
889 825 1034 870 struit.
1072 826 1297 870 Domitius
1333 835 1428 870 tum
1468 843 1644 887 quoque
1678 826 1762 870 sibi

327 942 331 947 .
374 902 669 947 dubitandum
700 921 788 948 non
826 906 1025 966 putavit,
1058 907 1195 967 quin,
1225 906 1452 967 productis
1485 906 1761 968 legionibus,

373 983 527 1045 proelio
548 983 803 1029 decertaret.
819 984 918 1041 Sed,
941 1002 1079 1045 quum
1099 996 1211 1030 esset
1229 987 1345 1031 inter
1364 987 1469 1032 bina
1488 997 1628 1032 castra
1647 1004 1761 1033 cam-

372 1081 453 1126 pus
472 1065 647 1108 circiter
673 1064 860 1110 millium
889 1081 1101 1127 passuum
1127 1082 1226 1122 seX,
1250 1068 1472 1112 Domitius
1497 1069 1648 1113 castris
1669 1070 1758 1113 Sci-

371 1145 516 1206 pionis
544 1146 681 1190 aciem
709 1163 832 1190 suam
858 1146 1044 1207 subjecit
1082 1163 1092 1191 :
1123 1145 1194 1191 ille
1223 1163 1249 1190 a
1278 1146 1392 1191 vallo
1421 1164 1510 1191 non
1539 1148 1760 1193 discedere

371 1228 665 1287 perseveravit
695 1243 704 1270 :
735 1237 929 1272 attamen
955 1243 1069 1289 aegre
1096 1229 1278 1272 retentis
1309 1229 1577 1273 Domitianis
1607 1227 1759 1272 militi-

369 1307 479 1363 bus,
503 1317 569 1351 est
596 1306 784 1363 factum,
813 1324 869 1352 ne
898 1306 1052 1369 proelio
1081 1308 1445 1366 contenderetur3
1470 1319 1514 1354 et
1541 1310 1762 1367 maxime,

369 1388 489 1449 quod
511 1389 630 1433 rivus
655 1388 907 1434 difficilibus
933 1390 1041 1451 ripis
1056 1424 1067 1446 ,
1091 1390 1246 1434 castris
1269 1390 1488 1451 Scipionis
1511 1390 1758 1451 subjectus,

372 1485 626 1531 progressus
650 1480 903 1514 nostrorum
927 1469 1206 1531 impediebat.
1223 1471 1429 1528 Quorum
1451 1470 1648 1515 studium
1673 1469 1758 1515 ala-

369 1551 656 1611 critatemque
677 1550 902 1612 pugnandi
925 1568 1062 1611 quum
1080 1552 1357 1614 cognovisset
1377 1552 1548 1613 Scipio,
1571 1552 1764 1613 suspica-

371 1641 437 1675 tus
461 1631 575 1687 fore,
600 1641 647 1675 ut
675 1641 851 1693 postero
877 1631 947 1676 die
973 1642 1050 1676 aut
1077 1632 1239 1676 invitus
1267 1631 1473 1676 dimicare
1498 1642 1758 1694 cogeretur,

368 1721 443 1756 aut
470 1729 626 1774 magna
649 1729 749 1756 cuin
773 1712 953 1757 infamia
977 1714 1130 1757 castris
1155 1729 1199 1757 se
1220 1713 1469 1769 continere,
1496 1713 1572 1773 qui
1597 1728 1758 1775 magna

369 1794 693 1854 exspectatione
726 1794 935 1848 venisset,
975 1803 1140 1837 temere
1177 1809 1435 1855 progressus
1471 1802 1645 1854 turpem
1679 1794 1757 1838 ha-

367 1874 463 1917 buit
495 1874 686 1928 exitum,
724 1883 766 1917 et
799 1883 962 1930 noctu,
1002 1890 1055 1917 ne
1092 1873 1374 1918 conclamatis
1410 1873 1586 1934 quidem
1624 1875 1763 1931 vasis,

367 1954 532 1999 flumen
560 1955 744 2008 transit3
773 1965 905 2016 atquc
935 1956 979 1999 in
1007 1955 1204 1999 eamdem
1233 1966 1427 2016 partem,
1451 1972 1503 2000 ex
1529 1971 1618 2016 qua
1635 1971 1765 2000 vene-

367 2046 460 2089 rat,
488 2035 643 2091 rediit3
678 2036 826 2097 ibique
853 2052 991 2098 prope
1020 2035 1184 2081 flumen
1213 2036 1333 2081 edito
1369 2047 1525 2081 natura
1561 2035 1658 2081 loco
1684 2052 1759 2080 ca-

369 2126 458 2161 stra
486 2119 646 2179 posuit.
677 2119 829 2162 Paucis
868 2117 1022 2162 diebus
1064 2118 1362 2179 interpositis,
1402 2128 1536 2163 noctu
1579 2116 1757 2162 insidias

368 2199 567 2259 equitum
593 2197 850 2255 collocavit,
871 2216 960 2260 quo
983 2200 1026 2243 in
1050 2198 1146 2244 loco
1169 2200 1470 2262 superioribus
1495 2199 1585 2243 fere
1606 2198 1758 2243 diebus

369 2280 504 2323 nostri
534 2278 731 2340 pabulari
759 2291 1093 2325 consueverant.
1132 2283 1186 2325 Et
1211 2297 1348 2342 quum
1376 2279 1633 2342 quotidiana
1659 2295 1758 2323 con-

367 2360 600 2405 suetudine
624 2363 679 2419 Q.
697 2365 869 2419 Varus,
893 2362 1121 2423 praefectus
1145 2363 1344 2424 equitum
1372 2361 1586 2418 Domitii,
1610 2361 1757 2404 venis-

367 2451 458 2499 set,
496 2443 642 2487 subito
676 2442 737 2487 illi
771 2459 824 2487 ex
859 2442 1025 2488 insidiis
1062 2452 1450 2488 consurrexerunt.
1494 2441 1579 2486 Sed
1619 2440 1758 2484 nostri

368 2521 543 2567 fortiter
579 2540 732 2569 eorum
762 2525 975 2585 impetum
1007 2523 1230 2577 tulerunt,
1259 2523 1548 2583 celeriterque
1576 2520 1631 2565 ad
1657 2536 1758 2564 suos

369 2603 556 2664 quisque
592 2604 768 2650 ordines
804 2603 952 2656 rediit,
984 2615 1113 2666 atque
1145 2603 1262 2649 ultro
1300 2603 1492 2648 universi
1526 2601 1571 2645 in
1609 2601 1758 2645 hostes

369 2682 581 2744 impetum
608 2685 821 2730 fecerunt.
858 2688 921 2730 Ex
945 2685 1011 2730 his
1033 2687 1208 2731 circiter
1233 2701 1353 2730 Lxxx
1375 2681 1638 2737 intersectis,
1665 2679 1762 2725 reli·
