1972 3356
423 259 494 283 122
627 247 667 282 C.
696 246 827 281 JULII
858 246 1078 281 CAESARIS
1108 246 1606 284 COMMENTARIORUM

420 349 501 393 pro
527 331 678 375 castris
703 331 946 373 exercitum
974 329 1298 384 constituebat,
1330 340 1376 374 ut
1413 332 1541 375 tertia
1573 334 1687 378 acies
1719 334 1812 379 val·

418 411 505 456 lum
536 412 831 474 contingeret,
858 411 1001 455 omnis
1029 409 1210 472 quidem
1241 411 1481 457 instructus
1506 414 1723 460 exercitus
1751 425 1817 460 te-

414 493 466 538 lis
493 510 542 537 cx
565 492 680 538 vallo
703 491 883 554 adjectis
907 493 1075 555 protegi
1102 502 1264 554 posset.

479 577 619 620 LVII.
641 575 746 620 Haec
773 591 910 636 quum
937 576 983 620 in
1011 574 1176 620 Achaia
1211 584 1344 637 atque
1376 574 1497 637 apud
1521 576 1820 637 Dyrrachium

417 667 697 720 gererentur,
723 658 1067 719 Scipionemque
1102 657 1147 701 in
1177 657 1487 701 Macedoniam
1513 657 1682 702 venisse
1711 674 1819 703 con-

415 750 571 795 staret,
594 757 682 784 non
707 737 872 784 oblitus
895 739 1073 801 pristini
1092 739 1281 782 instituti
1307 740 1466 796 Caesar,
1485 739 1618 784 mittit
1639 738 1694 784 ad
1718 756 1818 784 eum

413 820 647 878 Clodium,
674 837 805 866 suum
847 830 978 882 atque
1004 818 1121 864 illius
1153 818 1415 864 familiarem
1433 855 1444 874 ,
1478 837 1632 882 quern,
1663 821 1718 866 ab
1745 820 1820 865 illo

413 903 679 948 transditum
707 903 835 947 initio
861 913 904 947 et
927 901 1309 956 commendatum,
1339 903 1383 946 in
1412 918 1592 947 suorum
1623 919 1820 948 necessa-

412 986 581 1029 riorum
603 1001 788 1029 numero
811 984 974 1028 habere
992 984 1256 1028 instituerat.
1274 984 1390 1028 Huic
1405 983 1481 1027 dat
1500 982 1669 1029 litteras
1689 1001 1818 1029 man-

413 1067 604 1128 dataque
626 1065 681 1110 ad
708 1082 830 1120 eum,
847 1082 1040 1126 quorum
1070 1065 1162 1109 haec
1187 1073 1280 1109 erat
1308 1081 1479 1108 summa
1510 1082 1519 1109 ε
1544 1085 1565 1106 ι(
1595 1068 1696 1110 Sese
1721 1083 1819 1111 om-

415 1150 485 1191 nia
522 1147 575 1191 (le
613 1164 722 1208 pace
756 1156 985 1208 expertum
1021 1163 1029 1189 ε
1059 1144 1171 1190 nihil
1209 1144 1354 1189 adhuc
1387 1146 1592 1190 arbitrari
1629 1146 1818 1203 factum,

412 1230 520 1273 vitio
548 1245 725 1284 eorum,
754 1245 864 1289 quos
888 1244 981 1273 esse
1005 1237 1208 1272 auctores
1234 1228 1327 1288 ejus
1352 1228 1415 1271 rei
1443 1226 1676 1286 voluisset,
1699 1228 1820 1290 quod

411 1327 485 1355 sua
524 1309 728 1354 mandata
757 1310 951 1371 perferre
981 1327 1069 1354 non
1097 1319 1351 1372 opportuno
1382 1319 1578 1371 tempore
1607 1310 1661 1354 ad
1687 1312 1820 1355 Pom-

411 1392 560 1454 peium
585 1402 856 1437 vererentur.
884 1393 1134 1453 Scipionem
1162 1408 1213 1436 ea
1236 1408 1329 1436 esse
1355 1392 1643 1449 auctoritate,
1659 1401 1707 1436 ut
1730 1409 1817 1437 non

412 1473 553 1518 solum
571 1472 727 1531 libere,
745 1490 841 1534 quae
856 1474 1109 1535 probasset,
1131 1489 1378 1534 exponere,
1403 1473 1477 1517 sed
1502 1474 1636 1518 etiam
1661 1490 1820 1536 magna

410 1572 461 1599 ex
505 1565 629 1615 parte
672 1553 956 1616 compellere,
998 1563 1129 1614 atque
1169 1563 1390 1597 errantem
1430 1569 1583 1615 regere
1618 1565 1765 1615 posset
1808 1571 1818 1598 :

411 1652 597 1697 praeesse
624 1646 772 1680 autem
808 1652 887 1679 suo
919 1636 1097 1679 nomine
1119 1635 1353 1691 exercitui,
1390 1643 1458 1691 ut,
1486 1644 1645 1695 praeter
1671 1645 1821 1679 aucto-

410 1718 611 1774 ritatem,
641 1718 755 1762 vires
780 1734 959 1778 quoque
984 1715 1038 1761 ad
1070 1716 1362 1761 coercendum
1387 1715 1572 1761 haberet
1597 1734 1606 1759 :
1637 1715 1758 1778 quod
1784 1718 1819 1761 si

411 1799 608 1855 fecisset,
639 1800 833 1859 quietem
862 1797 1024 1852 Italiae,
1056 1814 1208 1858 pacem
1245 1797 1601 1857 provinciarum,
1631 1797 1819 1842 salutem

412 1880 606 1940 imperii,
642 1881 717 1923 uni
749 1896 903 1923 omnes
929 1887 1156 1939 acceptam
1192 1876 1421 1922 relaturos.
1452 1897 1473 1919 2>
1506 1879 1609 1922 Haec
1638 1877 1693 1922 ad
1719 1895 1819 1922 eum

411 1960 618 2005 mandata
656 1960 840 2006 Clodius
881 1960 1027 2004 rcfert.
1060 1962 1122 2004 Ac
1162 1958 1316 2021 primis
1352 1958 1536 2015 diebus,
1571 1968 1619 2002 ut
1647 1958 1823 2003 videba-

410 2052 510 2098 tur,
537 2042 725 2087 libenter
763 2041 964 2095 auditus3
1003 2040 1182 2102 reliquis
1219 2041 1273 2085 ad
1306 2039 1578 2101 colloquium
1617 2057 1705 2084 non
1742 2039 1820 2084 ad-

410 2124 629 2178 mittitur,
664 2125 877 2185 castigato
905 2124 1113 2184 Scipione
1146 2139 1168 2166 a
1198 2122 1419 2171 Favonio,
1452 2131 1501 2165 ut
1534 2131 1687 2182 postea
1716 2138 1822 2166 con-

410 2205 525 2250 fecto
544 2205 660 2251 bello
681 2205 1008 2267 reperiebamus
1034 2222 1042 2248 :
1062 2204 1311 2265 infectaque
1333 2219 1381 2247 re
1406 2219 1498 2247 sese
1522 2201 1575 2246 ad
1601 2205 1819 2248 Caesarem

410 2288 590 2348 recepit.
1419 2338 1423 2341 ,

475 2369 637 2412 LVIII.
675 2370 843 2425 Caesar,
883 2384 972 2429 quo
1006 2367 1178 2413 facilius
1213 2369 1459 2428 equitatum
1498 2365 1817 2426 Pompeianum

410 2448 464 2493 ad
493 2450 791 2510 Dyrrachium
823 2451 1094 2506 contineret,
1131 2459 1175 2493 et
1212 2448 1497 2511 pabulatione
1533 2445 1816 2509 prohiberet,

411 2530 556 2575 aditus
575 2530 707 2589 duos,
723 2548 834 2593 quos
857 2547 950 2575 esse
979 2541 1192 2593 angustos
1210 2529 1628 2583 demonstravimus,
1645 2527 1816 2588 magnis

410 2613 616 2673 operibus
644 2613 950 2675 praemunivit,
980 2612 1245 2675 castellaque
1276 2613 1344 2656 his
1368 2610 1473 2655 locis
1498 2609 1659 2670 posuit.
1690 2609 1819 2652 Pom-

412 2694 556 2753 peius,
588 2704 635 2738 ut
672 2694 780 2739 nihil
810 2694 965 2756 profici
995 2696 1194 2755 equitatu
1224 2693 1458 2756 cognovit,
1497 2689 1648 2752 paucis
1681 2693 1818 2736 inter-
