1972 3356
432 258 502 295 166
659 258 696 292 C.
721 256 849 292 JULII
879 257 1097 292 CAESARIS
1126 257 1389 293 COMMENT.
1420 260 1565 295 LIBER

491 335 593 385 IX&
602 343 694 384 Hac
723 340 923 384 oratione
953 339 1071 401 apud
1105 356 1206 384 suos
1236 340 1412 397 habita,
1444 351 1574 401 atque
1603 344 1798 388 omnium

428 419 647 465 mentibus
670 420 868 464 excitatis
884 453 895 474 ,
922 418 996 463 dat
1021 419 1352 464 centurionibus
1375 420 1619 481 negotium,
1641 431 1710 478 ut,
1733 439 1802 466 re-

425 498 557 559 liquis
580 499 785 560 operibus
806 499 1082 555 intermissis,
1108 498 1162 543 ad
1185 498 1414 543 fodiendos
1434 509 1588 559 puteos
1606 501 1801 545 animum

428 579 659 624 conferant
676 614 689 636 ,
714 596 822 624 neve
849 596 979 641 quam
1007 588 1176 640 partem
1204 567 1407 623 nocturni
1439 580 1643 641 temporis
1669 581 1804 624 inter-

427 660 619 704 mittant.
639 653 743 720 Quo
766 669 967 721 suscepto
987 660 1184 722 negotio,
1205 667 1334 720 atque
1353 659 1551 703 omnium
1574 659 1727 704 animis
1749 659 1804 704 ad

429 739 623 783 laborem
650 740 863 796 incitatis,
888 756 1045 801 magna
1072 756 1156 783 una
1180 749 1308 783 nocte
1330 740 1395 783 vis
1424 755 1544 799 aquae
1571 738 1707 784 dulcis
1734 740 1802 784 in·

428 828 557 863 venta
575 828 651 864 est.
677 821 743 863 Ita
767 820 959 880 operosis
983 818 1377 864 Alexandrinorum
1407 819 1804 864 machinationibus

428 899 714 959 maximisque
737 898 962 943 conatibus
985 915 1074 943 non
1103 896 1222 960 longi
1247 899 1454 959 temporis
1477 897 1628 943 labore
1657 915 1806 944 occur-

429 995 525 1022 sum
551 988 630 1023 est.
648 980 711 1022 Eo
735 978 872 1022 biduo
898 977 1009 1039 legio
1036 994 1198 1022 xxxvn
1224 995 1276 1022 ex
1303 977 1510 1022 dedititiis
1531 980 1804 1040 Pompeianis

432 1057 665 1114 militibus,
694 1073 793 1101 cum
822 1057 1068 1111 frumento,
1098 1058 1258 1113 armis,
1288 1056 1407 1113 telis,
1438 1059 1693 1113 tormentis,
1722 1060 1804 1103 im-

429 1139 571 1200 posita
601 1138 646 1181 in
678 1153 808 1181 naves
844 1152 868 1180 a
900 1138 1096 1181 Domitio
1127 1135 1337 1189 Calvino,
1369 1137 1422 1180 ad
1461 1136 1589 1182 litora
1625 1138 1804 1194 Africae,

429 1216 561 1279 paulo
593 1233 724 1279 supra
750 1215 1077 1272 Alexandriam,
1105 1216 1244 1260 delata
1278 1226 1356 1261 est.
1385 1218 1462 1261 Hae
1495 1233 1625 1261 naves
1659 1219 1804 1273 Euro,

430 1298 505 1358 qui
535 1296 696 1341 multos
725 1296 815 1341 dies
840 1297 1116 1341 continenter
1142 1295 1293 1353 flabat,
1319 1306 1497 1357 portum
1525 1313 1677 1358 capere
1704 1314 1806 1359 pro-

430 1378 695 1423 hibebantur
721 1395 731 1422 ε
757 1377 830 1422 sed
852 1376 948 1422 loca
975 1387 1076 1421 sunt
1102 1378 1274 1438 egregia
1300 1377 1419 1421 omni
1452 1375 1525 1421 illa
1548 1377 1725 1439 regione
1751 1377 1807 1421 ad

432 1457 643 1503 tenendas
660 1474 857 1502 ancoras.
873 1457 930 1501 Hi
950 1474 1087 1518 quum
1107 1456 1181 1500 diu
1202 1456 1510 1515 retinerentur,
1530 1466 1662 1518 atque
1682 1473 1803 1518 aquae

430 1539 577 1599 inopia
610 1548 926 1599 premerentur,
962 1538 1138 1597 navigio
1171 1539 1367 1581 actuario
1396 1539 1607 1581 Caesarem
1639 1537 1805 1582 faciunt

431 1619 673 1663 certiorem.

495 1699 549 1741 X.
577 1699 736 1755 Caesar,
765 1707 813 1742 ut
844 1713 920 1759 per
953 1715 997 1742 se
1028 1696 1258 1742 consilium
1285 1707 1484 1758 caperet,
1514 1697 1619 1758 quid
1647 1696 1806 1742 facien-

432 1778 535 1821 dum
559 1777 794 1834 videretur,
814 1779 959 1820 navim
982 1776 1257 1826 conscendit,
1279 1786 1409 1837 atque
1431 1793 1602 1820 omnem
1626 1776 1805 1822 classem

413 1875 476 1909 ,se
505 1858 624 1918 sequi
644 1857 798 1917 jussit,
819 1855 951 1901 nullis
978 1858 1138 1900 nostris
1165 1855 1376 1900 militibus
1401 1857 1638 1917 impositis,
1666 1857 1806 1917 quod,

432 1954 568 1998 quum
593 1936 765 1998 longius
785 1935 916 1998 paulo
937 1935 1198 1994 discederet,
1223 1936 1488 1981 munitiones
1509 1935 1674 1981 nudare
1694 1935 1808 1981 nole-

432 2018 520 2061 bat.
542 2017 782 2077 Quumque
801 2016 855 2060 ad
873 2032 973 2060 eum
993 2014 1138 2061 locum
1162 2017 1436 2074 accessisset,
1463 2016 1538 2077 qui
1563 2015 1808 2078 appellatur

434 2098 751 2153 Chersonesus,
777 2095 1054 2158 aquandique
1087 2113 1218 2141 causa
1251 2097 1436 2159 remiges
1463 2098 1509 2141 in
1544 2107 1703 2142 terram
1733 2114 1808 2142 ex-

434 2179 676 2239 posuisset,
703 2175 903 2221 nonnulli
926 2193 978 2221 ex
1001 2194 1052 2221 eo
1083 2193 1292 2235 numero,
1321 2193 1457 2237 quum
1483 2176 1656 2239 longius
1683 2194 1707 2222 a
1731 2193 1808 2221 na·

435 2257 559 2301 vibus
581 2258 822 2319 praedatum
839 2258 1167 2318 processissent,
1185 2257 1239 2301 ab
1258 2257 1474 2318 equitibus
1499 2257 1690 2302 hostium
1708 2266 1808 2302 sunt

435 2338 602 2397 excepti
629 2355 637 2380 ε
668 2354 715 2381 ex
747 2338 797 2382 iis
828 2347 1152 2398 cognoverunt,
1181 2339 1394 2382 Caesarem
1421 2338 1564 2398 ipsum
1594 2338 1638 2381 in
1672 2336 1805 2381 classe

436 2418 633 2472 venisse,
666 2434 745 2460 nec
779 2416 889 2461 ullos
923 2415 1079 2461 milites
1114 2418 1156 2460 in
1199 2417 1381 2461 navibus
1415 2416 1588 2461 habere.
1624 2417 1722 2474 Qua
1760 2433 1807 2460 re

437 2507 687 2558 comperta,
720 2513 921 2559 magnam
953 2496 1032 2541 sibi
1065 2497 1317 2542 facultatem
1353 2496 1571 2541 fortunam
1599 2495 1807 2541 obtulisse

436 2578 544 2621 hene
562 2577 759 2639 gerendae
777 2579 839 2622 rei
861 2576 1151 2622 crediderunt.
1170 2580 1323 2639 Itaque
1341 2593 1469 2621 naves
1483 2593 1654 2632 omnes,
1675 2592 1806 2637 quam

438 2667 608 2717 paratas
631 2657 874 2702 habuerant
900 2656 953 2700 ad
981 2658 1294 2719 navigandum,
1317 2656 1712 2718 propugnatoribus
1742 2657 1807 2700 in-
