<?xml version="1.0" encoding="UTF-8"?>
<!DOCTYPE html PUBLIC "-//W3C//DTD XHTML 1.0 Transitional//EN"
    "http://www.w3.org/TR/xhtml1/DTD/xhtml1-transitional.dtd">
<html xmlns="http://www.w3.org/1999/xhtml" xml:lang="en" lang="en">
 <head>
  <title>
</title>
<meta http-equiv="Content-Type" content="text/html;charset=utf-8" />
  <meta name='ocr-system' content='tesseract 3.04.00' />
  <meta name='ocr-capabilities' content='ocr_page ocr_carea ocr_par ocr_line ocrx_word'/>
</head>
<body>
  <div class='ocr_page' id='page_1' title='image "./operajoh0102caesuoft_0089.png"; bbox 0 0 1972 3356; ppageno 0'>
   <div class='ocr_carea' id='block_1_1' title="bbox 558 225 1614 270">
    <p class='ocr_par' dir='ltr' id='par_1_1' title="bbox 558 225 1614 270">
     <span class='ocr_line' id='line_1_1' title="bbox 558 225 1614 270; baseline 0.003 -10"><span class='ocrx_word' id='word_1_1' title='bbox 558 225 623 260; x_wconf 81' lang='lat' dir='ltr'>DE</span> <span class='ocrx_word' id='word_1_2' title='bbox 654 225 815 260; x_wconf 84' lang='lat' dir='ltr'>BELLO</span> <span class='ocrx_word' id='word_1_3' title='bbox 846 225 1066 260; x_wconf 65' lang='lat' dir='ltr'>GALLICO</span> <span class='ocrx_word' id='word_1_4' title='bbox 1099 226 1189 259; x_wconf 86' lang='lat' dir='ltr'><strong>LIB.</strong></span> <span class='ocrx_word' id='word_1_5' title='bbox 1216 227 1281 262; x_wconf 74' lang='lat'>111.</span> <span class='ocrx_word' id='word_1_6' title='bbox 1569 227 1614 270; x_wconf 79' lang='lat' dir='ltr'>G7</span> 
     </span>
    </p>
   </div>
   <div class='ocr_carea' id='block_1_2' title="bbox 210 308 1616 2640">
    <p class='ocr_par' dir='ltr' id='par_1_2' title="bbox 210 308 1616 2640">
     <span class='ocr_line' id='line_1_2' title="bbox 218 308 1616 371; baseline 0.002 -18"><span class='ocrx_word' id='word_1_7' title='bbox 218 319 337 354; x_wconf 76' lang='lat' dir='ltr'>tanta</span> <span class='ocrx_word' id='word_1_8' title='bbox 359 326 494 354; x_wconf 85' lang='lat' dir='ltr'>onera</span> <span class='ocrx_word' id='word_1_9' title='bbox 520 310 698 353; x_wconf 81' lang='lat' dir='ltr'>navium</span> <span class='ocrx_word' id='word_1_10' title='bbox 725 311 819 371; x_wconf 85' lang='lat' dir='ltr'>regi</span> <span class='ocrx_word' id='word_1_11' title='bbox 844 308 950 353; x_wconf 80' lang='lat' dir='ltr'>velis</span> <span class='ocrx_word' id='word_1_12' title='bbox 976 327 1064 354; x_wconf 84' lang='lat' dir='ltr'>non</span> <span class='ocrx_word' id='word_1_13' title='bbox 1093 312 1196 355; x_wconf 85' lang='lat' dir='ltr'>satis</span> <span class='ocrx_word' id='word_1_14' title='bbox 1220 311 1476 365; x_wconf 85' lang='lat' dir='ltr'>commode,</span> <span class='ocrx_word' id='word_1_15' title='bbox 1504 313 1616 356; x_wconf 85' lang='lat' dir='ltr'>arbi—</span> 
     </span>
     <span class='ocr_line' id='line_1_3' title="bbox 217 390 1615 453; baseline 0.004 -20"><span class='ocrx_word' id='word_1_16' title='bbox 217 390 464 435; x_wconf 81' lang='lat' dir='ltr'>trabantur.</span> <span class='ocrx_word' id='word_1_17' title='bbox 492 394 607 435; x_wconf 80' lang='lat' dir='ltr'>Cum</span> <span class='ocrx_word' id='word_1_18' title='bbox 633 391 699 434; x_wconf 83' lang='lat' dir='ltr'>liis</span> <span class='ocrx_word' id='word_1_19' title='bbox 726 391 910 434; x_wconf 82' lang='lat' dir='ltr'>navibus</span> <span class='ocrx_word' id='word_1_20' title='bbox 936 400 1097 435; x_wconf 84' lang='lat' dir='ltr'>nostrae</span> <span class='ocrx_word' id='word_1_21' title='bbox 1122 390 1248 436; x_wconf 83' lang='lat' dir='ltr'>classi</span> <span class='ocrx_word' id='word_1_22' title='bbox 1272 393 1489 453; x_wconf 90' lang='lat' dir='ltr'>ejusmodi</span> <span class='ocrx_word' id='word_1_23' title='bbox 1512 411 1615 438; x_wconf 91' lang='lat' dir='ltr'>con-</span> 
     </span>
     <span class='ocr_line' id='line_1_4' title="bbox 216 470 1616 536; baseline 0.003 -21"><span class='ocrx_word' id='word_1_24' title='bbox 216 488 390 532; x_wconf 82' lang='lat' dir='ltr'>gressus</span> <span class='ocrx_word' id='word_1_25' title='bbox 420 481 540 527; x_wconf 86' lang='lat' dir='ltr'>erat,</span> <span class='ocrx_word' id='word_1_26' title='bbox 571 481 621 514; x_wconf 91' lang='lat' dir='ltr'>ut</span> <span class='ocrx_word' id='word_1_27' title='bbox 657 488 743 514; x_wconf 89' lang='lat' dir='ltr'>una</span> <span class='ocrx_word' id='word_1_28' title='bbox 775 470 1000 515; x_wconf 83' lang='lat' dir='ltr'>celeritate</span> <span class='ocrx_word' id='word_1_29' title='bbox 1024 481 1068 515; x_wconf 83' lang='lat' dir='ltr'>et</span> <span class='ocrx_word' id='word_1_30' title='bbox 1096 471 1226 533; x_wconf 88' lang='lat' dir='ltr'>pulsu</span> <span class='ocrx_word' id='word_1_31' title='bbox 1253 490 1478 518; x_wconf 84' lang='lat' dir='ltr'>remorum</span> <span class='ocrx_word' id='word_1_32' title='bbox 1504 492 1616 536; x_wconf 83' lang='lat' dir='ltr'>prae-</span> 
     </span>
     <span class='ocr_line' id='line_1_5' title="bbox 216 551 1612 615; baseline 0.003 -19"><span class='ocrx_word' id='word_1_33' title='bbox 216 562 380 609; x_wconf 82' lang='lat' dir='ltr'>staret3</span> <span class='ocrx_word' id='word_1_34' title='bbox 410 552 606 613; x_wconf 86' lang='lat' dir='ltr'>reliqua,</span> <span class='ocrx_word' id='word_1_35' title='bbox 637 568 719 612; x_wconf 87' lang='lat' dir='ltr'>pro</span> <span class='ocrx_word' id='word_1_36' title='bbox 749 551 834 595; x_wconf 87' lang='lat' dir='ltr'>loci</span> <span class='ocrx_word' id='word_1_37' title='bbox 861 561 1048 609; x_wconf 85' lang='lat' dir='ltr'>natura,</span> <span class='ocrx_word' id='word_1_38' title='bbox 1076 568 1158 612; x_wconf 87' lang='lat' dir='ltr'>pro</span> <span class='ocrx_word' id='word_1_39' title='bbox 1191 554 1235 596; x_wconf 89' lang='lat' dir='ltr'>vi</span> <span class='ocrx_word' id='word_1_40' title='bbox 1272 564 1612 615; x_wconf 81' lang='lat' dir='ltr'>tempestatum,</span> 
     </span>
     <span class='ocr_line' id='line_1_6' title="bbox 216 631 1614 695; baseline 0.003 -19"><span class='ocrx_word' id='word_1_41' title='bbox 216 632 301 676; x_wconf 85' lang='lat' dir='ltr'>illis</span> <span class='ocrx_word' id='word_1_42' title='bbox 340 642 482 676; x_wconf 83' lang='lat' dir='ltr'><strong>essent</strong></span> <span class='ocrx_word' id='word_1_43' title='bbox 519 633 691 693; x_wconf 81' lang='lat' dir='ltr'>aptiora</span> <span class='ocrx_word' id='word_1_44' title='bbox 724 642 767 675; x_wconf 90' lang='lat' dir='ltr'>et</span> <span class='ocrx_word' id='word_1_45' title='bbox 811 631 1217 677; x_wconf 78' lang='lat' dir='ltr'>accommodatiora</span> <span class='ocrx_word' id='word_1_46' title='bbox 1260 651 1269 677; x_wconf 93' lang='lat'><strong>:</strong></span> <span class='ocrx_word' id='word_1_47' title='bbox 1313 651 1458 695; x_wconf 88' lang='lat' dir='ltr'>neque</span> <span class='ocrx_word' id='word_1_48' title='bbox 1496 638 1614 680; x_wconf 88' lang='lat' dir='ltr'>enim</span> 
     </span>
     <span class='ocr_line' id='line_1_7' title="bbox 215 714 1613 775; baseline 0.003 -18"><span class='ocrx_word' id='word_1_49' title='bbox 215 714 282 757; x_wconf 88' lang='lat' dir='ltr'>his</span> <span class='ocrx_word' id='word_1_50' title='bbox 306 723 466 757; x_wconf 86' lang='lat' dir='ltr'>nostrae</span> <span class='ocrx_word' id='word_1_51' title='bbox 494 723 639 757; x_wconf 89' lang='lat' dir='ltr'>rostro</span> <span class='ocrx_word' id='word_1_52' title='bbox 666 729 825 757; x_wconf 89' lang='lat' dir='ltr'>nocere</span> <span class='ocrx_word' id='word_1_53' title='bbox 849 723 1057 774; x_wconf 77' lang='lat' dir='ltr'>poterant</span> <span class='ocrx_word' id='word_1_54' title='bbox 1081 715 1224 775; x_wconf 73' lang='lat' dir='ltr'>(tanta</span> <span class='ocrx_word' id='word_1_55' title='bbox 1254 715 1298 758; x_wconf 91' lang='lat' dir='ltr'>in</span> <span class='ocrx_word' id='word_1_56' title='bbox 1330 716 1390 759; x_wconf 91' lang='lat' dir='ltr'>eis</span> <span class='ocrx_word' id='word_1_57' title='bbox 1417 727 1512 759; x_wconf 88' lang='lat' dir='ltr'>erat</span> <span class='ocrx_word' id='word_1_58' title='bbox 1540 718 1613 761; x_wconf 83' lang='lat' dir='ltr'>fir-</span> 
     </span>
     <span class='ocr_line' id='line_1_8' title="bbox 214 793 1614 859; baseline 0.002 -21"><span class='ocrx_word' id='word_1_59' title='bbox 214 794 430 855; x_wconf 87' lang='lat' dir='ltr'>mitudo);</span> <span class='ocrx_word' id='word_1_60' title='bbox 461 811 603 855; x_wconf 85' lang='lat' dir='ltr'>neque</span> <span class='ocrx_word' id='word_1_61' title='bbox 639 804 823 855; x_wconf 90' lang='lat' dir='ltr'>propter</span> <span class='ocrx_word' id='word_1_62' title='bbox 853 793 1136 838; x_wconf 75' lang='lat' dir='ltr'>altitudinem</span> <span class='ocrx_word' id='word_1_63' title='bbox 1171 794 1299 839; x_wconf 88' lang='lat' dir='ltr'>facile</span> <span class='ocrx_word' id='word_1_64' title='bbox 1334 795 1470 840; x_wconf 86' lang='lat' dir='ltr'>telum</span> <span class='ocrx_word' id='word_1_65' title='bbox 1505 798 1614 859; x_wconf 85' lang='lat' dir='ltr'>adji-</span> 
     </span>
     <span class='ocr_line' id='line_1_9' title="bbox 212 874 1612 939; baseline 0.002 -20"><span class='ocrx_word' id='word_1_66' title='bbox 212 875 436 931; x_wconf 79' lang='lat' dir='ltr'>ciebatur3</span> <span class='ocrx_word' id='word_1_67' title='bbox 460 886 505 919; x_wconf 89' lang='lat' dir='ltr'>et</span> <span class='ocrx_word' id='word_1_68' title='bbox 529 875 682 919; x_wconf 90' lang='lat' dir='ltr'>eadem</span> <span class='ocrx_word' id='word_1_69' title='bbox 711 874 765 918; x_wconf 92' lang='lat' dir='ltr'>de</span> <span class='ocrx_word' id='word_1_70' title='bbox 794 891 924 919; x_wconf 87' lang='lat' dir='ltr'>causa</span> <span class='ocrx_word' id='word_1_71' title='bbox 956 876 1104 919; x_wconf 88' lang='lat' dir='ltr'>minus</span> <span class='ocrx_word' id='word_1_72' title='bbox 1138 876 1423 920; x_wconf 82' lang='lat' dir='ltr'>incommode</span> <span class='ocrx_word' id='word_1_73' title='bbox 1455 893 1612 939; x_wconf 74' lang='lat' dir='ltr'>scopu=</span> 
     </span>
     <span class='ocr_line' id='line_1_10' title="bbox 215 955 1612 1017; baseline 0.004 -18"><span class='ocrx_word' id='word_1_74' title='bbox 215 955 264 1000; x_wconf 88' lang='lat' dir='ltr'>lis</span> <span class='ocrx_word' id='word_1_75' title='bbox 298 957 657 1001; x_wconf 74' lang='lat' dir='ltr'>continebantur.</span> <span class='ocrx_word' id='word_1_76' title='bbox 684 955 956 1011; x_wconf 81' lang='lat' dir='ltr'>Accedebat,</span> <span class='ocrx_word' id='word_1_77' title='bbox 992 965 1060 1010; x_wconf 87' lang='lat' dir='ltr'>ut,</span> <span class='ocrx_word' id='word_1_78' title='bbox 1093 973 1232 1017; x_wconf 89' lang='lat' dir='ltr'>quum</span> <span class='ocrx_word' id='word_1_79' title='bbox 1266 958 1417 1002; x_wconf 85' lang='lat' dir='ltr'>saevire</span> <span class='ocrx_word' id='word_1_80' title='bbox 1453 970 1612 1004; x_wconf 84' lang='lat' dir='ltr'>ventus</span> 
     </span>
     <span class='ocr_line' id='line_1_11' title="bbox 212 1036 1611 1098; baseline 0.002 -17"><span class='ocrx_word' id='word_1_81' title='bbox 212 1039 437 1098; x_wconf 85' lang='lat' dir='ltr'>coepisset,</span> <span class='ocrx_word' id='word_1_82' title='bbox 466 1048 510 1082; x_wconf 91' lang='lat' dir='ltr'>et</span> <span class='ocrx_word' id='word_1_83' title='bbox 537 1054 581 1082; x_wconf 90' lang='lat' dir='ltr'>se</span> <span class='ocrx_word' id='word_1_84' title='bbox 606 1046 740 1081; x_wconf 89' lang='lat' dir='ltr'>vento</span> <span class='ocrx_word' id='word_1_85' title='bbox 766 1036 1018 1093; x_wconf 75' lang='lat' dir='ltr'>dedissent,</span> <span class='ocrx_word' id='word_1_86' title='bbox 1041 1047 1083 1081; x_wconf 91' lang='lat' dir='ltr'>et</span> <span class='ocrx_word' id='word_1_87' title='bbox 1108 1047 1419 1098; x_wconf 80' lang='lat' dir='ltr'>tempestatem</span> <span class='ocrx_word' id='word_1_88' title='bbox 1445 1039 1611 1084; x_wconf 83' lang='lat' dir='ltr'>ferrent</span> 
     </span>
     <span class='ocr_line' id='line_1_12' title="bbox 216 1118 1603 1176; baseline 0.003 -14"><span class='ocrx_word' id='word_1_89' title='bbox 216 1118 406 1176; x_wconf 79' lang='lat' dir='ltr'>facilius,</span> <span class='ocrx_word' id='word_1_90' title='bbox 437 1129 479 1162; x_wconf 89' lang='lat' dir='ltr'>et</span> <span class='ocrx_word' id='word_1_91' title='bbox 508 1121 551 1162; x_wconf 92' lang='lat' dir='ltr'>in</span> <span class='ocrx_word' id='word_1_92' title='bbox 580 1118 701 1162; x_wconf 84' lang='lat' dir='ltr'>vadis</span> <span class='ocrx_word' id='word_1_93' title='bbox 729 1120 1023 1162; x_wconf 82' lang='lat' dir='ltr'>consisterent</span> <span class='ocrx_word' id='word_1_94' title='bbox 1049 1119 1208 1175; x_wconf 85' lang='lat' dir='ltr'>tutius,</span> <span class='ocrx_word' id='word_1_95' title='bbox 1234 1129 1299 1175; x_wconf 91' lang='lat' dir='ltr'>et,</span> <span class='ocrx_word' id='word_1_96' title='bbox 1327 1120 1381 1163; x_wconf 88' lang='lat' dir='ltr'>ab</span> <span class='ocrx_word' id='word_1_97' title='bbox 1402 1131 1510 1165; x_wconf 82' lang='lat' dir='ltr'>aestu</span> <span class='ocrx_word' id='word_1_98' title='bbox 1537 1121 1603 1165; x_wconf 85' lang='lat' dir='ltr'>de-</span> 
     </span>
     <span class='ocr_line' id='line_1_13' title="bbox 212 1197 1611 1261; baseline 0.003 -19"><span class='ocrx_word' id='word_1_99' title='bbox 212 1197 394 1255; x_wconf 82' lang='lat' dir='ltr'>relictae,</span> <span class='ocrx_word' id='word_1_100' title='bbox 429 1199 539 1243; x_wconf 89' lang='lat' dir='ltr'>nihil</span> <span class='ocrx_word' id='word_1_101' title='bbox 571 1217 673 1244; x_wconf 80' lang='lat' dir='ltr'>saxa</span> <span class='ocrx_word' id='word_1_102' title='bbox 707 1209 752 1243; x_wconf 87' lang='lat' dir='ltr'>et</span> <span class='ocrx_word' id='word_1_103' title='bbox 780 1209 929 1243; x_wconf 87' lang='lat' dir='ltr'>cautes</span> <span class='ocrx_word' id='word_1_104' title='bbox 961 1200 1168 1243; x_wconf 85' lang='lat' dir='ltr'>timerent</span> <span class='ocrx_word' id='word_1_105' title='bbox 1197 1217 1208 1243; x_wconf 72' lang='grc' dir='ltr'><strong><em>ε</em></strong></span> <span class='ocrx_word' id='word_1_106' title='bbox 1239 1217 1427 1261; x_wconf 88' lang='lat' dir='ltr'>quarum</span> <span class='ocrx_word' id='word_1_107' title='bbox 1464 1219 1611 1246; x_wconf 89' lang='lat' dir='ltr'>rerum</span> 
     </span>
     <span class='ocr_line' id='line_1_14' title="bbox 212 1280 1492 1326; baseline 0.002 -3"><span class='ocrx_word' id='word_1_108' title='bbox 212 1281 412 1324; x_wconf 86' lang='lat' dir='ltr'>omnium</span> <span class='ocrx_word' id='word_1_109' title='bbox 444 1281 607 1325; x_wconf 84' lang='lat' dir='ltr'>nostris</span> <span class='ocrx_word' id='word_1_110' title='bbox 635 1280 824 1324; x_wconf 88' lang='lat' dir='ltr'>navibus</span> <span class='ocrx_word' id='word_1_111' title='bbox 854 1296 980 1323; x_wconf 88' lang='lat' dir='ltr'>casus</span> <span class='ocrx_word' id='word_1_112' title='bbox 1006 1290 1135 1324; x_wconf 87' lang='lat' dir='ltr'>erant</span> <span class='ocrx_word' id='word_1_113' title='bbox 1161 1281 1492 1326; x_wconf 85' lang='lat' dir='ltr'>extimescendi.</span> 
     </span>
     <span class='ocr_line' id='line_1_15' title="bbox 279 1360 1611 1422; baseline 0.002 -16"><span class='ocrx_word' id='word_1_114' title='bbox 279 1363 399 1406; x_wconf 89' lang='lat' dir='ltr'>XIV.</span> <span class='ocrx_word' id='word_1_115' title='bbox 439 1360 756 1422; x_wconf 78' lang='lat' dir='ltr'>Compluribus</span> <span class='ocrx_word' id='word_1_116' title='bbox 797 1361 1061 1422; x_wconf 83' lang='lat' dir='ltr'>expugnatis</span> <span class='ocrx_word' id='word_1_117' title='bbox 1098 1362 1300 1421; x_wconf 84' lang='lat' dir='ltr'>oppidis,</span> <span class='ocrx_word' id='word_1_118' title='bbox 1339 1365 1500 1420; x_wconf 68' lang='lat' dir='ltr'>Caesar,</span> <span class='ocrx_word' id='word_1_119' title='bbox 1536 1365 1611 1408; x_wconf 89' lang='lat' dir='ltr'>ubi</span> 
     </span>
     <span class='ocr_line' id='line_1_16' title="bbox 211 1440 1607 1503; baseline 0.002 -17"><span class='ocrx_word' id='word_1_120' title='bbox 211 1441 428 1486; x_wconf 82' lang='lat' dir='ltr'>intellexit</span> <span class='ocrx_word' id='word_1_121' title='bbox 451 1441 614 1486; x_wconf 83' lang='lat' dir='ltr'>frustra</span> <span class='ocrx_word' id='word_1_122' title='bbox 646 1451 822 1485; x_wconf 88' lang='lat' dir='ltr'>tantum</span> <span class='ocrx_word' id='word_1_123' title='bbox 850 1440 1048 1485; x_wconf 86' lang='lat' dir='ltr'>laborem</span> <span class='ocrx_word' id='word_1_124' title='bbox 1073 1443 1214 1499; x_wconf 89' lang='lat' dir='ltr'>sumi,</span> <span class='ocrx_word' id='word_1_125' title='bbox 1243 1459 1386 1503; x_wconf 90' lang='lat' dir='ltr'>neque</span> <span class='ocrx_word' id='word_1_126' title='bbox 1412 1445 1607 1488; x_wconf 89' lang='lat' dir='ltr'>hostium</span> 
     </span>
     <span class='ocr_line' id='line_1_17' title="bbox 211 1523 1610 1587; baseline 0.003 -20"><span class='ocrx_word' id='word_1_127' title='bbox 211 1523 361 1585; x_wconf 83' lang='lat' dir='ltr'>fugam</span> <span class='ocrx_word' id='word_1_128' title='bbox 391 1525 531 1584; x_wconf 87' lang='lat' dir='ltr'>captis</span> <span class='ocrx_word' id='word_1_129' title='bbox 559 1523 736 1585; x_wconf 89' lang='lat' dir='ltr'>oppidis</span> <span class='ocrx_word' id='word_1_130' title='bbox 767 1524 980 1584; x_wconf 86' lang='lat' dir='ltr'>reprimi,</span> <span class='ocrx_word' id='word_1_131' title='bbox 1011 1541 1153 1585; x_wconf 89' lang='lat' dir='ltr'>neque</span> <span class='ocrx_word' id='word_1_132' title='bbox 1184 1524 1250 1568; x_wconf 89' lang='lat' dir='ltr'>his</span> <span class='ocrx_word' id='word_1_133' title='bbox 1280 1527 1431 1569; x_wconf 85' lang='lat' dir='ltr'>noceri</span> <span class='ocrx_word' id='word_1_134' title='bbox 1463 1543 1610 1587; x_wconf 87' lang='lat' dir='ltr'>posse,</span> 
     </span>
     <span class='ocr_line' id='line_1_18' title="bbox 212 1603 1612 1669; baseline 0.003 -21"><span class='ocrx_word' id='word_1_135' title='bbox 212 1605 367 1648; x_wconf 90' lang='lat' dir='ltr'>statuit</span> <span class='ocrx_word' id='word_1_136' title='bbox 385 1605 726 1665; x_wconf 84' lang='lat' dir='ltr'>exspectandam</span> <span class='ocrx_word' id='word_1_137' title='bbox 748 1603 1073 1664; x_wconf 85' lang='lat' dir='ltr'>classem.Quae</span> <span class='ocrx_word' id='word_1_138' title='bbox 1097 1606 1172 1649; x_wconf 93' lang='lat' dir='ltr'>ubi</span> <span class='ocrx_word' id='word_1_139' title='bbox 1199 1608 1432 1663; x_wconf 83' lang='lat' dir='ltr'>convenit,</span> <span class='ocrx_word' id='word_1_140' title='bbox 1453 1624 1503 1651; x_wconf 88' lang='lat' dir='ltr'>ac</span> <span class='ocrx_word' id='word_1_141' title='bbox 1526 1609 1612 1669; x_wconf 87' lang='lat' dir='ltr'>pri-</span> 
     </span>
     <span class='ocr_line' id='line_1_19' title="bbox 210 1685 1612 1751; baseline 0.004 -23"><span class='ocrx_word' id='word_1_142' title='bbox 210 1702 334 1729; x_wconf 91' lang='lat' dir='ltr'>mum</span> <span class='ocrx_word' id='word_1_143' title='bbox 359 1686 412 1729; x_wconf 89' lang='lat' dir='ltr'>ab</span> <span class='ocrx_word' id='word_1_144' title='bbox 435 1685 637 1730; x_wconf 90' lang='lat' dir='ltr'>hostibus</span> <span class='ocrx_word' id='word_1_145' title='bbox 657 1687 749 1732; x_wconf 88' lang='lat' dir='ltr'>visa</span> <span class='ocrx_word' id='word_1_146' title='bbox 770 1696 859 1742; x_wconf 90' lang='lat' dir='ltr'>est,</span> <span class='ocrx_word' id='word_1_147' title='bbox 880 1687 1057 1731; x_wconf 80' lang='lat' dir='ltr'>circiter</span> <span class='ocrx_word' id='word_1_148' title='bbox 1076 1702 1188 1732; x_wconf 78' lang='lat' dir='ltr'>ccxx</span> <span class='ocrx_word' id='word_1_149' title='bbox 1208 1704 1343 1732; x_wconf 90' lang='lat' dir='ltr'>naves</span> <span class='ocrx_word' id='word_1_150' title='bbox 1358 1705 1513 1736; x_wconf 85' lang='lat' dir='ltr'>eorum</span> <span class='ocrx_word' id='word_1_151' title='bbox 1536 1707 1612 1751; x_wconf 93' lang='lat' dir='ltr'>pa-</span> 
     </span>
     <span class='ocr_line' id='line_1_20' title="bbox 213 1767 1610 1832; baseline 0.004 -22"><span class='ocrx_word' id='word_1_152' title='bbox 213 1767 461 1822; x_wconf 84' lang='lat' dir='ltr'>ratissimae,</span> <span class='ocrx_word' id='word_1_153' title='bbox 479 1777 611 1828; x_wconf 88' lang='lat' dir='ltr'>atque</span> <span class='ocrx_word' id='word_1_154' title='bbox 626 1768 748 1812; x_wconf 88' lang='lat' dir='ltr'>omni</span> <span class='ocrx_word' id='word_1_155' title='bbox 763 1784 924 1829; x_wconf 83' lang='lat' dir='ltr'>genere</span> <span class='ocrx_word' id='word_1_156' title='bbox 937 1785 1164 1812; x_wconf 88' lang='lat' dir='ltr'>armorum</span> <span class='ocrx_word' id='word_1_157' title='bbox 1183 1770 1493 1827; x_wconf 85' lang='lat' dir='ltr'>ornatissimae,</span> <span class='ocrx_word' id='word_1_158' title='bbox 1508 1788 1610 1832; x_wconf 89' lang='lat' dir='ltr'>pro-</span> 
     </span>
     <span class='ocr_line' id='line_1_21' title="bbox 212 1847 1610 1912; baseline 0.004 -22"><span class='ocrx_word' id='word_1_159' title='bbox 212 1847 336 1891; x_wconf 82' lang='lat' dir='ltr'>fectae</span> <span class='ocrx_word' id='word_1_160' title='bbox 356 1865 408 1892; x_wconf 79' lang='lat' dir='ltr'>ex</span> <span class='ocrx_word' id='word_1_161' title='bbox 427 1859 583 1909; x_wconf 87' lang='lat' dir='ltr'>portu,</span> <span class='ocrx_word' id='word_1_162' title='bbox 599 1850 760 1892; x_wconf 85' lang='lat' dir='ltr'>nostris</span> <span class='ocrx_word' id='word_1_163' title='bbox 781 1848 975 1892; x_wconf 75' lang='lat' dir='ltr'>adversae</span> <span class='ocrx_word' id='word_1_164' title='bbox 994 1850 1291 1894; x_wconf 90' lang='lat' dir='ltr'>constiterunt</span> <span class='ocrx_word' id='word_1_165' title='bbox 1314 1868 1322 1894; x_wconf 91' lang='lat'>:</span> <span class='ocrx_word' id='word_1_166' title='bbox 1345 1868 1489 1912; x_wconf 90' lang='lat' dir='ltr'>neque</span> <span class='ocrx_word' id='word_1_167' title='bbox 1508 1853 1610 1896; x_wconf 89' lang='lat' dir='ltr'>satis</span> 
     </span>
     <span class='ocr_line' id='line_1_22' title="bbox 213 1928 1611 1990; baseline 0.004 -18"><span class='ocrx_word' id='word_1_168' title='bbox 213 1930 372 1984; x_wconf 88' lang='lat' dir='ltr'>Bruto,</span> <span class='ocrx_word' id='word_1_169' title='bbox 394 1930 471 1989; x_wconf 87' lang='lat' dir='ltr'>qui</span> <span class='ocrx_word' id='word_1_170' title='bbox 495 1928 621 1973; x_wconf 85' lang='lat' dir='ltr'>classi</span> <span class='ocrx_word' id='word_1_171' title='bbox 646 1939 851 1990; x_wconf 81' lang='lat' dir='ltr'>praeerat,</span> <span class='ocrx_word' id='word_1_172' title='bbox 871 1928 939 1973; x_wconf 87' lang='lat' dir='ltr'>vel</span> <span class='ocrx_word' id='word_1_173' title='bbox 964 1930 1152 1974; x_wconf 90' lang='lat' dir='ltr'>tribunis</span> <span class='ocrx_word' id='word_1_174' title='bbox 1175 1930 1366 1975; x_wconf 87' lang='lat' dir='ltr'>militum</span> <span class='ocrx_word' id='word_1_175' title='bbox 1391 1934 1611 1977; x_wconf 87' lang='lat' dir='ltr'>centurio-</span> 
     </span>
     <span class='ocr_line' id='line_1_23' title="bbox 213 2009 1610 2072; baseline 0.004 -20"><span class='ocrx_word' id='word_1_176' title='bbox 213 2009 455 2070; x_wconf 84' lang='lat' dir='ltr'>nibusque,</span> <span class='ocrx_word' id='word_1_177' title='bbox 481 2010 639 2070; x_wconf 88' lang='lat' dir='ltr'>quibus</span> <span class='ocrx_word' id='word_1_178' title='bbox 665 2009 848 2072; x_wconf 84' lang='lat' dir='ltr'>singulae</span> <span class='ocrx_word' id='word_1_179' title='bbox 871 2027 1005 2055; x_wconf 87' lang='lat' dir='ltr'>naves</span> <span class='ocrx_word' id='word_1_180' title='bbox 1029 2021 1156 2055; x_wconf 90' lang='lat' dir='ltr'>erant</span> <span class='ocrx_word' id='word_1_181' title='bbox 1175 2012 1421 2070; x_wconf 87' lang='lat' dir='ltr'>attributae,</span> <span class='ocrx_word' id='word_1_182' title='bbox 1438 2024 1610 2058; x_wconf 88' lang='lat' dir='ltr'>consta-</span> 
     </span>
     <span class='ocr_line' id='line_1_24' title="bbox 213 2090 1607 2154; baseline 0.004 -21"><span class='ocrx_word' id='word_1_183' title='bbox 213 2090 290 2134; x_wconf 87' lang='lat' dir='ltr'>bat</span> <span class='ocrx_word' id='word_1_184' title='bbox 313 2090 419 2150; x_wconf 90' lang='lat' dir='ltr'>quid</span> <span class='ocrx_word' id='word_1_185' title='bbox 445 2100 650 2152; x_wconf 81' lang='lat' dir='ltr'>agerent,</span> <span class='ocrx_word' id='word_1_186' title='bbox 671 2100 747 2135; x_wconf 89' lang='lat' dir='ltr'>aut</span> <span class='ocrx_word' id='word_1_187' title='bbox 768 2107 901 2152; x_wconf 84' lang='lat' dir='ltr'>quam</span> <span class='ocrx_word' id='word_1_188' title='bbox 923 2093 1140 2136; x_wconf 91' lang='lat' dir='ltr'>rationem</span> <span class='ocrx_word' id='word_1_189' title='bbox 1161 2109 1320 2154; x_wconf 79' lang='lat' dir='ltr'>pugnae</span> <span class='ocrx_word' id='word_1_190' title='bbox 1342 2094 1607 2138; x_wconf 88' lang='lat' dir='ltr'>insisterent.</span> 
     </span>
     <span class='ocr_line' id='line_1_25' title="bbox 213 2172 1610 2235; baseline 0.004 -21"><span class='ocrx_word' id='word_1_191' title='bbox 213 2174 376 2215; x_wconf 87' lang='lat' dir='ltr'>Rostro</span> <span class='ocrx_word' id='word_1_192' title='bbox 399 2172 517 2215; x_wconf 91' lang='lat' dir='ltr'>enim</span> <span class='ocrx_word' id='word_1_193' title='bbox 539 2172 688 2216; x_wconf 87' lang='lat' dir='ltr'>noceri</span> <span class='ocrx_word' id='word_1_194' title='bbox 712 2189 802 2216; x_wconf 88' lang='lat' dir='ltr'>non</span> <span class='ocrx_word' id='word_1_195' title='bbox 826 2189 953 2233; x_wconf 90' lang='lat' dir='ltr'>posse</span> <span class='ocrx_word' id='word_1_196' title='bbox 973 2184 1298 2235; x_wconf 81' lang='lat' dir='ltr'>cognoverant3</span> <span class='ocrx_word' id='word_1_197' title='bbox 1319 2175 1516 2219; x_wconf 88' lang='lat' dir='ltr'>turribus</span> <span class='ocrx_word' id='word_1_198' title='bbox 1536 2193 1610 2220; x_wconf 88' lang='lat' dir='ltr'>au-</span> 
     </span>
     <span class='ocr_line' id='line_1_26' title="bbox 213 2252 1608 2316; baseline 0.004 -21"><span class='ocrx_word' id='word_1_199' title='bbox 213 2261 301 2295; x_wconf 88' lang='lat' dir='ltr'>tem</span> <span class='ocrx_word' id='word_1_200' title='bbox 325 2253 549 2309; x_wconf 83' lang='lat' dir='ltr'>excitatis,</span> <span class='ocrx_word' id='word_1_201' title='bbox 578 2263 724 2297; x_wconf 88' lang='lat' dir='ltr'>tamen</span> <span class='ocrx_word' id='word_1_202' title='bbox 755 2253 834 2297; x_wconf 90' lang='lat' dir='ltr'>has</span> <span class='ocrx_word' id='word_1_203' title='bbox 858 2252 1049 2298; x_wconf 88' lang='lat' dir='ltr'>altitudo</span> <span class='ocrx_word' id='word_1_204' title='bbox 1082 2255 1301 2316; x_wconf 87' lang='lat' dir='ltr'>puppium</span> <span class='ocrx_word' id='word_1_205' title='bbox 1329 2272 1381 2300; x_wconf 80' lang='lat' dir='ltr'>ex</span> <span class='ocrx_word' id='word_1_206' title='bbox 1410 2256 1608 2300; x_wconf 86' lang='lat' dir='ltr'>barbaris</span> 
     </span>
     <span class='ocr_line' id='line_1_27' title="bbox 212 2333 1609 2396; baseline 0.003 -20"><span class='ocrx_word' id='word_1_207' title='bbox 212 2333 398 2376; x_wconf 86' lang='lat' dir='ltr'>navibus</span> <span class='ocrx_word' id='word_1_208' title='bbox 423 2334 678 2394; x_wconf 86' lang='lat' dir='ltr'>superabat,</span> <span class='ocrx_word' id='word_1_209' title='bbox 699 2345 746 2378; x_wconf 87' lang='lat' dir='ltr'>ut</span> <span class='ocrx_word' id='word_1_210' title='bbox 769 2351 912 2396; x_wconf 88' lang='lat' dir='ltr'>neque</span> <span class='ocrx_word' id='word_1_211' title='bbox 936 2352 987 2378; x_wconf 81' lang='lat' dir='ltr'>ex</span> <span class='ocrx_word' id='word_1_212' title='bbox 1013 2335 1221 2379; x_wconf 89' lang='lat' dir='ltr'>inferiore</span> <span class='ocrx_word' id='word_1_213' title='bbox 1245 2335 1342 2380; x_wconf 92' lang='lat' dir='ltr'>loco</span> <span class='ocrx_word' id='word_1_214' title='bbox 1366 2338 1470 2381; x_wconf 90' lang='lat' dir='ltr'>satis</span> <span class='ocrx_word' id='word_1_215' title='bbox 1493 2354 1609 2382; x_wconf 90' lang='lat' dir='ltr'>com-</span> 
     </span>
     <span class='ocr_line' id='line_1_28' title="bbox 212 2412 1608 2479; baseline 0.004 -22"><span class='ocrx_word' id='word_1_216' title='bbox 212 2413 342 2457; x_wconf 89' lang='lat' dir='ltr'>mode</span> <span class='ocrx_word' id='word_1_217' title='bbox 370 2412 457 2458; x_wconf 85' lang='lat' dir='ltr'>tela</span> <span class='ocrx_word' id='word_1_218' title='bbox 479 2414 610 2475; x_wconf 83' lang='lat' dir='ltr'>adjici</span> <span class='ocrx_word' id='word_1_219' title='bbox 635 2425 839 2475; x_wconf 90' lang='lat' dir='ltr'>possent,</span> <span class='ocrx_word' id='word_1_220' title='bbox 865 2425 908 2460; x_wconf 91' lang='lat' dir='ltr'>et</span> <span class='ocrx_word' id='word_1_221' title='bbox 933 2416 1065 2460; x_wconf 88' lang='lat' dir='ltr'>missa</span> <span class='ocrx_word' id='word_1_222' title='bbox 1094 2416 1147 2460; x_wconf 85' lang='lat' dir='ltr'>ab</span> <span class='ocrx_word' id='word_1_223' title='bbox 1169 2415 1310 2461; x_wconf 90' lang='lat' dir='ltr'>Gallis</span> <span class='ocrx_word' id='word_1_224' title='bbox 1336 2418 1513 2479; x_wconf 85' lang='lat' dir='ltr'>gravius</span> <span class='ocrx_word' id='word_1_225' title='bbox 1539 2435 1608 2463; x_wconf 86' lang='lat' dir='ltr'>ac-</span> 
     </span>
     <span class='ocr_line' id='line_1_29' title="bbox 213 2494 1606 2558; baseline 0.004 -21"><span class='ocrx_word' id='word_1_226' title='bbox 213 2494 425 2539; x_wconf 84' lang='lat' dir='ltr'>ciderent.</span> <span class='ocrx_word' id='word_1_227' title='bbox 450 2498 552 2540; x_wconf 88' lang='lat' dir='ltr'>Una</span> <span class='ocrx_word' id='word_1_228' title='bbox 577 2505 672 2539; x_wconf 88' lang='lat' dir='ltr'>erat</span> <span class='ocrx_word' id='word_1_229' title='bbox 698 2513 860 2558; x_wconf 83' lang='lat' dir='ltr'>magno</span> <span class='ocrx_word' id='word_1_230' title='bbox 887 2498 983 2542; x_wconf 91' lang='lat' dir='ltr'>usui</span> <span class='ocrx_word' id='word_1_231' title='bbox 1014 2514 1082 2541; x_wconf 85' lang='lat' dir='ltr'>res</span> <span class='ocrx_word' id='word_1_232' title='bbox 1109 2507 1352 2558; x_wconf 77' lang='lat' dir='ltr'>praeparata</span> <span class='ocrx_word' id='word_1_233' title='bbox 1376 2515 1399 2542; x_wconf 86' lang='lat' dir='ltr'>a</span> <span class='ocrx_word' id='word_1_234' title='bbox 1422 2500 1606 2555; x_wconf 88' lang='lat' dir='ltr'>nostris,</span> 
     </span>
     <span class='ocr_line' id='line_1_30' title="bbox 212 2575 1607 2640; baseline 0.003 -21"><span class='ocrx_word' id='word_1_235' title='bbox 212 2575 342 2620; x_wconf 88' lang='lat' dir='ltr'>falces</span> <span class='ocrx_word' id='word_1_236' title='bbox 372 2586 625 2637; x_wconf 63' lang='lat' dir='ltr'>praeacutae,</span> <span class='ocrx_word' id='word_1_237' title='bbox 654 2577 826 2622; x_wconf 79' lang='lat' dir='ltr'>insertae</span> <span class='ocrx_word' id='word_1_238' title='bbox 851 2578 1078 2639; x_wconf 77' lang='lat' dir='ltr'>affixaeque</span> <span class='ocrx_word' id='word_1_239' title='bbox 1107 2577 1343 2640; x_wconf 82' lang='lat' dir='ltr'>longuriiS,</span> <span class='ocrx_word' id='word_1_240' title='bbox 1372 2596 1462 2622; x_wconf 85' lang='lat' dir='ltr'>non</span> <span class='ocrx_word' id='word_1_241' title='bbox 1492 2580 1607 2623; x_wconf 88' lang='lat' dir='ltr'>absi-</span> 
     </span>
    </p>
   </div>
   <div class='ocr_carea' id='block_1_3' title="bbox 213 2656 1604 2721">
    <p class='ocr_par' dir='ltr' id='par_1_3' title="bbox 213 2656 1604 2721">
     <span class='ocr_line' id='line_1_31' title="bbox 213 2656 1604 2721; baseline 0.002 -22"><span class='ocrx_word' id='word_1_242' title='bbox 213 2656 304 2700; x_wconf 89' lang='lat' dir='ltr'>mili</span> <span class='ocrx_word' id='word_1_243' title='bbox 335 2657 472 2702; x_wconf 79' lang='lat' dir='ltr'>forma</span> <span class='ocrx_word' id='word_1_244' title='bbox 499 2658 736 2704; x_wconf 81' lang='lat' dir='ltr'>muralium</span> <span class='ocrx_word' id='word_1_245' title='bbox 771 2657 961 2704; x_wconf 85' lang='lat' dir='ltr'>falcium.</span> <span class='ocrx_word' id='word_1_246' title='bbox 991 2661 1069 2704; x_wconf 79' lang='lat' dir='ltr'>His</span> <span class='ocrx_word' id='word_1_247' title='bbox 1094 2677 1231 2721; x_wconf 85' lang='lat' dir='ltr'>quum</span> <span class='ocrx_word' id='word_1_248' title='bbox 1258 2659 1402 2716; x_wconf 89' lang='lat' dir='ltr'>funes,</span> <span class='ocrx_word' id='word_1_249' title='bbox 1428 2660 1504 2721; x_wconf 90' lang='lat' dir='ltr'>qui</span> <span class='ocrx_word' id='word_1_250' title='bbox 1530 2677 1604 2704; x_wconf 85' lang='lat' dir='ltr'>an-</span> 
     </span>
    </p>
   </div>
   <div class='ocr_carea' id='block_1_4' title="bbox 1369 2738 1410 2783">
    <p class='ocr_par' dir='ltr' id='par_1_4' title="bbox 1369 2738 1410 2783">
     <span class='ocr_line' id='line_1_32' title="bbox 1369 2738 1410 2783; baseline 0 0"><span class='ocrx_word' id='word_1_251' title='bbox 1369 2738 1410 2783; x_wconf 84' lang='lat'>5.</span> 
     </span>
    </p>
   </div>
  </div>
 </body>
</html>
