1972 3356
426 255 501 290 918
661 256 699 289 C.
730 254 859 287 JULII
889 254 1112 289 CAESARIS
1144 254 1408 290 COMMENT.
1440 258 1583 292 LIBER

424 340 539 383 enim
560 338 807 398 equitatum
829 338 975 398 Scipio
995 354 1047 381 ex
1068 338 1294 398 provincia
1313 339 1460 383 Africa
1479 339 1673 401 alebat),
1700 351 1819 386 tanta

423 419 625 462 homines
655 434 749 462 esse
778 417 1024 475 dementia,
1050 429 1098 462 ut
1121 418 1277 463 malint
1303 421 1416 480 regis
1443 436 1535 463 esse
1563 420 1818 482 vectigales,

422 516 554 559 quam
585 516 685 543 cum
717 499 889 543 civibus
915 500 959 543 in
989 501 1157 561 patria,
1185 501 1227 543 in
1255 502 1342 544 suis
1371 500 1559 546 fortunis
1583 518 1676 546 esse
1701 502 1820 546 inco-

422 579 575 625 lumes.

484 663 562 705 IX.
589 664 734 707 Caesar
759 680 796 706 a.
829 662 870 706 d.
899 679 952 707 111
978 679 1080 706 non.
1105 663 1194 724 jan.
1219 673 1360 707 castra
1396 674 1567 719 movet3
1604 664 1820 725 Leptique

421 759 494 786 sex
531 743 782 787 cohortium
810 742 1013 804 praesidio
1039 760 1140 788 cum
1168 745 1354 788 Saserna
1390 744 1569 801 relicto,
1604 745 1696 806 ipse
1727 762 1819 789 rur-

420 841 516 881 sus,
543 823 660 869 unde
687 824 828 885 pridie
853 835 1050 881 venerat,
1077 826 1318 886 Ruspinam
1346 842 1447 870 curn
1475 825 1654 887 reliquis
1682 827 1820 888 copiis

421 907 660 962 convertit,
687 906 835 966 ibique
858 907 1039 951 sarcinis
1062 907 1279 950 exercitus
1303 906 1490 962 relictis,
1517 907 1609 968 ipse
1627 924 1728 951 cum
1748 924 1819 951 ex-

420 986 570 1047 pedita
608 1003 742 1031 manu
783 986 1078 1047 proficiscitur
1112 987 1279 1031 circum
1315 986 1439 1031 villas
1478 986 1819 1043 frumentatum,

419 1067 743 1129 oppidanisque
785 1067 993 1128 imperat,
1033 1077 1082 1111 ut
1115 1066 1309 1128 plaustra
1344 1068 1633 1128 jumentaque
1669 1069 1820 1111 omnia

419 1158 674 1209 sequantur.
718 1151 873 1208 Itaque
914 1165 1078 1209 magno
1120 1148 1331 1192 frumenti
1372 1149 1554 1192 invento
1602 1164 1818 1204 numero,

418 1229 665 1290 Ruspinam
700 1228 829 1273 redit.
867 1231 963 1273 Hoc
990 1245 1091 1273 eum
1127 1228 1293 1273 idcirco
1326 1229 1529 1273 existimo
1563 1228 1734 1285 fecisse,
1770 1238 1816 1272 ut

416 1310 635 1354 maritima
660 1309 823 1372 oppida
848 1319 947 1372 post
973 1326 1017 1354 se
1041 1327 1095 1354 ne
1118 1326 1256 1354 vacua
1280 1308 1576 1371 relinqueret,
1599 1309 1819 1372 praesidio·

417 1407 502 1451 que
528 1391 703 1436 firmata
726 1390 781 1435 ad
805 1389 955 1436 classis
978 1390 1256 1452 receptacula
1282 1393 1490 1435 muniret.

479 1473 536 1517 X.
567 1475 749 1533 Itaque,
781 1472 838 1516 ibi
867 1471 1021 1516 relicto
1055 1474 1102 1516 P.
1141 1474 1331 1517 Saserna
1360 1472 1494 1516 fratre
1530 1472 1646 1533 ejus,
1686 1488 1817 1533 quem

417 1554 545 1614 Lepti
571 1554 776 1614 proximo
815 1552 980 1614 oppido
1022 1551 1285 1614 reliquerat,
1318 1570 1418 1596 cum
1459 1552 1658 1614 legione,
1693 1553 1819 1613 jubet

413 1634 683 1694 comportari
711 1633 830 1695 ligna
855 1635 899 1677 in
929 1633 1144 1695 oppidum
1172 1650 1305 1694 quam
1331 1633 1524 1694 plurima
1555 1650 1564 1676 t
1596 1634 1688 1694 ipse
1712 1649 1813 1676 cum

413 1714 672 1759 cohortibus
710 1731 798 1771 v11,
834 1731 930 1775 quae
966 1731 1019 1758 ex
1058 1715 1276 1758 veteranis
1306 1713 1554 1775 legionibus
1593 1714 1637 1757 in
1682 1712 1818 1758 classe

413 1812 515 1839 cum
543 1794 740 1855 Sulpicio
769 1804 812 1838 et
831 1794 1014 1838 Vatinio
1039 1811 1129 1837 rem
1159 1803 1410 1855 gesserant,
1435 1811 1487 1838 ex
1516 1793 1681 1855 oppido
1705 1797 1819 1839 Rus-

412 1877 516 1937 pina
539 1892 762 1937 egressus‚
790 1874 1084 1936 proficiscitur
1109 1874 1165 1918 ad
1188 1884 1367 1936 portum
1389 1909 1399 1929 ,
1423 1875 1498 1935 qui
1525 1875 1646 1918 abest
1669 1874 1723 1918 ab
1747 1891 1821 1936 op-

412 1957 517 2018 pido
543 1957 679 2001 millia
706 1973 916 2019 passuum
944 1957 1060 2013 duo,
1090 1956 1238 2017 ibique
1268 1955 1449 2001 classem
1478 1956 1559 2000 sub
1589 1972 1818 2018 vesperum

411 2055 512 2084 cum
540 2055 590 2083 ea
629 2040 757 2100 copia
787 2037 1072 2093 conscendit,
1099 2038 1308 2082 omnibus
1348 2039 1391 2081 in
1419 2039 1611 2082 exercitu
1642 2037 1791 2081 insciis
1809 2071 1819 2091 ‚

412 2131 454 2164 et
471 2121 798 2182 requirentibus
819 2120 1097 2181 imperatoris
1117 2117 1374 2173 consilium,
1393 2120 1495 2180 quia
1517 2134 1676 2180 magno
1699 2127 1819 2162 metu

412 2218 463 2246 ac
477 2202 745 2246 tristimonia
761 2200 1131 2246 sollicitabantur.
1149 2203 1290 2245 Parva
1304 2201 1422 2244 enim
1437 2217 1537 2244 cum
1552 2200 1701 2260 copia,
1713 2208 1756 2243 et
1771 2215 1821 2243 ea

411 2284 633 2340 tironum,
660 2299 803 2343 neque
829 2282 950 2326 omni
975 2282 1201 2343 exposita,
1223 2282 1266 2324 in
1292 2281 1440 2327 Africa
1461 2291 1617 2325 contra
1637 2296 1819 2342 magnas

412 2365 583 2425 copias,
610 2373 651 2408 et
676 2363 896 2408 insidiosae
919 2364 1134 2416 nationis,
1159 2364 1497 2424 equitatumque
1520 2362 1820 2406 innumerabi-

413 2444 496 2489 lem
516 2480 527 2497 ‚
558 2462 602 2489 se
630 2446 852 2507 expositos
883 2444 1119 2499 videbant3
1152 2461 1295 2505 neque
1323 2443 1567 2505 quidquam
1596 2442 1737 2487 solatii
1772 2443 1815 2485 in

411 2527 667 2586 praesentia,
696 2543 840 2587 neque
868 2525 1078 2570 auxilium
1111 2528 1152 2569 in
1184 2543 1366 2570 suorum
1401 2524 1585 2569 consilio
1615 2522 1814 2568 animad-

414 2607 666 2663 vertebant,
706 2609 787 2651 nisi
819 2609 861 2651 in
895 2606 1031 2668 ipsius
1059 2609 1336 2668 imperatoris
1363 2604 1509 2661 vultu,
1538 2606 1707 2666 vigore,
1739 2604 1819 2647 mi-

412 2686 631 2748 rabilique
672 2688 931 2732 hilaritate:
969 2688 1166 2732 animum
1201 2688 1318 2731 enim
1363 2685 1499 2730 altum
1540 2695 1581 2729 et
1623 2694 1815 2728 erectum
