1972 3356
367 246 440 282 302
603 246 642 279 C.
669 242 799 278 JULII
827 240 1051 276 CAESARIS
1079 240 1340 275 COMMENT.
1372 241 1519 275 LIBER

368 327 706 389 proficiscuntur
731 341 739 367 :
768 322 885 384 quod
912 321 1123 384 oppidum
1153 338 1308 382 magna
1337 322 1579 365 munitione
1605 325 1746 367 conti-

369 409 567 464 nebatur,
593 407 674 463 sic,
702 414 750 449 ut
779 405 870 466 ipse
900 403 1020 447 locus
1052 419 1138 446 non
1161 401 1303 446 solum
1328 419 1481 463 opere,
1513 402 1586 446 sed
1614 404 1747 447 etiam

370 502 524 535 natura
563 488 731 544 editus,
765 486 818 530 ab
849 483 1149 547 oppugnando
1183 483 1351 527 hostem
1383 492 1610 527 averteret.
1649 486 1748 527 Huc

366 570 624 625 accedebat,
647 578 695 612 ut
715 583 850 628 aqua,
876 575 1164 628 praeterquam
1184 564 1228 607 in
1248 565 1342 624 ipso
1367 563 1530 624 oppido
1551 564 1722 608 Munda
1737 599 1748 620 ‚

369 650 656 698 circumcirca
691 663 905 708 nusquam
960 645 1227 707 reperiretur
1262 645 1444 705 propius
1477 643 1614 687 millia
1654 661 1746 704 pas-

369 751 498 779 suum
522 748 622 778 v111.
657 731 768 788 Quae
797 745 865 771 res
891 743 1051 788 magno
1079 735 1172 770 erat
1210 725 1464 784 adjumento
1501 722 1749 785 oppidanis.

369 818 482 860 Tum
503 823 712 875 praeterea
729 808 983 865 accedebat,
1001 817 1192 868 utagger
1216 807 1503 865 materiesque
1519 840 1530 860 ‚
1554 804 1671 848 unde
1686 822 1753 849 so-

371 896 456 940 litae
477 904 580 938 sunt
607 904 747 937 turres
771 892 863 952 agi,
892 890 1073 950 propius
1098 887 1232 931 millia
1262 904 1469 948 passuum
1497 903 1543 931 v1
1575 904 1663 931 non
1687 903 1753 930 re-

373 976 665 1038 periebantur.
714 974 775 1017 Ac
812 970 1067 1030 Pompeius,
1102 978 1150 1011 ut
1190 967 1341 1029 oppidi
1377 968 1749 1028 oppugnationem

373 1056 578 1102 tutiorem
613 1053 820 1106 efficeret,
863 1065 1037 1094 omnem
1075 1049 1300 1091 materiem
1333 1048 1497 1090 circum
1541 1047 1750 1108 oppidum

373 1136 584 1182 succisam
620 1135 736 1177 intro
772 1131 1001 1193 congessit.
1040 1131 1105 1172 Ita
1140 1128 1385 1172 necessario
1425 1126 1756 1172 deducebantur

374 1217 533 1273 nostri,
559 1225 606 1260 ut
630 1232 654 1259 a
676 1212 866 1268 Munda,
887 1227 1019 1273 quam
1043 1210 1240 1272 proxime
1267 1218 1499 1270 ceperant,
1526 1209 1752 1254 materiem

375 1298 450 1343 illo
474 1297 770 1359 deportarent.

439 1380 577 1423 XLII.
590 1380 710 1423 Dum
727 1374 880 1420 haecad
889 1373 1102 1419 Mundam
1118 1382 1334 1435 geruntur
1346 1373 1760 1429 etUrsaonem,Ca²,-

374 1477 464 1518 sar,
481 1476 616 1521 quum
630 1475 655 1502 a
667 1457 867 1503 Gadibus
883 1455 938 1500 ad
952 1454 1164 1517 Hispalim
1175 1472 1219 1499 se
1238 1455 1465 1516 recepisset
1482 1488 1492 1510 ,
1513 1453 1756 1514 insequenti

375 1542 466 1598 (lie,
488 1541 696 1586 concione
721 1539 930 1583 advocata
947 1573 958 1594 ,
980 1547 1319 1581 commemorat:
1340 1536 1505 1579 «Initio
1530 1544 1758 1596 quaesturae

376 1639 462 1667 suae
486 1639 580 1667 eam
606 1621 879 1683 provinciam
916 1636 966 1662 ex
999 1619 1201 1662 omnibus
1230 1617 1464 1678 provinciis
1492 1615 1755 1677 peculiarem

377 1703 458 1747 sibi
485 1702 785 1757 constituisse,
815 1710 878 1756 et,
905 1715 1000 1760 quae
1028 1700 1237 1759 potuisset
1264 1714 1315 1741 eo
1344 1707 1567 1757 tempore,
1594 1696 1759 1740 benefi-

377 1786 444 1828 cia
459 1783 664 1844 largitum
690 1797 796 1825 esse.
815 1779 1072 1839 Insequenti
1101 1788 1309 1838 praetura,
1332 1776 1539 1837 ampliato
1567 1777 1758 1830 honore⁷

380 1862 626 1924 vectigalia,
663 1878 758 1922 quae
791 1858 994 1905 Metellus
1041 1859 1347 1919 imposuisset,
1382 1866 1533 1901 senatu
1570 1860 1760 1918 petisse,

377 1955 420 1989 ct
443 1945 503 1989 eis
532 1944 726 2006 pecuniis
753 1942 1024 2004 provinciam
1058 1939 1260 1983 liberasse
1289 1956 1298 1982 ε
1335 1937 1574 1999 simulque,
1611 1947 1760 2000 patro-

379 2027 495 2071 cinio
521 2036 746 2087 suscepto,
773 2022 921 2067 multis
949 2022 1239 2083 legationibus
1260 2021 1314 2064 ab
1341 2021 1444 2064 sein
1472 2030 1669 2064 senatum
1698 2021 1762 2063 in-

380 2107 551 2161 ductis,
582 2105 709 2151 simul
751 2103 948 2166 publicas
990 2105 1266 2164 privatasque
1314 2118 1482 2156 causas,
1522 2099 1762 2145 multorum

383 2189 621 2233 inimicitiis
645 2187 879 2247 susceptis,
909 2184 1149 2229 defendisse
1181 2201 1189 2227 ε
1222 2200 1300 2227 suo
1332 2183 1435 2226 item
1465 2183 1506 2225 in
1533 2180 1762 2225 consulatu

380 2271 602 2315 absentem
621 2304 632 2325 ,
648 2285 742 2329 quae
765 2267 1000 2329 potuisset,
1023 2264 1252 2309 commoda
1269 2263 1504 2325 provinciae
1531 2262 1733 2306 tribuisse
1752 2278 1762 2303 ε

379 2367 532 2395 eorum
553 2350 748 2394 omnium
771 2346 1102 2392 commodorum
1124 2363 1215 2391 esse
1238 2356 1280 2390 et
1303 2346 1577 2389 immemores
1596 2377 1607 2399 ,
1628 2352 1670 2386 et
1698 2343 1764 2385 in-

381 2443 527 2495 gratos
561 2433 605 2476 in
639 2448 682 2476 se
707 2441 749 2475 et
775 2432 818 2475 in
849 2427 1061 2491 populum
1087 2444 1343 2482 romanum,
1380 2426 1463 2470 hoc
1501 2423 1616 2468 bello
1646 2432 1686 2467 et
1719 2422 1763 2465 in

382 2514 602 2575 praeterito
640 2522 835 2574 tempore
870 2528 1095 2572 cognosse.
1132 2511 1242 2564 Vos,
1277 2510 1376 2568 jure
1410 2507 1601 2568 gentium
1629 2514 1672 2548 et
1701 2504 1763 2547 ci-

383 2595 502 2638 vium
518 2610 799 2638 romanorum
829 2592 1039 2636 institutis
1063 2591 1274 2654 cognitiS,
1298 2605 1418 2633 more
1446 2587 1763 2640 Barbarormn,

385 2675 534 2737 populi
563 2675 732 2720 romani
771 2673 1095 2735 magistratibus
1138 2671 1422 2716 sacrosanctis
1452 2683 1605 2713 manus
1632 2664 1765 2710 semel
