1972 3356
448 255 517 300 175
653 258 690 290 C.
724 257 854 291 JULH
884 256 1100 293 CAESARIS
1131 257 1628 296 COMMENTARIORUM

438 338 703 396 intervallis,
728 339 936 384 distantes
960 342 1075 385 inter
1097 357 1142 385 se
1170 341 1296 385 binos
1324 342 1474 402 pedes,
1501 345 1546 387 in
1578 343 1671 389 solo
1701 344 1834 389 collo-

436 430 606 464 cantur.
630 422 707 463 Hae
730 421 1040 465 revinciuntur
1064 422 1302 479 introrsus,
1326 432 1372 466 et
1394 422 1536 467 multo
1556 440 1714 486 aggere
1744 443 1836 470 ves-

436 501 620 544 tiuntur.
656 503 719 545 Ea
749 509 917 559 autem,
947 519 1044 563 quae
1081 501 1290 559 diximus,
1328 502 1560 547 intervalla
1596 505 1834 565 grandibus

435 582 476 624 in
503 581 648 626 fronte
672 582 786 626 saxis
808 581 1110 627 effarciuntur.
1137 584 1216 627 His
1242 581 1469 628 collocatis
1492 594 1535 628 et
1559 596 1834 646 coagmenta-

432 664 508 720 tis,
540 661 650 708 alius
678 664 860 724 insuper
884 663 995 708 ordo
1018 664 1246 725 adjicitur,
1272 674 1321 708 ut
1349 664 1467 709 idem
1491 664 1603 710 illud
1627 666 1834 711 interval-

432 742 523 788 lum
549 754 762 803 servetur,
797 761 939 806 neque
971 745 1087 789 inter
1112 762 1156 789 se
1178 746 1440 807 contingant
1468 746 1633 802 trabes,
1662 747 1739 792 sed
1763 764 1833 809 pa-

429 825 551 869 ribus
569 825 827 870 intermissae
846 825 1018 886 spatiis,
1034 825 1216 887 singulae
1228 824 1414 888 singulis
1432 827 1545 871 saxis
1566 827 1830 889 interjectis,

428 916 521 950 arte
556 906 881 950 contineantur.
919 907 991 950 Sic
1019 905 1224 967 deinceps
1252 923 1382 950 omne
1412 924 1523 969 opus
1553 909 1827 965 contexitur,

428 986 533 1030 dum
550 987 666 1048 justa
686 987 802 1030 muri
827 985 1015 1030 altitudo
1035 985 1278 1047 expleatur.
1293 989 1390 1031 Hoc
1409 1004 1546 1048 quum
1568 988 1614 1032 in
1635 989 1826 1050 speciem

427 1069 775 1128 varietatemque
798 1084 909 1128 opus
932 1067 1129 1112 deforme
1149 1084 1239 1111 non
1261 1077 1344 1123 est,
1363 1066 1544 1112 alternis
1563 1069 1759 1114 trabibus
1778 1088 1826 1114 ac

425 1151 557 1205 saxis,
576 1165 672 1210 quae
692 1149 822 1192 rectis
843 1147 970 1192 lineis
992 1164 1095 1192 suos
1117 1147 1293 1192 ordines
1317 1157 1518 1205 servant,
1546 1158 1641 1194 tum
1660 1149 1716 1193 ad
1741 1151 1826 1194 uti-

426 1229 591 1275 litatem
621 1239 662 1273 et
687 1228 985 1273 defensionem
1013 1229 1189 1273 urbium
1213 1245 1432 1273 summam
1455 1229 1590 1274 habet
1610 1241 1825 1292 opportu-

425 1312 628 1368 nitatem,
655 1310 774 1372 quod
797 1321 841 1354 et
865 1311 917 1354 ab
945 1309 1147 1354 incendio
1175 1308 1304 1370 lapis,
1333 1319 1375 1353 et
1403 1310 1457 1353 ab
1481 1310 1618 1355 ariete
1639 1313 1824 1356 materia

424 1393 622 1437 defendit
638 1428 649 1447 ,
692 1409 812 1454 quae,
841 1393 1067 1454 perpetuis
1105 1391 1302 1436 trabibus
1343 1391 1474 1453 pedes
1516 1391 1822 1454 quadragenos

421 1473 684 1535 plerumque
719 1475 936 1518 introrsus
968 1474 1186 1530 revincta,
1217 1489 1360 1533 neque
1394 1473 1643 1534 perrumpi,
1680 1490 1821 1535 neque

420 1555 606 1599 distrahi
630 1565 789 1616 potest.

484 1638 646 1680 XXIV.
685 1637 744 1680 Iis
768 1645 833 1679 tot
857 1636 988 1679 rebus
1015 1635 1227 1696 impedita
1250 1637 1610 1696 oppugnatione,
1636 1635 1817 1692 milites,

418 1735 555 1779 quum
578 1727 673 1761 toto
703 1727 902 1778 tempore
936 1716 1098 1778 frigore
1132 1726 1176 1759 et
1208 1716 1392 1760 assiduis
1428 1717 1644 1760 imbribus
1674 1717 1818 1761 tarda—

417 1809 593 1855 rentur,
629 1808 776 1842 tamen
809 1798 1054 1841 continenti
1090 1796 1237 1840 labore
1278 1797 1428 1840 omnia
1466 1798 1556 1840 haec
1581 1814 1814 1858 superave-

416 1890 542 1936 runt,
574 1889 617 1923 et
645 1878 799 1922 diebus
825 1894 913 1922 xxv
939 1894 1164 1939 aggerem,
1199 1876 1338 1921 latum
1367 1877 1500 1938 pedes
1528 1894 1727 1933 cccxxx,
1757 1877 1816 1922 al-

417 1970 509 2004 tum
547 1960 678 2022 pedes
712 1976 852 2015 Lxxx,
889 1967 1213 2003 exstruxerunt.
1247 1960 1398 2016 Quum
1430 1960 1464 2003 is
1497 1975 1674 2003 murum
1710 1959 1813 2003 hos-

416 2044 528 2087 tium
563 2059 685 2104 paene
714 2042 1013 2102 contingeret,
1037 2051 1079 2084 et
1104 2044 1249 2085 Caesar
1271 2040 1328 2084 ad
1356 2057 1467 2101 opus
1492 2041 1814 2086 consuetudine

414 2124 675 2180 excubaret,
717 2122 966 2183 militesque
1013 2123 1322 2166 cohortaretur
1371 2139 1426 2166 ne
1469 2122 1587 2183 quod
1630 2123 1812 2167 omnino

416 2214 586 2265 tempus
610 2204 663 2248 ab
695 2220 827 2265 opere
853 2204 1239 2260 intermitteretur,
1265 2202 1399 2264 paulo
1424 2213 1526 2247 ante
1550 2204 1723 2248 tertiam
1753 2205 1811 2246 vi-

413 2284 561 2346 giliam
603 2295 668 2329 est
683 2284 1059 2341 animadversum,
1081 2284 1249 2328 fumare
1273 2301 1477 2346 aggerem
1495 2319 1506 2341 ,
1531 2301 1661 2345 quem
1685 2284 1809 2328 cuni-

412 2364 511 2410 culo
531 2366 678 2410 hostes
699 2364 1019 2409 succenderant
1042 2382 1050 2408 :
1076 2365 1320 2426 eodemque
1340 2377 1538 2426 tempore
1562 2375 1657 2409 toto
1681 2381 1807 2407 muro

413 2446 606 2491 clamore
633 2445 834 2502 sublato,
863 2445 1034 2490 duabus
1066 2447 1203 2506 portis
1234 2447 1287 2490 ab
1317 2456 1508 2507 utroque
1544 2445 1680 2489 latere
1714 2455 1807 2489 tur-

412 2529 526 2572 rium
546 2528 721 2588 eruptio
744 2527 889 2571 fiebat.
912 2526 998 2571 Alii
1023 2527 1136 2572 faces
1161 2537 1294 2587 atque
1312 2527 1481 2571 aridam
1504 2527 1732 2570 materiem
1752 2527 1806 2571 de

412 2626 538 2654 muro
565 2609 608 2652 in
635 2624 841 2669 aggerem
867 2608 1039 2650 eminus
1064 2608 1306 2667 jaciebant,
1333 2609 1472 2668 picem
1491 2606 1564 2651 alii
1590 2606 1803 2667 reliquas-

409 2705 492 2748 que
515 2705 582 2732 res
615 2688 776 2748 quibus
804 2689 915 2748 ignis
942 2688 1122 2731 excitari
1147 2698 1291 2749 potest
1314 2687 1582 2743 fundebant;
1612 2698 1685 2741 ut,
1715 2705 1801 2749 quo
