1972 3356
600 276 861 311 PRAEFATIO
893 276 1069 311 HIRTII.
1461 287 1536 323 219

134 377 254 405 ream
282 359 479 404 stultitiae
502 370 634 420 atque
662 360 929 421 arrogantiae
952 360 1157 415 crimine,
1183 359 1260 420 qui
1285 375 1355 403 me
1379 357 1535 403 mediis

133 451 474 511 interposuerim
509 450 691 495 Caesaris
720 450 910 509 scriptis.
938 450 1127 493 Constat
1155 450 1275 493 enim
1301 449 1416 492 inter
1439 465 1535 492 om—

131 556 208 583 nes
232 539 342 583 nihil
370 548 458 583 tam
493 555 676 600 operose
700 538 755 582 ab
780 536 875 582 aliis
904 554 995 582 esse
1023 538 1267 599 perfectum
1298 538 1419 599 quod
1445 554 1536 581 non

132 629 292 673 horum
322 627 538 689 elegantia
569 627 1005 672 Commentariorum
1032 636 1290 687 superetur,
1326 628 1402 686 qui
1434 636 1538 670 sunt

136 716 242 762 editi
280 733 335 760 ne
363 716 545 760 scientia
579 724 803 759 tantarum
843 731 993 758 rerum
1023 714 1315 775 scriptoribus
1349 714 1536 770 deesset,

131 806 328 867 adeoque
348 805 594 867 probantur
614 805 815 849 omnium
829 803 1000 865 judicio
1016 813 1067 848 ut
1083 814 1303 865 praerepta
1321 821 1411 848 non
1425 821 1536 866 prae-

128 897 220 940 bita
245 893 429 940 facultas
454 895 743 956 scriptoribus
765 894 981 938 videatur.
1013 895 1153 956 Cujus
1181 904 1329 939 tamen
1357 895 1421 938 rei
1444 911 1538 938 ma—

125 985 198 1046 jor
222 993 373 1029 nostra
399 1001 533 1045 quam
558 982 833 1045 reliquorum
858 994 925 1028 est
952 982 1187 1029 admiratio
1211 1001 1220 1028 :
1255 986 1390 1029 ceteri
1417 986 1536 1029 enim

131 1090 265 1135 quam
284 1074 394 1118 bene
412 1084 544 1136 atque
561 1074 815 1132 emendate,
837 1091 917 1118 nos
937 1074 1071 1119 etiam
1095 1091 1229 1136 quam
1253 1074 1380 1119 facile
1403 1085 1538 1136 atque

131 1162 335 1208 celeriter
371 1181 444 1209 eos
481 1164 715 1226 perfecerit
746 1165 921 1209 scimus.
952 1167 1060 1209 Erat
1099 1175 1248 1209 autem
1290 1166 1334 1209 in
1367 1157 1538 1210 Caesare

135 1270 275 1314 quum
292 1252 476 1298 facultas
499 1263 632 1315 atque
655 1253 874 1316 elegantia
892 1270 1063 1298 summa
1083 1254 1326 1312 scribendi,
1349 1265 1446 1299 tum
1466 1272 1538 1299 ve-

129 1344 301 1389 rissima
318 1344 499 1388 scientia
515 1361 697 1388 suorum
719 1343 1008 1389 consiliorum
1025 1343 1405 1405 explicandorum.
1422 1346 1537 1389 Mihi

129 1450 184 1477 ne
215 1432 326 1477 illud
354 1433 533 1494 quidem
560 1433 719 1478 accidit
747 1444 798 1477 ut
827 1433 1131 1478 Alexandrino
1164 1443 1296 1493 atque
1327 1434 1535 1478 Africano

128 1521 245 1566 bello
273 1523 558 1578 interessem3
591 1540 688 1584 quae
716 1522 833 1567 bella
866 1539 1121 1584 quanquam
1156 1540 1208 1567 ex
1245 1534 1370 1584 parte
1407 1525 1535 1569 nobis

129 1613 313 1657 Caesaris
353 1630 557 1657 sermone
594 1623 696 1658 sunt
737 1623 862 1670 nota,
896 1623 1045 1657 tamen
1081 1612 1209 1657 aliter
1248 1614 1452 1658 audimus
1485 1631 1535 1658 ea

130 1719 227 1763 quae
255 1719 404 1747 rerum
435 1704 632 1747 novitate
665 1712 741 1747 aut
763 1702 1058 1748 admiratione
1080 1721 1160 1748 nos
1185 1706 1389 1765 capiunt,
1408 1703 1536 1748 aliter

131 1809 227 1853 quae
255 1809 337 1854 pro
373 1794 625 1837 testimonio
656 1810 808 1837 sumus
844 1793 1020 1837 dicturi.
1059 1793 1145 1838 Sed
1182 1811 1264 1856 ego
1300 1795 1533 1851 nimirum,

130 1882 237 1926 dum
266 1900 420 1927 omnes
450 1884 744 1927 excusationis
768 1899 920 1927 causas
950 1882 1112 1945 colligo
1147 1902 1202 1928 ne
1239 1902 1340 1929 cum
1366 1889 1535 1932 Caesarc

130 1963 352 2019 conferam,
384 1963 469 2007 hoc
499 1964 594 2024 ipso
630 1965 799 2008 crimen
832 1964 1096 2026 arrogantiae
1126 1965 1283 2023 subeo,
1315 1967 1435 2027 quod
1463 1984 1534 2011 me

126 2051 296 2113 judicio
320 2053 581 2114 cujusquam
608 2053 853 2098 existimem
879 2070 1006 2115 posse
1032 2071 1132 2098 cum
1157 2056 1328 2100 Caesare
1354 2073 1534 2117 compa·

132 2142 234 2186 rari.
258 2141 382 2187 Vale.
