<?xml version="1.0" encoding="UTF-8"?>
<!DOCTYPE html PUBLIC "-//W3C//DTD XHTML 1.0 Transitional//EN"
    "http://www.w3.org/TR/xhtml1/DTD/xhtml1-transitional.dtd">
<html xmlns="http://www.w3.org/1999/xhtml" xml:lang="en" lang="en">
 <head>
  <title>
</title>
<meta http-equiv="Content-Type" content="text/html;charset=utf-8" />
  <meta name='ocr-system' content='tesseract 3.04.00' />
  <meta name='ocr-capabilities' content='ocr_page ocr_carea ocr_par ocr_line ocrx_word'/>
</head>
<body>
  <div class='ocr_page' id='page_1' title='image "./operajoh0102caesuoft_0611.png"; bbox 0 0 1972 3356; ppageno 0'>
   <div class='ocr_carea' id='block_1_1' title="bbox 640 480 1012 569">
    <p class='ocr_par' dir='ltr' id='par_1_1' title="bbox 640 480 1012 569">
     <span class='ocr_line' id='line_1_1' title="bbox 640 480 1012 569; baseline 0 -4"><span class='ocrx_word' id='word_1_1' title='bbox 640 480 1012 569; x_wconf 84' lang='lat' dir='ltr'><strong>NOTAE</strong></span> 
     </span>
    </p>
   </div>
   <div class='ocr_carea' id='block_1_2' title="bbox 233 702 1416 772">
    <p class='ocr_par' dir='ltr' id='par_1_2' title="bbox 233 702 1416 772">
     <span class='ocr_line' id='line_1_2' title="bbox 233 702 1416 772; baseline 0.001 -2"><span class='ocrx_word' id='word_1_2' title='bbox 233 704 325 770; x_wconf 89' lang='lat' dir='ltr'>IN</span> <span class='ocrx_word' id='word_1_3' title='bbox 378 705 453 772; x_wconf 89' lang='lat' dir='ltr'>C.</span> <span class='ocrx_word' id='word_1_4' title='bbox 505 704 572 770; x_wconf 91' lang='lat' dir='ltr'>J.</span> <span class='ocrx_word' id='word_1_5' title='bbox 625 702 1041 771; x_wconf 81' lang='lat' dir='ltr'>CAESARIS</span> <span class='ocrx_word' id='word_1_6' title='bbox 1089 703 1416 771; x_wconf 88' lang='lat' dir='ltr'><strong>OPERA.</strong></span> 
     </span>
    </p>
   </div>
   <div class='ocr_carea' id='block_1_3' title="bbox 685 1141 959 1171">
    <p class='ocr_par' dir='ltr' id='par_1_3' title="bbox 685 1141 959 1171">
     <span class='ocr_line' id='line_1_3' title="bbox 685 1141 959 1171; baseline 0 -1"><span class='ocrx_word' id='word_1_7' title='bbox 685 1141 730 1171; x_wconf 85' lang='lat' dir='ltr'>IN</span> <span class='ocrx_word' id='word_1_8' title='bbox 756 1141 919 1171; x_wconf 85' lang='lat' dir='ltr'>LIBRUM</span> <span class='ocrx_word' id='word_1_9' title='bbox 944 1142 959 1170; x_wconf 92' lang='lat'>1</span> 
     </span>
    </p>
   </div>
   <div class='ocr_carea' id='block_1_4' title="bbox 235 1285 1405 1332">
    <p class='ocr_par' dir='ltr' id='par_1_4' title="bbox 235 1285 1405 1332">
     <span class='ocr_line' id='line_1_4' title="bbox 235 1285 1405 1332; baseline -0.001 -1"><span class='ocrx_word' id='word_1_10' title='bbox 235 1288 317 1331; x_wconf 93' lang='lat' dir='ltr'>DE</span> <span class='ocrx_word' id='word_1_11' title='bbox 347 1287 539 1331; x_wconf 88' lang='lat' dir='ltr'><strong>BELLO</strong></span> <span class='ocrx_word' id='word_1_12' title='bbox 576 1286 762 1330; x_wconf 87' lang='lat' dir='ltr'>CIVILI</span> <span class='ocrx_word' id='word_1_13' title='bbox 801 1285 1405 1332; x_wconf 81' lang='lat' dir='ltr'>COMMENTARIORUM.</span> 
     </span>
    </p>
   </div>
   <div class='ocr_carea' id='block_1_5' title="bbox 116 1403 1518 2759">
    <p class='ocr_par' dir='ltr' id='par_1_5' title="bbox 118 1403 1518 1815">
     <span class='ocr_line' id='line_1_5' title="bbox 177 1403 1517 1454; baseline 0.001 -13"><span class='ocrx_word' id='word_1_14' title='bbox 177 1406 303 1442; x_wconf 71' lang='lat' dir='ltr'>CAPUT</span> <span class='ocrx_word' id='word_1_15' title='bbox 318 1406 348 1440; x_wconf 93' lang='lat'>1.</span> <span class='ocrx_word' id='word_1_16' title='bbox 362 1405 515 1440; x_wconf 81' lang='lat' dir='ltr'><em>Litteris</em></span> <span class='ocrx_word' id='word_1_17' title='bbox 528 1417 552 1439; x_wconf 87' lang='grc' dir='ltr'><em>α</em></span> <span class='ocrx_word' id='word_1_18' title='bbox 563 1404 682 1439; x_wconf 78' lang='lat' dir='ltr'><em>Fabio</em></span> <span class='ocrx_word' id='word_1_19' title='bbox 702 1403 739 1439; x_wconf 89' lang='lat' dir='ltr'>C.</span> <span class='ocrx_word' id='word_1_20' title='bbox 758 1404 922 1440; x_wconf 80' lang='lat' dir='ltr'>Coesaris</span> <span class='ocrx_word' id='word_1_21' title='bbox 939 1405 1147 1439; x_wconf 85' lang='lat' dir='ltr'>consulibus</span> <span class='ocrx_word' id='word_1_22' title='bbox 1164 1405 1330 1441; x_wconf 82' lang='lat' dir='ltr'><em>redditis.</em></span> <span class='ocrx_word' id='word_1_23' title='bbox 1350 1407 1408 1442; x_wconf 90' lang='lat' dir='ltr'>De</span> <span class='ocrx_word' id='word_1_24' title='bbox 1422 1419 1517 1454; x_wconf 87' lang='lat' dir='ltr'>qua—</span> 
     </span>
     <span class='ocr_line' id='line_1_6' title="bbox 120 1466 1517 1514; baseline 0.001 -11"><span class='ocrx_word' id='word_1_25' title='bbox 120 1480 204 1503; x_wconf 88' lang='lat' dir='ltr'>rum</span> <span class='ocrx_word' id='word_1_26' title='bbox 224 1480 367 1502; x_wconf 88' lang='lat' dir='ltr'>summa</span> <span class='ocrx_word' id='word_1_27' title='bbox 382 1467 434 1502; x_wconf 88' lang='lat' dir='ltr'>sic</span> <span class='ocrx_word' id='word_1_28' title='bbox 447 1467 562 1502; x_wconf 82' lang='lat' dir='ltr'>habet</span> <span class='ocrx_word' id='word_1_29' title='bbox 583 1466 744 1514; x_wconf 86' lang='lat' dir='ltr'>Appian.</span> <span class='ocrx_word' id='word_1_30' title='bbox 757 1495 766 1511; x_wconf 94' lang='lat'>‚</span> <span class='ocrx_word' id='word_1_31' title='bbox 789 1468 888 1501; x_wconf 85' lang='lat' dir='ltr'>Bell.</span> <span class='ocrx_word' id='word_1_32' title='bbox 908 1466 1001 1509; x_wconf 63' lang='lat' dir='ltr'>Cio„</span> <span class='ocrx_word' id='word_1_33' title='bbox 1024 1467 1047 1501; x_wconf 91' lang='lat'>1.</span> <span class='ocrx_word' id='word_1_34' title='bbox 1066 1479 1098 1502; x_wconf 86' lang='lat'>11</span> <span class='ocrx_word' id='word_1_35' title='bbox 1112 1494 1122 1510; x_wconf 88' lang='lat'>,</span> <span class='ocrx_word' id='word_1_36' title='bbox 1136 1479 1176 1514; x_wconf 90' lang='lat' dir='ltr'>p.</span> <span class='ocrx_word' id='word_1_37' title='bbox 1199 1466 1293 1513; x_wconf 80' lang='lat'>737,</span> <span class='ocrx_word' id='word_1_38' title='bbox 1314 1468 1374 1504; x_wconf 90' lang='lat' dir='ltr'>ed.</span> <span class='ocrx_word' id='word_1_39' title='bbox 1404 1470 1491 1504; x_wconf 85' lang='lat' dir='ltr'>Var.</span> <span class='ocrx_word' id='word_1_40' title='bbox 1509 1483 1517 1503; x_wconf 90' lang='lat'>:</span> 
     </span>
     <span class='ocr_line' id='line_1_7' title="bbox 123 1532 1518 1583; baseline 0.001 -14"><span class='ocrx_word' id='word_1_41' title='bbox 123 1537 265 1581; x_wconf 81' lang='grc' dir='ltr'>περιεῖχε</span> <span class='ocrx_word' id='word_1_42' title='bbox 285 1532 324 1568; x_wconf 68' lang='grc' dir='ltr'>δὲ</span> <span class='ocrx_word' id='word_1_43' title='bbox 341 1540 360 1572; x_wconf 65' lang='grc' dir='ltr'>ἡ·</span> <span class='ocrx_word' id='word_1_44' title='bbox 375 1536 481 1581; x_wconf 71' lang='grc' dir='ltr'>γραφὴ</span> <span class='ocrx_word' id='word_1_45' title='bbox 501 1536 681 1580; x_wconf 62' lang='grc' dir='ltr'>κατάλογόν</span> <span class='ocrx_word' id='word_1_46' title='bbox 697 1549 732 1568; x_wconf 85' lang='grc' dir='ltr'>τε</span> <span class='ocrx_word' id='word_1_47' title='bbox 748 1537 881 1580; x_wconf 70' lang='grc' dir='ltr'>σέμνον,</span> <span class='ocrx_word' id='word_1_48' title='bbox 897 1532 937 1568; x_wconf 78' lang='grc' dir='ltr'>ὧν</span> <span class='ocrx_word' id='word_1_49' title='bbox 959 1534 990 1574; x_wconf 85' lang='grc' dir='ltr'>ἐξ</span> <span class='ocrx_word' id='word_1_50' title='bbox 1009 1535 1106 1580; x_wconf 69' lang='grc' dir='ltr'>ἀρχῆς</span> <span class='ocrx_word' id='word_1_51' title='bbox 1131 1536 1145 1568; x_wconf 86' lang='grc' dir='ltr'>ὁ</span> <span class='ocrx_word' id='word_1_52' title='bbox 1172 1537 1304 1581; x_wconf 72' lang='grc' dir='ltr'>Καῖσαρ</span> <span class='ocrx_word' id='word_1_53' title='bbox 1330 1537 1518 1583; x_wconf 76' lang='grc' dir='ltr'>ἐπεπράχει.</span> 
     </span>
     <span class='ocr_line' id='line_1_8' title="bbox 121 1591 1518 1638; baseline 0.001 -9"><span class='ocrx_word' id='word_1_54' title='bbox 121 1594 295 1629; x_wconf 80' lang='lat' dir='ltr'>Ceterum</span> <span class='ocrx_word' id='word_1_55' title='bbox 314 1593 390 1628; x_wconf 91' lang='lat' dir='ltr'>Dio</span> <span class='ocrx_word' id='word_1_56' title='bbox 410 1593 574 1636; x_wconf 84' lang='lat' dir='ltr'>Cassius,</span> <span class='ocrx_word' id='word_1_57' title='bbox 594 1592 660 1627; x_wconf 84' lang='lat' dir='ltr'>lib.</span> <span class='ocrx_word' id='word_1_58' title='bbox 686 1604 749 1626; x_wconf 80' lang='lat' dir='ltr'>xm</span> <span class='ocrx_word' id='word_1_59' title='bbox 762 1619 771 1635; x_wconf 86' lang='lat'>,</span> <span class='ocrx_word' id='word_1_60' title='bbox 791 1598 827 1626; x_wconf 90' lang='lat' dir='ltr'>et</span> <span class='ocrx_word' id='word_1_61' title='bbox 848 1591 1007 1638; x_wconf 86' lang='lat' dir='ltr'>Appian.</span> <span class='ocrx_word' id='word_1_62' title='bbox 1022 1619 1031 1635; x_wconf 92' lang='lat'>‚</span> <span class='ocrx_word' id='word_1_63' title='bbox 1063 1593 1149 1627; x_wconf 90' lang='lat' dir='ltr'>loco</span> <span class='ocrx_word' id='word_1_64' title='bbox 1170 1592 1253 1636; x_wconf 87' lang='lat' dir='ltr'>cit.‚</span> <span class='ocrx_word' id='word_1_65' title='bbox 1277 1593 1387 1629; x_wconf 85' lang='lat' dir='ltr'>hasce</span> <span class='ocrx_word' id='word_1_66' title='bbox 1413 1595 1518 1630; x_wconf 86' lang='lat' dir='ltr'>litte-</span> 
     </span>
     <span class='ocr_line' id='line_1_9' title="bbox 121 1653 1518 1701; baseline 0.001 -11"><span class='ocrx_word' id='word_1_67' title='bbox 121 1668 180 1690; x_wconf 83' lang='lat' dir='ltr'>ras</span> <span class='ocrx_word' id='word_1_68' title='bbox 199 1667 276 1690; x_wconf 85' lang='lat' dir='ltr'>non</span> <span class='ocrx_word' id='word_1_69' title='bbox 304 1668 325 1689; x_wconf 84' lang='lat' dir='ltr'>a</span> <span class='ocrx_word' id='word_1_70' title='bbox 352 1654 492 1698; x_wconf 85' lang='lat' dir='ltr'>Fabio,</span> <span class='ocrx_word' id='word_1_71' title='bbox 508 1654 586 1689; x_wconf 79' lang='lat' dir='ltr'>sed</span> <span class='ocrx_word' id='word_1_72' title='bbox 613 1666 631 1688; x_wconf 86' lang='lat' dir='ltr'>a</span> <span class='ocrx_word' id='word_1_73' title='bbox 647 1653 811 1689; x_wconf 87' lang='lat' dir='ltr'>Curione</span> <span class='ocrx_word' id='word_1_74' title='bbox 831 1653 942 1688; x_wconf 87' lang='lat' dir='ltr'>fuisse</span> <span class='ocrx_word' id='word_1_75' title='bbox 961 1653 1129 1689; x_wconf 82' lang='lat' dir='ltr'>redditas</span> <span class='ocrx_word' id='word_1_76' title='bbox 1148 1661 1372 1690; x_wconf 82' lang='lat' dir='ltr'>asseverant.</span> <span class='ocrx_word' id='word_1_77' title='bbox 1394 1656 1518 1701; x_wconf 89' lang='lat' dir='ltr'>Quum</span> 
     </span>
     <span class='ocr_line' id='line_1_10' title="bbox 121 1717 1518 1763; baseline 0.002 -10"><span class='ocrx_word' id='word_1_78' title='bbox 121 1725 244 1754; x_wconf 82' lang='lat' dir='ltr'>autem</span> <span class='ocrx_word' id='word_1_79' title='bbox 276 1717 388 1752; x_wconf 89' lang='lat' dir='ltr'>codd.</span> <span class='ocrx_word' id='word_1_80' title='bbox 415 1717 537 1752; x_wconf 86' lang='lat' dir='ltr'>nostri</span> <span class='ocrx_word' id='word_1_81' title='bbox 561 1717 638 1753; x_wconf 85' lang='lat' dir='ltr'>fere</span> <span class='ocrx_word' id='word_1_82' title='bbox 672 1729 803 1752; x_wconf 90' lang='lat' dir='ltr'>omnes</span> <span class='ocrx_word' id='word_1_83' title='bbox 830 1733 844 1748; x_wconf 75' lang='grc' dir='ltr'>α</span> <span class='ocrx_word' id='word_1_84' title='bbox 863 1730 881 1751; x_wconf 82' lang='lat' dir='ltr'>a</span> <span class='ocrx_word' id='word_1_85' title='bbox 906 1718 1057 1753; x_wconf 75' lang='lat' dir='ltr'>Fabio»</span> <span class='ocrx_word' id='word_1_86' title='bbox 1083 1717 1266 1763; x_wconf 82' lang='lat' dir='ltr'>habeant,</span> <span class='ocrx_word' id='word_1_87' title='bbox 1286 1719 1379 1755; x_wconf 89' lang='lat' dir='ltr'>nihil</span> <span class='ocrx_word' id='word_1_88' title='bbox 1407 1720 1518 1756; x_wconf 88' lang='lat' dir='ltr'>nobis</span> 
     </span>
     <span class='ocr_line' id='line_1_11' title="bbox 118 1778 527 1815; baseline -0.002 -1"><span class='ocrx_word' id='word_1_89' title='bbox 118 1779 344 1815; x_wconf 86' lang='lat' dir='ltr'>mutandum</span> <span class='ocrx_word' id='word_1_90' title='bbox 367 1778 527 1814; x_wconf 86' lang='lat' dir='ltr'>videtur.</span> 
     </span>
    </p>

    <p class='ocr_par' dir='ltr' id='par_1_6' title="bbox 118 1839 1517 1950">
     <span class='ocr_line' id='line_1_12' title="bbox 182 1839 1517 1889; baseline 0.002 -12"><span class='ocrx_word' id='word_1_91' title='bbox 182 1841 420 1877; x_wconf 67' lang='lat' dir='ltr'>Triballorum</span> <span class='ocrx_word' id='word_1_92' title='bbox 446 1841 575 1889; x_wconf 84' lang='lat' dir='ltr'>plebis</span> <span class='ocrx_word' id='word_1_93' title='bbox 610 1839 853 1876; x_wconf 71' lang='lat' dir='ltr'>contentione.</span> <span class='ocrx_word' id='word_1_94' title='bbox 886 1841 1002 1877; x_wconf 85' lang='lat' dir='ltr'>Cassii</span> <span class='ocrx_word' id='word_1_95' title='bbox 1030 1841 1173 1877; x_wconf 85' lang='lat' dir='ltr'>scilicet</span> <span class='ocrx_word' id='word_1_96' title='bbox 1207 1850 1243 1878; x_wconf 89' lang='lat' dir='ltr'>et</span> <span class='ocrx_word' id='word_1_97' title='bbox 1272 1843 1450 1889; x_wconf 85' lang='lat' dir='ltr'>Antonii,</span> <span class='ocrx_word' id='word_1_98' title='bbox 1478 1851 1517 1879; x_wconf 89' lang='lat' dir='ltr'>ut</span> 
     </span>
     <span class='ocr_line' id='line_1_13' title="bbox 118 1903 546 1950; baseline 0.002 -13"><span class='ocrx_word' id='word_1_99' title='bbox 118 1903 247 1939; x_wconf 87' lang='lat' dir='ltr'>videre</span> <span class='ocrx_word' id='word_1_100' title='bbox 274 1910 328 1939; x_wconf 87' lang='lat' dir='ltr'>est</span> <span class='ocrx_word' id='word_1_101' title='bbox 350 1915 370 1939; x_wconf 88' lang='lat' dir='ltr'>e</span> <span class='ocrx_word' id='word_1_102' title='bbox 390 1915 470 1950; x_wconf 85' lang='lat' dir='ltr'>cap.</span> <span class='ocrx_word' id='word_1_103' title='bbox 500 1915 546 1939; x_wconf 89' lang='lat'>11.</span> 
     </span>
    </p>

    <p class='ocr_par' dir='ltr' id='par_1_7' title="bbox 118 1965 1516 2063">
     <span class='ocr_line' id='line_1_14' title="bbox 171 1965 1516 2016; baseline 0.002 -15"><span class='ocrx_word' id='word_1_104' title='bbox 171 1965 353 2013; x_wconf 79' lang='lat' dir='ltr'>Referunt</span> <span class='ocrx_word' id='word_1_105' title='bbox 376 1967 556 2001; x_wconf 83' lang='lat' dir='ltr'>consules.</span> <span class='ocrx_word' id='word_1_106' title='bbox 584 1966 626 2001; x_wconf 94' lang='lat' dir='ltr'>L.</span> <span class='ocrx_word' id='word_1_107' title='bbox 656 1966 835 2001; x_wconf 87' lang='lat' dir='ltr'>Lentulus</span> <span class='ocrx_word' id='word_1_108' title='bbox 855 1972 891 2001; x_wconf 90' lang='lat' dir='ltr'>et</span> <span class='ocrx_word' id='word_1_109' title='bbox 914 1967 952 2003; x_wconf 94' lang='lat' dir='ltr'>C.</span> <span class='ocrx_word' id='word_1_110' title='bbox 980 1967 1201 2013; x_wconf 88' lang='lat' dir='ltr'>Marcellus,</span> <span class='ocrx_word' id='word_1_111' title='bbox 1224 1975 1379 2016; x_wconf 89' lang='lat' dir='ltr'>uterque</span> <span class='ocrx_word' id='word_1_112' title='bbox 1398 1968 1516 2004; x_wconf 85' lang='lat' dir='ltr'>Caesa-</span> 
     </span>
     <span class='ocr_line' id='line_1_15' title="bbox 118 2027 371 2063; baseline 0 0"><span class='ocrx_word' id='word_1_113' title='bbox 118 2028 169 2063; x_wconf 87' lang='lat' dir='ltr'>ris</span> <span class='ocrx_word' id='word_1_114' title='bbox 187 2027 371 2063; x_wconf 88' lang='lat' dir='ltr'>inimicus.</span> 
     </span>
    </p>

    <p class='ocr_par' dir='ltr' id='par_1_8' title="bbox 174 2090 1118 2139">
     <span class='ocr_line' id='line_1_16' title="bbox 174 2090 1118 2139; baseline 0.001 -14"><span class='ocrx_word' id='word_1_115' title='bbox 174 2091 311 2138; x_wconf 83' lang='lat' dir='ltr'>Scipio.</span> <span class='ocrx_word' id='word_1_116' title='bbox 339 2090 514 2126; x_wconf 86' lang='lat' dir='ltr'>Metellus</span> <span class='ocrx_word' id='word_1_117' title='bbox 539 2090 687 2138; x_wconf 89' lang='lat' dir='ltr'>Scipio,</span> <span class='ocrx_word' id='word_1_118' title='bbox 715 2091 782 2126; x_wconf 91' lang='lat' dir='ltr'>Cn.</span> <span class='ocrx_word' id='word_1_119' title='bbox 806 2091 977 2139; x_wconf 89' lang='lat' dir='ltr'>Pompeii</span> <span class='ocrx_word' id='word_1_120' title='bbox 1002 2104 1118 2127; x_wconf 88' lang='lat' dir='ltr'>socer.</span> 
     </span>
    </p>

    <p class='ocr_par' dir='ltr' id='par_1_9' title="bbox 118 2152 1513 2263">
     <span class='ocr_line' id='line_1_17' title="bbox 175 2152 1513 2202; baseline 0.002 -14"><span class='ocrx_word' id='word_1_121' title='bbox 175 2152 260 2188; x_wconf 52' lang='lat' dir='ltr'>Cap.</span> <span class='ocrx_word' id='word_1_122' title='bbox 288 2153 338 2190; x_wconf 90' lang='lat'>11.</span> <span class='ocrx_word' id='word_1_123' title='bbox 377 2154 434 2189; x_wconf 88' lang='lat' dir='ltr'>M.</span> <span class='ocrx_word' id='word_1_124' title='bbox 472 2153 690 2189; x_wconf 76' lang='lat' dir='ltr'>Marcellus.</span> <span class='ocrx_word' id='word_1_125' title='bbox 722 2153 828 2189; x_wconf 85' lang='lat' dir='ltr'>Idem</span> <span class='ocrx_word' id='word_1_126' title='bbox 853 2165 941 2188; x_wconf 86' lang='lat' dir='ltr'>sane</span> <span class='ocrx_word' id='word_1_127' title='bbox 967 2154 1046 2198; x_wconf 87' lang='lat' dir='ltr'>cui,</span> <span class='ocrx_word' id='word_1_128' title='bbox 1071 2153 1245 2189; x_wconf 85' lang='lat' dir='ltr'>confecto</span> <span class='ocrx_word' id='word_1_129' title='bbox 1282 2154 1513 2202; x_wconf 84' lang='lat' dir='ltr'>Pompeiano</span> 
     </span>
     <span class='ocr_line' id='line_1_18' title="bbox 118 2215 570 2263; baseline -0.004 -12"><span class='ocrx_word' id='word_1_130' title='bbox 118 2215 222 2251; x_wconf 89' lang='lat' dir='ltr'>hello</span> <span class='ocrx_word' id='word_1_131' title='bbox 235 2242 245 2259; x_wconf 94' lang='lat'>‚</span> <span class='ocrx_word' id='word_1_132' title='bbox 264 2215 386 2251; x_wconf 82' lang='lat' dir='ltr'>Caesar</span> <span class='ocrx_word' id='word_1_133' title='bbox 413 2215 570 2263; x_wconf 88' lang='lat' dir='ltr'>ignovit.</span> 
     </span>
    </p>

    <p class='ocr_par' dir='ltr' id='par_1_10' title="bbox 117 2277 1513 2384">
     <span class='ocr_line' id='line_1_19' title="bbox 176 2277 1513 2325; baseline 0.002 -13"><span class='ocrx_word' id='word_1_134' title='bbox 176 2277 352 2325; x_wconf 79' lang='lat' dir='ltr'>Abreptis</span> <span class='ocrx_word' id='word_1_135' title='bbox 386 2278 436 2313; x_wconf 85' lang='lat' dir='ltr'>ab</span> <span class='ocrx_word' id='word_1_136' title='bbox 467 2290 510 2313; x_wconf 83' lang='lat' dir='ltr'>eo</span> <span class='ocrx_word' id='word_1_137' title='bbox 543 2289 585 2312; x_wconf 90' lang='lat'>11</span> <span class='ocrx_word' id='word_1_138' title='bbox 621 2278 837 2325; x_wconf 75' lang='lat' dir='ltr'>legionibus.</span> <span class='ocrx_word' id='word_1_139' title='bbox 868 2278 981 2324; x_wconf 87' lang='lat' dir='ltr'>Vide,</span> <span class='ocrx_word' id='word_1_140' title='bbox 1016 2291 1056 2315; x_wconf 85' lang='lat' dir='ltr'>ea</span> <span class='ocrx_word' id='word_1_141' title='bbox 1096 2280 1144 2315; x_wconf 89' lang='lat' dir='ltr'>de</span> <span class='ocrx_word' id='word_1_142' title='bbox 1180 2293 1239 2325; x_wconf 90' lang='lat' dir='ltr'>re,</span> <span class='ocrx_word' id='word_1_143' title='bbox 1270 2281 1368 2316; x_wconf 83' lang='lat' dir='ltr'><em>Bell.</em></span> <span class='ocrx_word' id='word_1_144' title='bbox 1395 2281 1513 2324; x_wconf 62' lang='lat' dir='ltr'>Gall,</span> 
     </span>
     <span class='ocr_line' id='line_1_20' title="bbox 117 2338 304 2384; baseline 0.005 -10"><span class='ocrx_word' id='word_1_145' title='bbox 117 2352 217 2384; x_wconf 80' lang='lat' dir='ltr'>vul,</span> <span class='ocrx_word' id='word_1_146' title='bbox 243 2338 304 2383; x_wconf 78' lang='grc'>54.</span> 
     </span>
    </p>

    <p class='ocr_par' dir='ltr' id='par_1_11' title="bbox 117 2400 1509 2513">
     <span class='ocr_line' id='line_1_21' title="bbox 173 2400 1509 2451; baseline 0.001 -14"><span class='ocrx_word' id='word_1_147' title='bbox 173 2403 228 2437; x_wconf 88' lang='grc' dir='ltr'>Μ.</span> <span class='ocrx_word' id='word_1_148' title='bbox 255 2400 387 2448; x_wconf 73' lang='lat' dir='ltr'>Rufus.</span> <span class='ocrx_word' id='word_1_149' title='bbox 413 2402 467 2437; x_wconf 88' lang='grc' dir='ltr'>Μ.</span> <span class='ocrx_word' id='word_1_150' title='bbox 491 2401 628 2438; x_wconf 88' lang='lat' dir='ltr'>Coelius</span> <span class='ocrx_word' id='word_1_151' title='bbox 646 2402 783 2449; x_wconf 83' lang='lat' dir='ltr'>Rufus,</span> <span class='ocrx_word' id='word_1_152' title='bbox 811 2416 922 2451; x_wconf 89' lang='lat' dir='ltr'>quem</span> <span class='ocrx_word' id='word_1_153' title='bbox 941 2403 988 2439; x_wconf 89' lang='lat' dir='ltr'>de</span> <span class='ocrx_word' id='word_1_154' title='bbox 1010 2404 1048 2438; x_wconf 84' lang='lat' dir='ltr'>vi</span> <span class='ocrx_word' id='word_1_155' title='bbox 1067 2411 1278 2440; x_wconf 86' lang='lat' dir='ltr'>accusatum</span> <span class='ocrx_word' id='word_1_156' title='bbox 1301 2404 1432 2440; x_wconf 88' lang='lat' dir='ltr'>Cicero</span> <span class='ocrx_word' id='word_1_157' title='bbox 1447 2404 1509 2439; x_wconf 89' lang='lat' dir='ltr'>in-</span> 
     </span>
     <span class='ocr_line' id='line_1_22' title="bbox 117 2464 612 2513; baseline 0 -13"><span class='ocrx_word' id='word_1_158' title='bbox 117 2464 216 2513; x_wconf 85' lang='lat' dir='ltr'>signi</span> <span class='ocrx_word' id='word_1_159' title='bbox 237 2465 409 2501; x_wconf 81' lang='lat' dir='ltr'>oratione</span> <span class='ocrx_word' id='word_1_160' title='bbox 431 2464 612 2500; x_wconf 87' lang='lat' dir='ltr'>defendit.</span> 
     </span>
    </p>

    <p class='ocr_par' dir='ltr' id='par_1_12' title="bbox 116 2527 1511 2636">
     <span class='ocr_line' id='line_1_23' title="bbox 173 2527 1511 2575; baseline 0 -13"><span class='ocrx_word' id='word_1_161' title='bbox 173 2528 219 2574; x_wconf 84' lang='lat' dir='ltr'>Q.</span> <span class='ocrx_word' id='word_1_162' title='bbox 246 2527 407 2563; x_wconf 82' lang='lat' dir='ltr'>Cassius.</span> <span class='ocrx_word' id='word_1_163' title='bbox 434 2527 504 2563; x_wconf 88' lang='lat' dir='ltr'>Cui</span> <span class='ocrx_word' id='word_1_164' title='bbox 527 2527 680 2575; x_wconf 89' lang='lat' dir='ltr'>quidem</span> <span class='ocrx_word' id='word_1_165' title='bbox 698 2527 813 2563; x_wconf 84' lang='lat' dir='ltr'>frater</span> <span class='ocrx_word' id='word_1_166' title='bbox 838 2535 917 2564; x_wconf 84' lang='lat' dir='ltr'>erat</span> <span class='ocrx_word' id='word_1_167' title='bbox 943 2527 982 2564; x_wconf 93' lang='lat' dir='ltr'>C.</span> <span class='ocrx_word' id='word_1_168' title='bbox 1000 2528 1164 2575; x_wconf 86' lang='lat' dir='ltr'>Cassius,</span> <span class='ocrx_word' id='word_1_169' title='bbox 1186 2542 1280 2564; x_wconf 88' lang='lat' dir='ltr'>unus</span> <span class='ocrx_word' id='word_1_170' title='bbox 1301 2540 1431 2564; x_wconf 88' lang='lat' dir='ltr'>eorum</span> <span class='ocrx_word' id='word_1_171' title='bbox 1447 2527 1511 2575; x_wconf 85' lang='lat' dir='ltr'>qui</span> 
     </span>
     <span class='ocr_line' id='line_1_24' title="bbox 116 2591 653 2636; baseline 0.002 -11"><span class='ocrx_word' id='word_1_172' title='bbox 116 2591 149 2625; x_wconf 84' lang='lat' dir='ltr'>J.</span> <span class='ocrx_word' id='word_1_173' title='bbox 176 2591 358 2625; x_wconf 78' lang='lat' dir='ltr'>Caesarem</span> <span class='ocrx_word' id='word_1_174' title='bbox 382 2596 653 2636; x_wconf 86' lang='lat' dir='ltr'>percusserunt.</span> 
     </span>
    </p>

    <p class='ocr_par' dir='ltr' id='par_1_13' title="bbox 118 2652 1507 2759">
     <span class='ocr_line' id='line_1_25' title="bbox 170 2652 1507 2701; baseline -0.001 -13"><span class='ocrx_word' id='word_1_175' title='bbox 170 2652 261 2700; x_wconf 87' lang='lat' dir='ltr'>Cap.</span> <span class='ocrx_word' id='word_1_176' title='bbox 290 2652 358 2688; x_wconf 91' lang='lat' dir='ltr'>III.</span> <span class='ocrx_word' id='word_1_177' title='bbox 378 2653 421 2687; x_wconf 89' lang='lat' dir='ltr'>L.</span> <span class='ocrx_word' id='word_1_178' title='bbox 436 2652 591 2687; x_wconf 84' lang='lat' dir='ltr'>Roscius</span> <span class='ocrx_word' id='word_1_179' title='bbox 608 2660 763 2700; x_wconf 81' lang='lat' dir='ltr'>proetor.</span> <span class='ocrx_word' id='word_1_180' title='bbox 791 2652 897 2689; x_wconf 89' lang='lat' dir='ltr'>Idem</span> <span class='ocrx_word' id='word_1_181' title='bbox 911 2653 975 2689; x_wconf 87' lang='lat' dir='ltr'>ille</span> <span class='ocrx_word' id='word_1_182' title='bbox 999 2660 1052 2689; x_wconf 92' lang='lat' dir='ltr'>est</span> <span class='ocrx_word' id='word_1_183' title='bbox 1077 2653 1124 2688; x_wconf 90' lang='lat' dir='ltr'>de</span> <span class='ocrx_word' id='word_1_184' title='bbox 1147 2665 1222 2701; x_wconf 89' lang='lat' dir='ltr'>quo</span> <span class='ocrx_word' id='word_1_185' title='bbox 1251 2652 1392 2700; x_wconf 82' lang='lat' dir='ltr'>agitur,</span> <span class='ocrx_word' id='word_1_186' title='bbox 1412 2653 1507 2687; x_wconf 84' lang='lat' dir='ltr'>Bell.</span> 
     </span>
     <span class='ocr_line' id='line_1_26' title="bbox 118 2714 539 2759; baseline 0 -10"><span class='ocrx_word' id='word_1_187' title='bbox 118 2714 240 2757; x_wconf 87' lang='lat' dir='ltr'>Gall.,</span> <span class='ocrx_word' id='word_1_188' title='bbox 266 2714 332 2750; x_wconf 89' lang='lat' dir='ltr'>lib.</span> <span class='ocrx_word' id='word_1_189' title='bbox 354 2727 399 2759; x_wconf 85' lang='lat' dir='ltr'>v,</span> <span class='ocrx_word' id='word_1_190' title='bbox 422 2727 451 2750; x_wconf 91' lang='lat' dir='ltr'>c.</span> <span class='ocrx_word' id='word_1_191' title='bbox 480 2718 539 2756; x_wconf 74' lang='lat'>24.</span> 
     </span>
    </p>
   </div>
   <div class='ocr_carea' id='block_1_6' title="bbox 346 2801 1314 2830">
    <p class='ocr_par' dir='ltr' id='par_1_14' title="bbox 346 2801 1314 2830">
     <span class='ocr_line' id='line_1_27' title="bbox 346 2801 1314 2830; baseline 0.002 -2"><span class='ocrx_word' id='word_1_192' title='bbox 346 2801 394 2828; x_wconf 88' lang='lat'>11.</span> <span class='ocrx_word' id='word_1_193' title='bbox 1255 2803 1314 2830; x_wconf 82' lang='lat'>20</span> 
     </span>
    </p>
   </div>
  </div>
 </body>
</html>
