1972 3356
578 227 644 262 DE
671 227 833 263 BELLO
865 227 1086 262 GALLICO
1118 228 1208 263 LIB.
1234 228 1298 262 IV.
1587 231 1634 265 83

247 308 366 370 rant)
395 311 558 370 passim
592 312 742 372 fugere
770 312 922 372 coepit3
949 311 1004 355 ad
1031 328 1140 372 quos
1165 310 1479 356 consectandos
1501 315 1645 357 Caesar

245 390 489 450 equitatum
517 392 650 436 misit.

313 473 412 515 XV.
450 473 689 529 Germani,
725 482 825 533 post
861 482 1035 535 tergum
1067 472 1261 518 clamore
1295 474 1476 530 audito,
1508 491 1646 534 quum

244 568 347 595 suos
375 552 564 596 interfici
589 552 812 609 viderent,
839 554 973 596 armis
1003 553 1205 614 abjectis,
1231 554 1455 615 signisque
1486 554 1648 598 milita-

245 632 366 677 ribus
396 632 582 690 relictis,
611 649 655 677 se
683 650 735 677 ex
767 634 922 678 castris
953 634 1202 694 ejecerunt;
1229 643 1271 677 et
1299 651 1438 694 quum
1463 635 1517 678 ad
1546 652 1649 679 con-

246 712 456 757 fluentem
483 715 621 758 Mosae
650 724 693 758 et
721 714 865 758 Rheni
892 715 1216 775 pervenissent,
1244 713 1415 776 reliqua
1445 715 1549 777 fuga
1577 716 1651 759 de-

245 803 438 854 sperata,
465 811 627 856 magno
658 811 846 839 numero
871 794 1124 852 interfecto,
1148 794 1309 857 reliqui
1339 813 1383 840 se
1411 797 1455 839 in
1484 796 1649 840 flumen

246 876 658 937 praecipitaverunt,
689 887 823 938 atque
857 877 916 920 ibi
959 877 1145 933 timore,
1187 876 1473 934 lassitudine,
1499 878 1539 921 vi
1570 877 1652 921 flu-

245 957 377 1001 minis
399 959 622 1019 oppressi,
645 960 890 1020 perierunt.
923 959 1077 1003 Nostri
1105 957 1160 1001 ad
1190 975 1329 1002 unum
1354 975 1505 1003 omnes
1533 960 1653 1002 inco-

248 1037 410 1095 lumes,
434 1040 666 1101 perpaucis
689 1038 954 1096 vulneratis,
979 1056 1029 1084 ex
1053 1040 1166 1083 tanti
1186 1038 1291 1083 belli
1315 1040 1494 1098 timore,
1515 1057 1653 1101 quum

247 1120 441 1165 hostium
473 1138 686 1166 numerus
712 1122 909 1182 capitum
939 1137 1093 1166 Dcxxx
1119 1119 1309 1164 millium
1336 1121 1508 1178 fuisset,
1538 1139 1583 1165 se
1610 1123 1653 1165 in

246 1211 388 1246 castra
415 1213 692 1264 receperunt.
715 1205 862 1247 Caesar
886 1203 974 1258 his,
999 1219 1110 1263 quos
1136 1203 1179 1246 in
1205 1203 1360 1247 castris
1389 1205 1653 1259 retinuerat,

247 1283 499 1328 discedendi
534 1294 795 1345 potestatem
828 1284 942 1328 fecit.
978 1283 1070 1338 Illi,
1101 1282 1314 1344 supplicia
1346 1286 1655 1346 cruciatusque

248 1364 482 1409 Gallorum
514 1367 665 1421 veriti,
702 1382 891 1425 quorum
933 1382 1062 1426 agros
1101 1375 1389 1421 vexaverant,
1428 1382 1656 1410 remanere

247 1464 292 1491 se
320 1447 439 1509 apud
465 1464 566 1492 eum
596 1445 707 1491 velle
739 1446 961 1490 dixerunt.
996 1447 1074 1489 His
1099 1448 1243 1490 Caesar
1270 1444 1518 1489 libertatem
1550 1463 1655 1490 con-

246 1529 388 1573 cessit.

312 1612 434 1656 XVI.
472 1612 742 1656 Germanico
764 1610 881 1655 bello
905 1611 1127 1667 confecto,
1149 1608 1300 1653 multis
1326 1609 1379 1652 dc
1401 1610 1543 1653 causis
1563 1612 1658 1654 Cae-

246 1709 317 1736 sar
336 1693 510 1749 statuit,
533 1693 615 1737 sibi
638 1693 846 1737 Rhenum
870 1710 962 1737 esse
989 1691 1311 1736 transeundum
1337 1710 1345 1734 ;
1372 1708 1561 1752 quarum
1585 1690 1657 1735 illa

247 1774 331 1820 fuit
359 1776 624 1836 justissima,
654 1774 795 1836 quod,
831 1791 970 1835 quum
999 1774 1171 1817 videret
1195 1775 1446 1818 Germanos
1476 1783 1563 1817 tam
1598 1773 1659 1817 fa-

247 1855 329 1900 cile
362 1855 553 1917 impelli,
579 1865 627 1899 ut
658 1857 702 1899 in
727 1854 922 1900 Galliam
946 1855 1178 1910 venirent,
1209 1855 1298 1898 suis
1322 1871 1501 1915 quoque
1529 1854 1660 1899 rebus

248 1954 322 1981 eos
356 1938 514 1981 timere
543 1935 714 1993 voluit,
747 1953 885 1997 quum
920 1934 1247 1997 intelligerent,
1286 1944 1328 1978 et
1357 1952 1483 1996 posse
1511 1946 1555 1980 et
1584 1953 1661 1980 au-

249 2018 353 2063 dere
374 2017 528 2080 populi
549 2018 724 2061 romani
745 2017 990 2061 exercitum
1009 2017 1218 2061 Rhenum
1236 2017 1439 2060 transire.
1464 2017 1662 2061 Accessit

250 2101 406 2155 eliam,
430 2098 550 2160 quod
574 2098 648 2143 illa
672 2115 773 2160 pars
797 2098 1020 2159 equitatus
1040 2099 1278 2159 Usipetum
1301 2106 1345 2141 et
1358 2097 1662 2141 Tenchthero-

250 2198 350 2225 rum
366 2216 377 2237 ,
402 2197 536 2242 quam
562 2196 695 2242 supra
720 2180 1064 2224 commemoravi
1090 2177 1315 2240 praedandi
1342 2177 1663 2222 frumentandi-

251 2280 336 2323 que
372 2278 504 2306 causa
539 2263 713 2305 Mosam
746 2261 974 2317 transisse,
1009 2276 1154 2321 neque
1189 2258 1346 2321 proelio
1383 2259 1661 2316 interfuisse,

254 2354 350 2406 post
376 2343 528 2406 fugam
551 2359 734 2387 suorum
758 2359 803 2386 se
826 2352 948 2386 trans
976 2341 1185 2386 Rhenum
1210 2340 1255 2384 in
1279 2339 1389 2384 fines
1409 2340 1662 2402 Sigambro-

253 2443 352 2470 rum
378 2434 631 2487 receperat,
653 2440 786 2485 seque
801 2441 903 2468 cum
920 2424 972 2468 iis
987 2423 1293 2483 conjunxerat.
1310 2420 1378 2466 Ad
1393 2438 1504 2482 quos
1522 2438 1661 2482 quum

254 2512 399 2554 Caesar
433 2508 615 2552 nuntios
650 2507 865 2561 misisset,
902 2507 978 2567 qui
1016 2503 1315 2566 postularent,
1346 2519 1441 2557 eos,
1472 2503 1547 2563 qui
1579 2502 1662 2546 sibi

257 2589 500 2651 Gralliaeque
535 2587 701 2633 bellum
732 2587 1008 2643 intulissent,
1039 2587 1119 2631 sibi
1154 2585 1392 2639 dederent,
1421 2583 1661 2645 responde-

271 2683 399 2718 runt:
429 2692 448 2713 «
473 2670 631 2733 Populi
662 2670 834 2715 romani
865 2670 1100 2731 imperium
1132 2668 1339 2714 Rhenum
1365 2666 1492 2711 finire
1517 2684 1525 2710 :
1553 2668 1587 2710 si
1618 2683 1662 2710 se
