1972 3356
535 226 602 262 DE
623 224 781 261 BELLO
811 222 1198 259 ALEXANDRINO.
1483 220 1555 256 203

165 313 449 356 Carmonam.
488 309 578 353 Sub
608 308 722 353 idem
753 318 923 368 tempus
955 305 1201 350 Trebonius
1231 303 1468 365 proconsul
1502 303 1557 348 ad

162 392 437 453 provinciam
462 388 750 434 obtinendam
777 388 910 432 venit.
946 388 1015 431 De
1038 386 1163 446 cujus
1193 384 1386 429 adventu
1414 393 1463 429 ut
1488 401 1558 429 co-

162 474 316 535 gnovit
343 472 540 526 Cassius,
569 469 786 531 legiones,
814 484 922 528 quas
950 482 1097 510 secum
1127 466 1364 522 habuerat,
1392 466 1559 526 equita·

162 564 346 614 tumque
371 554 416 596 in
439 551 621 595 hiberna
649 547 873 592 distribuit
899 563 908 590 ε
938 547 1055 607 ipse,
1080 545 1286 589 omnibus
1310 546 1400 590 suis
1427 546 1558 591 rebus

161 634 359 680 celeriter
383 631 618 693 correptis,
643 628 863 674 Malacam
900 626 1151 683 contendit3
1187 626 1335 686 ibique
1373 626 1558 672 adverso

162 726 358 777 tempore
377 710 612 774 navigandi
635 726 766 755 naves
787 707 1063 762 conscendit,
1086 716 1135 751 ut
1156 707 1248 768 ipse
1268 706 1558 768 praedicabat,

162 813 216 840 ne
236 812 279 840 se
303 793 470 856 Lepido
486 828 497 850 ,
522 801 565 836 et
585 790 831 846 Trebonio,
859 798 904 833 et
928 786 1143 832 Marcello
1166 788 1482 845 committeret;
1510 799 1559 833 ut

159 878 287 922 amici
314 876 406 937 ejus
436 873 721 928 dictitabant,
752 888 807 915 ne
833 888 910 933 per
937 887 1035 915 eam
1073 870 1350 931 provinciam
1387 871 1559 915 minore

159 974 258 1002 cum
284 956 499 1019 dignitate
523 956 604 999 iter
627 954 811 1010 faceret,
839 952 964 1013 cujus
988 968 1146 1013 magna
1170 968 1272 1013 pars
1298 952 1351 995 ab
1374 969 1425 996 eo
1446 951 1560 996 defe-

158 1048 302 1092 cerat,
327 1047 376 1082 ut
398 1037 529 1081 ceteri
554 1035 882 1089 existimabant,
905 1051 959 1077 ne
978 1033 1165 1094 pecunia
1180 1031 1275 1089 illa,
1299 1049 1350 1077 ex
1376 1033 1560 1078 infinitis

158 1120 323 1181 rapinis
346 1118 546 1163 confecta
562 1153 573 1174 ,
597 1118 641 1161 in
671 1125 929 1176 potestatem
959 1115 1218 1176 cujusquam
1248 1115 1429 1158 veniret.
1455 1117 1561 1160 Pro-

160 1217 334 1263 gressus
360 1198 576 1257 secunda,
600 1207 648 1242 ut
680 1198 888 1252 hiberna,
919 1205 1197 1257 tempestate,
1225 1212 1363 1256 quum
1394 1196 1436 1240 in
1462 1196 1562 1240 Ibe-

159 1298 257 1324 rum
299 1280 464 1324 flumen
502 1280 642 1324 noctis
673 1277 863 1322 vitandae
892 1293 1023 1321 causa
1056 1293 1100 1320 se
1139 1275 1424 1332 contulisset,
1459 1277 1562 1321 inde

158 1360 289 1422 paulo
314 1360 639 1405 vehementiore
663 1368 923 1419 tempestate
945 1356 1084 1402 nihilo
1108 1356 1398 1418 periculosius
1420 1375 1463 1402 se
1490 1375 1561 1402 na-

157 1442 413 1503 vigaturum
438 1440 639 1497 credens,
668 1439 891 1501 profectus
916 1437 1110 1482 adversis
1147 1438 1373 1496 fluctibus,
1409 1456 1563 1483 occur·

156 1522 356 1566 rentibus
385 1522 498 1566 ostio
526 1521 744 1578 fluminis,
775 1521 818 1563 in
852 1520 958 1581 ipsis
986 1517 1210 1575 faucibus,
1243 1536 1379 1580 quum
1419 1537 1561 1580 neque

155 1601 330 1646 flectere
351 1603 499 1646 navim
519 1611 704 1664 propter
726 1601 816 1644 vim
839 1600 1058 1658 fluminis,
1080 1616 1222 1661 neque
1244 1599 1455 1644 directam
1471 1610 1563 1645 tan-

155 1684 210 1728 tis
236 1682 444 1728 fluctibus
468 1693 619 1728 tenere
644 1692 810 1744 posset,
840 1682 1040 1726 demersa
1066 1682 1190 1739 navi,
1219 1683 1363 1743 periit.

223 1767 362 1810 LXV.
385 1765 537 1822 Quum
568 1764 613 1808 in
631 1764 803 1825 Syriam
827 1764 974 1807 Caesar
992 1779 1043 1806 ex
1062 1764 1251 1824 AEgypto
1269 1764 1482 1820 venisset,
1501 1775 1560 1810 at-

157 1863 242 1907 que
258 1846 313 1890 ab
332 1847 402 1903 iis,
423 1846 498 1906 qui
518 1848 659 1890 Roma
677 1853 894 1888 venerant
911 1843 965 1887 ad
983 1861 1104 1901 eum,
1124 1855 1432 1906 cognosceret,
1454 1845 1564 1891 litte-

156 1928 305 1989 risque
320 1927 502 1972 urbanis
523 1925 918 1983 animadverteret,
939 1924 1078 1969 multa
1101 1927 1253 1969 Romae
1275 1924 1388 1970 male
1402 1937 1444 1970 et
1466 1927 1563 1972 inu·

157 2008 290 2053 tiliter
312 2009 634 2061 administrari,
660 2023 802 2068 neque
828 2005 961 2051 ullam
984 2016 1155 2068 partem
1180 2006 1433 2068 reipublicae
1457 2010 1560 2053 satis

155 2089 385 2134 commode
411 2089 523 2151 geri,
548 2087 668 2149 quod
695 2097 735 2132 et
761 2087 1122 2131 contentionibus
1147 2087 1388 2132 tribunitiis
1413 2090 1562 2150 perni-

156 2171 285 2214 ciosae
299 2169 534 2214 seditiones
553 2170 790 2224 orirentur,
808 2177 849 2212 et
865 2168 1108 2212 ambitione
1126 2178 1259 2229 atque
1286 2167 1562 2231 indulgentia

155 2252 437 2296 tribunorum
472 2249 685 2307 militum,
717 2259 760 2293 et
783 2249 858 2310 qui
885 2247 1132 2310 legionibus
1154 2259 1393 2310 praeerant,
1422 2250 1563 2296 multa

155 2343 309 2377 contra
331 2348 498 2376 morem
524 2330 980 2391 consuetudinemque
1005 2329 1242 2374 militarem
1269 2330 1440 2388 fierent,
1463 2349 1562 2393 quae

155 2412 442 2458 dissolvendae
456 2412 697 2475 disciplinae
712 2412 1045 2473 severitatisque
1063 2421 1206 2456 essent
1219 2447 1230 2469 ,
1252 2428 1390 2473 eaque
1410 2413 1560 2456 omnia

155 2494 353 2555 flagitare
368 2494 604 2539 adventum
622 2510 750 2538 suum
761 2492 950 2550 videret,
968 2503 1116 2537 tamen
1132 2492 1454 2553 praeferendum
1476 2495 1562 2537 exi-

157 2576 363 2631 stimavit,
378 2592 486 2638 quas
502 2576 545 2619 in
563 2574 811 2637 provincias
827 2574 1114 2636 regionesque
1128 2574 1332 2631 venisset,
1343 2590 1412 2618 eas
1427 2574 1486 2618 ita
1502 2591 1563 2618 re-

157 2655 355 2718 linquere
379 2657 641 2702 constitutas
656 2691 667 2713 ,
693 2665 741 2700 ut
761 2654 1012 2700 domesticis
1035 2654 1382 2699 dissensionibus
1408 2654 1563 2700 libera-
