1972 3356
332 275 377 312 44
546 270 583 303 C.
618 269 743 303 JULII
775 268 991 302 CAESARIS
1024 267 1515 304 COMMENTARIORUM

332 364 523 413 utroque
552 352 687 395 latere
715 352 808 411 ejus
845 348 969 394 collis
1012 360 1304 395 transversam
1346 350 1506 394 fossam
1545 351 1723 394 obduxit

333 435 508 478 circiter
526 449 735 493 passuum
752 448 827 487 cc,
846 441 887 474 et
911 431 963 474 ad
983 440 1205 474 extremas
1220 430 1355 474 fossas
1374 430 1552 475 castella
1572 433 1730 475 consti-

332 515 435 568 tuit,
472 513 620 573 ibique
656 522 877 556 tormenta
911 510 1170 567 collocavit,
1206 528 1280 568 ne,
1315 529 1453 572 quum
1489 512 1625 555 aciem
1662 512 1730 554 iu-

332 593 580 646 struxisset‚
610 592 775 647 hostes,
817 592 937 652 quod
974 601 1144 636 tantum
1182 591 1466 636 multitudine
1504 601 1730 653 poterant,

333 673 386 716 ab
416 672 625 717 lateribus
659 682 907 733 pugnantes
935 689 1035 716 suos
1066 673 1388 716 circumvenire
1418 682 1608 733 possent.
1637 674 1731 715 Hoc

333 753 467 810 sacto,
504 752 675 797 duabus
707 751 981 814 legionibus,
1016 770 1123 813 quas
1153 753 1352 812 proxime
1387 753 1725 813 conscripserat,

332 834 375 878 in
402 834 552 878 castris
586 832 770 889 relictis,
804 843 873 887 ut,
903 833 937 876 si
965 849 1051 893 qua
1084 849 1195 893 opus
1234 842 1364 889 esset,
1393 833 1588 877 subsidio
1629 832 1730 876 duci

332 923 509 975 possent
538 949 548 971 ,
575 912 768 974 reliquas
806 929 880 956 sex
917 912 1110 975 legiones
1140 929 1220 973 pro
1254 913 1407 956 castris
1430 913 1474 956 in
1504 913 1597 956 acie
1625 928 1730 956 con-

333 995 488 1038 stituit.
525 998 683 1038 Hostes
721 994 826 1037 item
869 1010 967 1037 suas
1006 994 1154 1054 copias
1190 1010 1242 1037 ex
1277 995 1429 1037 castris
1463 993 1639 1037 eductas
1671 993 1733 1035 in-

333 1084 599 1119 struxerant.

400 1158 475 1199 IX.
508 1156 637 1201 Palus
668 1169 761 1202 erat
786 1174 875 1201 non
910 1173 1069 1218 magna
1096 1157 1213 1200 inter
1240 1166 1440 1200 nostrum
1470 1166 1602 1217 atque
1630 1157 1732 1200 hos-

337 1238 445 1281 tium
467 1239 719 1282 exercitum.
749 1241 874 1282 Hanc
898 1239 932 1282 si
954 1239 1093 1281 nostri
1118 1238 1375 1291 transirent,
1396 1237 1542 1280 hostes
1563 1252 1735 1296 exspec-

337 1319 520 1362 tabant:
550 1320 690 1362 nostri
716 1329 883 1376 autem,
917 1319 951 1362 si
980 1318 1034 1361 ab
1062 1316 1147 1361 illis
1176 1318 1352 1360 initium
1382 1315 1636 1360 transeundi
1663 1316 1734 1359 fie-

335 1409 427 1456 ret,
457 1409 505 1443 ut
534 1399 768 1459 impeditos
797 1398 1161 1459 aggrederentur,
1193 1398 1333 1458 parati
1360 1398 1403 1440 in
1433 1398 1564 1440 armis
1593 1406 1730 1440 erant.

335 1480 518 1524 Interim
544 1478 700 1540 proelio
727 1480 917 1540 equestri
948 1479 1062 1522 inter
1086 1478 1193 1522 duas
1220 1479 1331 1522 acies
1365 1476 1733 1521 contendebatur.

337 1558 423 1603 Ubi
440 1561 585 1604 neutri
602 1559 858 1604 transeundi
872 1560 1047 1603 initium
1061 1558 1250 1614 faciunt,
1264 1558 1521 1602 secundiore
1533 1557 1731 1617 equitum

337 1639 491 1701 proelio
515 1642 698 1696 nostris,
722 1643 869 1685 Caesar
888 1657 988 1684 suos
1010 1641 1053 1683 in
1074 1649 1214 1683 castra
1237 1639 1424 1682 reduxit.
1449 1641 1605 1682 Hostes
1634 1654 1734 1698 pro-

337 1722 455 1765 tinus
480 1739 532 1765 ex
557 1739 608 1766 eo
634 1721 729 1766 loco
756 1721 810 1765 ad
832 1722 997 1765 ssuinen
1023 1724 1221 1765 Axonam
1245 1718 1588 1775 contenderunt,
1612 1718 1733 1779 quod

337 1820 429 1848 esse
461 1813 557 1864 post
588 1813 737 1846 nostra
770 1812 911 1846 castra
943 1801 1293 1845 demonstratum
1325 1810 1401 1845 est.
1426 1801 1492 1844 Ibi
1525 1800 1642 1843 vadis
1666 1816 1734 1843 re-

337 1885 494 1944 pertis,
516 1893 687 1945 partem
706 1899 884 1927 suarum
904 1884 1131 1943 copiarum
1148 1881 1433 1925 transducere
1449 1881 1593 1924 conati
1611 1889 1734 1936 suut,

338 1982 389 2009 eo
415 1964 622 2022 consilio,
642 1974 712 2021 ut,
734 1966 768 2007 si
792 1972 994 2025 possent,
1019 1961 1273 2019 castellum,
1297 1962 1367 2006 cui
1390 1971 1574 2022 praeerat
1593 1963 1651 2019 Q.
1667 1962 1736 2004 Ti-

338 2048 480 2090 turius
502 2045 694 2107 legatus,
710 2055 1034 2107 expugnarent,
1056 2055 1325 2105 pontemque
1346 2041 1736 2096 iutemcinderent,

339 2131 372 2172 si
396 2129 540 2172 minus
571 2129 836 2189 potuissent,
866 2144 993 2188 agros
1019 2129 1260 2170 Remorum
1290 2123 1632 2185 popularentur,
1661 2122 1736 2182 qui

340 2228 501 2272 magno
527 2211 654 2255 nobis
684 2210 781 2253 usui
811 2208 866 2252 ad
889 2207 1058 2251 bellum
1082 2205 1325 2268 gerendum
1351 2214 1495 2260 erant,
1518 2218 1737 2248 commea-

341 2303 475 2353 tuque
499 2301 672 2335 nostros
695 2289 996 2351 prohiberent.

403 2375 459 2417 X.
482 2375 645 2428 Caesar,
666 2373 830 2416 certior
849 2370 989 2414 factus
1009 2387 1033 2413 a
1055 2370 1249 2425 Titurio,
1271 2384 1446 2412 onmem
1472 2367 1737 2427 equitatum,

343 2465 385 2498 et
422 2453 528 2498 levis
563 2463 796 2497 armaturae
830 2451 1073 2507 Numidas,
1104 2450 1376 2505 funditores,
1406 2446 1738 2509 sagittariosque

345 2544 521 2595 pontem
538 2534 748 2589 traducit,
766 2543 896 2594 atque
911 2532 966 2576 ad
982 2549 1055 2576 eos
1071 2530 1310 2576 contendit.
1330 2530 1503 2574 Acriter
1518 2528 1562 2571 in
1576 2544 1627 2571 eo
1642 2525 1739 2570 loco

347 2626 589 2676 pugnatum
606 2625 682 2660 est.
697 2620 853 2660 Hostes
867 2614 1099 2676 impeditos
1119 2615 1257 2657 nostri
1270 2613 1313 2655 in
1328 2610 1509 2654 flumine
1526 2608 1738 2669 adgressi,

346 2713 555 2756 issssgllsslll
590 2715 742 2742 corum
775 2714 1010 2740 numerum
1043 2695 1313 2740 OCCidCI'UUt.
1343 2694 1427 2735 Pet·
1463 2706 1615 2734 eorum
1641 2705 1740 2732 (201⁸-
