1972 3356
451 249 499 286 32
657 247 694 282 C.
718 247 845 282 JULII
876 246 1093 281 CAESARIS
1122 245 1609 284 COMMENTARIORUM

452 334 518 376 cia
549 330 906 392 comportabatur
938 347 947 373 :
986 346 1142 391 magna
1180 330 1306 391 copia
1352 330 1501 391 pabuli
1549 334 1818 392 suppetebat.

451 414 619 454 Harum
639 426 785 453 rerum
806 411 1001 454 omnium
1028 407 1254 453 facultates
1272 410 1363 453 sine
1384 409 1472 454 ullo
1497 411 1692 472 periculo
1712 430 1820 473 pons

450 489 602 534 Ilerdae
641 489 882 551 praebebat,
922 500 965 534 et
999 489 1094 534 loca
1132 500 1250 533 trans
1300 489 1459 533 flumen
1507 491 1697 552 integra,
1733 509 1820 552 quo

450 570 631 614 omnino
661 572 807 615 Caesar
827 569 948 614 adire
973 587 1061 613 non
1090 579 1272 630 poterat.

512 653 562 695 L.
590 653 666 694 Hae
691 659 1029 712 permanserunt
1057 666 1179 710 aquae
1214 649 1304 694 dies
1332 648 1589 711 complures.
1628 653 1822 696 Conatus

451 741 516 775 est
534 733 680 775 Caesar
706 731 885 776 reficere
910 740 1066 792 pontes
1103 748 1112 774 :
1135 730 1210 774 sed
1234 747 1314 774 nec
1346 731 1602 792 magnitudo
1632 731 1823 777 fluminis

451 812 752 872 permittebat,
779 828 921 871 neque
947 810 1001 854 ad
1021 812 1162 872 ripam
1189 810 1407 872 dispositae
1440 812 1640 857 cohortes
1672 812 1821 856 adver-

451 893 664 936 sariorum
694 892 841 953 perfici
872 892 1170 953 patiebantur3
1207 892 1324 952 quod
1349 891 1431 936 illis
1468 893 1699 953 prohibere
1732 904 1823 937 erat

449 972 593 1028 facile,
630 983 723 1016 tum
759 974 896 1034 ipsius
930 972 1122 1015 fluminis
1149 982 1303 1015 natura
1345 982 1474 1032 atque
1504 990 1623 1033 aquae
1658 974 1824 1034 magni-

455 1053 626 1109 tudine,
654 1063 748 1097 tum
773 1053 893 1113 quod
922 1069 974 1096 ex
1008 1051 1111 1095 totis
1135 1052 1240 1112 ripis
1276 1053 1320 1094 in
1358 1069 1494 1095 unum
1526 1063 1656 1113 atque
1690 1070 1826 1113 angu—

453 1143 569 1177 stum
584 1132 729 1176 locum
751 1131 833 1176 tela
850 1131 1126 1192 jaciebantur
1151 1148 1160 1174 ε
1185 1140 1314 1192 atque
1338 1141 1430 1175 erat
1456 1131 1651 1188 difficile,
1674 1133 1826 1176 eodem

451 1224 668 1275 tempore,
698 1212 975 1273 rapidissimo
1014 1211 1214 1269 flumine,
1249 1228 1383 1272 opera
1410 1212 1636 1273 perficere,
1667 1223 1709 1257 et
1743 1212 1826 1256 tela

452 1296 601 1340 vitare.

515 1378 589 1420 LI.
623 1377 864 1421 Nuntiatur
893 1376 1094 1433 Afranio,
1131 1393 1311 1438 magnos
1345 1376 1603 1432 comitatus,
1640 1377 1714 1436 qui
1747 1377 1829 1420 iter

453 1456 674 1500 habebant
707 1456 761 1500 ad
785 1459 1023 1514 Caesarem,
1054 1455 1108 1500 ad
1133 1457 1297 1500 flumen
1323 1457 1580 1500 constitisse.
1604 1458 1830 1501 Venerant

452 1551 504 1579 eo
529 1537 742 1597 sagittarii
774 1553 824 1580 ex
849 1538 1052 1594 Rutenis,
1091 1538 1256 1598 equites
1294 1553 1345 1580 ex
1373 1535 1517 1581 Gallia
1545 1552 1645 1580 cum
1681 1535 1829 1580 multis

452 1617 586 1659 carris
612 1616 868 1677 magnisque
899 1616 1243 1678 impedimentis,
1276 1626 1325 1660 ut
1351 1615 1433 1661 fert
1457 1615 1610 1676 gallica
1641 1632 1827 1660 consue-

453 1695 574 1739 tudo.
598 1698 737 1740 Erant
762 1706 968 1757 praeterea
1003 1697 1217 1757 cujusque
1243 1696 1412 1757 generis
1436 1696 1667 1740 hominum
1693 1695 1829 1740 millia

452 1777 625 1820 circiter
651 1793 698 1820 v1
726 1792 826 1819 cum
854 1777 990 1820 servis
1020 1775 1276 1836 liberisque3
1307 1776 1381 1820 sed
1405 1776 1550 1820 nullus
1574 1776 1706 1833 ordo,
1733 1776 1831 1820 nul·

453 1855 543 1900 lum
573 1857 804 1917 imperium
827 1866 1021 1910 certum,
1049 1873 1185 1916 quum
1211 1873 1288 1900 suo
1323 1856 1506 1917 quisque
1532 1855 1714 1900 consilio
1736 1865 1831 1900 ute-

455 1947 591 1993 retur,
619 1947 749 1997 atque
776 1953 926 1981 omnes
951 1938 1042 1981 sine
1071 1937 1228 1981 timore
1259 1938 1340 1981 iter
1371 1936 1588 1992 facerent,
1614 1938 1680 1981 usi
1707 1953 1831 1997 supe-

454 2018 621 2061 riorum
652 2027 899 2078 temporum
926 2028 1057 2078 atque
1086 2019 1291 2062 itinerum
1329 2016 1516 2062 licentia.
1548 2020 1687 2062 Erant
1716 2033 1833 2061 com-

455 2097 601 2158 plures
637 2098 810 2142 honesti
848 2097 1168 2153 adolescentes,
1201 2107 1451 2142 senatorum
1483 2097 1559 2142 filii
1590 2107 1633 2141 et
1664 2096 1830 2141 ordinis

455 2178 833 2239 equestris3erant
853 2177 1091 2240 legationes
1117 2179 1370 2236 civitatum3
1393 2187 1517 2222 erant
1538 2176 1665 2239 legati
1690 2179 1831 2221 Caesa-

455 2259 527 2303 ris.
554 2261 645 2303 Hos
669 2276 819 2303 omnes
851 2259 1032 2303 flumina
1062 2259 1359 2303 continebant.
1388 2258 1456 2303 Ad
1482 2258 1562 2302 hos
1584 2258 1832 2318 opprimen-

455 2339 534 2384 dos
562 2356 661 2384 cum
693 2342 812 2384 omni
849 2341 1044 2401 equitatu
1086 2340 1313 2401 tribusque
1344 2338 1588 2400 legionibus
1626 2337 1830 2383 Afranius

456 2420 508 2465 de
532 2431 658 2465 nocte
679 2421 987 2482 proficiscitur,
1012 2421 1395 2483 imprudentesque
1418 2429 1518 2464 ante
1543 2419 1684 2463 missis
1710 2417 1831 2477 equi-

457 2501 573 2546 tibus
621 2502 887 2565 aggreditur.
937 2501 1150 2547 Celeriter
1196 2512 1342 2546 tamen
1380 2517 1470 2546 sese
1515 2498 1616 2561 galli
1660 2499 1827 2558 equites

456 2581 709 2643 expediunt,
766 2582 1053 2644 proeliumque
1112 2584 1405 2627 committunt.
1452 2581 1528 2638 Hi,
1581 2579 1685 2622 dum
1735 2578 1829 2639 pari

457 2664 693 2708 certamine
720 2680 789 2708 res
819 2664 909 2726 geri
937 2665 1100 2725 potuit,
1133 2680 1339 2725 magnum
1376 2661 1567 2705 hostium
1597 2673 1829 2703 numerum
