1972 3356
325 258 371 294 66
532 259 571 295 C.
604 260 732 295 JULII
760 260 971 295 CAESARIS
1003 257 1483 295 COMMENTARIORUM

389 346 488 388 XII.
518 346 655 388 Erant
678 342 889 403 ejusmodi
907 342 995 386 fere
1020 342 1127 386 situs
1147 342 1408 403 oppidorum
1428 376 1438 397 9
1461 351 1510 384 ut
1526 375 1536 395 ,
1561 341 1697 399 posita

326 425 369 466 in
391 424 592 467 extremis
616 421 792 483 lingulis
806 422 1227 482 promontoriisque‚
1246 438 1387 481 neque
1410 420 1592 481 pedibus
1612 419 1702 462 adi-

326 513 418 546 tum
442 503 680 559 haberent,
705 519 842 563 quum
873 519 921 546 ex
947 501 1036 546 alto
1059 518 1102 546 se
1126 510 1254 546 aestus
1277 502 1561 556 incitavisset,
1585 500 1701 560 quod

324 584 389 626 bis
413 582 569 626 accidit
593 599 765 643 semper
785 583 994 627 horarum
1017 598 1125 626 xxiv
1150 582 1311 643 spati03
1335 598 1476 642 neque
1498 579 1703 635 navibus,

326 662 463 722 quod,
492 680 641 707 rursus
664 664 889 707 minuente
912 672 1016 707 aestu
1033 697 1044 718 ,
1068 678 1199 706 naves
1229 663 1274 705 in
1293 661 1413 705 vadis
1441 660 1702 705 afflictaren—

327 751 410 787 tur.
436 745 503 787 Ita
522 752 708 803 utraque
727 760 773 786 re
791 742 1055 803 oppidorum
1076 742 1346 802 oppugnatio
1365 741 1705 802 impediebatur;

328 840 377 869 ae
395 825 429 868 si
452 824 647 885 quando,
670 822 972 884 magnitudine
995 822 1140 882 operis
1164 820 1277 865 forte
1299 822 1511 882 superati,
1531 832 1706 865 extruso

328 905 438 948 mari
457 921 614 966 aggere
635 921 683 948 ac
701 902 906 959 molibus,
928 912 1058 963 atque
1076 902 1144 946 his
1167 901 1304 946 ferme
1324 902 1475 963 oppidi
1493 902 1707 946 moenibus

328 983 591 1045 adaequatis,
631 985 717 1028 suis
756 984 945 1028 fortunis
991 984 1219 1045 desperare
1262 993 1509 1044 coeperant,
1549 1000 1710 1044 magno

330 1081 515 1109 numero
539 1066 718 1109 navium
744 1064 947 1126 appulso,
977 1066 1100 1126 cujus
1128 1065 1190 1109 rei
1216 1081 1431 1110 summam
1457 1063 1708 1108 facultatem

330 1145 573 1201 habebant,
593 1162 668 1189 sua
690 1145 980 1206 deportabant
1002 1146 1173 1202 omnia,
1196 1162 1327 1206 seque
1353 1146 1396 1188 in
1418 1145 1615 1206 proxima
1634 1162 1710 1205 op-

331 1225 433 1287 pida
467 1226 748 1286 recipiebant.
777 1226 844 1269 Ibi
876 1242 920 1269 se
951 1242 1101 1269 rursus
1127 1224 1281 1269 iisdem
1308 1225 1712 1286 opportunitatibus

332 1305 413 1350 loci
438 1305 740 1349 defendebant.
768 1308 870 1349 Haec
896 1322 946 1349 eo
973 1304 1142 1350 facilius
1171 1321 1374 1366 magnam
1398 1314 1567 1365 partem
1591 1314 1713 1348 aesta-

334 1387 388 1430 tis
418 1386 662 1442 faciebant,
692 1385 809 1445 quod
840 1396 998 1429 nostrae
1029 1402 1159 1429 naves
1189 1385 1517 1446 tempestatibus
1548 1384 1714 1429 detine-

333 1466 509 1522 bantur,
535 1481 791 1526 summaque
814 1475 906 1508 erat
928 1475 1052 1509 vasto
1073 1475 1204 1526 atque
1222 1475 1374 1526 aperto
1394 1466 1525 1521 mari,
1547 1466 1715 1526 magnis

334 1546 531 1601 aestibus,
554 1547 664 1590 raris
688 1562 737 1589 ac
761 1562 898 1606 prope
924 1544 1057 1589 nullis
1082 1546 1294 1606 portubus
1311 1580 1322 1600 ‚
1347 1544 1581 1590 difficultas
1601 1547 1716 1589 navi-

337 1626 480 1687 gandi.

399 1708 522 1750 XIII.
559 1707 762 1767 Namque
787 1706 982 1767 ipsorum
1009 1722 1140 1750 naves
1169 1705 1223 1749 ad
1252 1706 1370 1750 hunc
1394 1705 1575 1750 modum
1596 1704 1718 1750 factae

337 1797 600 1848 armataeque
641 1797 778 1831 erant.
821 1787 991 1831 Carinae
1027 1785 1252 1846 aliquanto
1295 1786 1514 1847 planiores
1532 1820 1543 1842 ‚
1587 1803 1717 1847 quam

339 1878 586 1913 nostrarum
618 1868 822 1920 navium,
861 1884 949 1928 quo
978 1865 1145 1910 facilius
1172 1866 1283 1910 vada
1315 1883 1363 1910 ac
1392 1866 1613 1911 decessum
1642 1883 1718 1910 aes-

340 1959 408 1992 tus
444 1950 639 2009 excipere
673 1957 848 2009 possent
885 1964 893 1990 :
924 1964 1064 2008 prorae
1099 1946 1335 1990 admodum
1374 1956 1548 2005 ereetae,
1590 1956 1720 2007 atque

340 2030 441 2072 item
458 2045 626 2089 puppes
645 2028 700 2073 ad
719 2027 1068 2090 magnitudinem
1090 2027 1305 2071 fluctuum
1328 2036 1721 2088 tempestatumque

341 2110 676 2153 accommodatae
705 2129 713 2152 :
753 2125 886 2154 naves
918 2118 1017 2153 totae
1045 2108 1166 2152 factae
1193 2125 1243 2152 cx
1276 2108 1459 2163 robore,
1488 2108 1542 2151 ad
1570 2124 1722 2168 quam-

342 2191 405 2233 vis
433 2191 520 2233 vim
540 2199 581 2233 et
601 2188 912 2233 contumeliam
935 2188 1237 2250 perferendam
1261 2206 1268 2232 :
1290 2198 1479 2232 transtra
1498 2187 1723 2249 pedalibus

343 2271 385 2314 in
411 2269 687 2314 latitudinem
710 2270 908 2314 trabibus
938 2269 1109 2313 confixa
1128 2269 1261 2313 clavis
1279 2269 1429 2313 ferreis
1445 2305 1456 2321 .,
1485 2269 1607 2330 digiti
1633 2267 1724 2330 pol-

344 2349 435 2394 licis
464 2350 752 2395 crassitudine
776 2368 784 2394 :
810 2350 1038 2405 anchorae,
1064 2366 1143 2410 pro
1168 2349 1363 2404 funibus,
1387 2349 1537 2394 ferreis
1559 2349 1723 2393 eatenis

344 2431 549 2474 revinctae
575 2448 583 2474 ε
612 2429 744 2491 pelles
772 2447 852 2491 pro
882 2429 1010 2486 velis,
1041 2429 1256 2490 alutaeque
1281 2430 1471 2474 tenuiter
1497 2428 1723 2479 confectae,

347 2510 408 2558 hae
423 2545 431 2565 ‚
448 2512 536 2554 sive
554 2521 734 2572 propter
748 2509 825 2554 lini
844 2511 1035 2571 inopiam
1057 2520 1187 2570 atque
1205 2511 1297 2570 ejus
1313 2527 1414 2554 usus
1433 2510 1723 2564 inscientiam,

348 2589 433 2632 sive
455 2608 526 2646 eo⁷
552 2591 669 2650 quod
697 2601 761 2635 cst
784 2591 920 2652 magis
946 2590 1201 2645 verisimile,
1230 2591 1346 2651 quod
1378 2600 1517 2634 tantas
1541 2599 1726 2650 tempes-

350 2677 454 2711 tates
479 2672 666 2722 Oceani,
694 2681 925 2731 tantosque
953 2672 1138 2731 impetus
1164 2682 1394 2715 ventorum
1422 2671 1650 2726 sustineri,
1675 2686 1725 2714 ac
