1972 3356
631 254 699 289 DE
729 252 892 287 BELLO
925 250 1196 285 AFRICANO.
1532 247 1606 283 225

208 341 480 384 frumentum
510 337 784 382 adversarios
811 337 856 379 iu
884 351 1022 396 pauca
1046 332 1210 395 oppida
1233 342 1277 376 et
1305 332 1416 377 bene
1437 333 1608 377 munita

209 430 524 483 comportasse,
539 433 805 477 omnemque
824 416 1048 477 regionem
1070 413 1227 459 Africae
1241 415 1490 458 exinanisse
1515 413 1609 458 fru-

210 515 358 550 mento
387 521 396 547 :
431 501 618 564 oppida,
644 510 804 561 praeter
828 516 878 543 ea
904 515 1175 560 pauca,quae
1198 498 1278 558 ipsi
1293 499 1381 542 suis
1396 497 1610 560 praesidiis

210 587 323 631 tueri
348 591 573 647 poterant,
603 580 774 640 reliqua
799 579 915 623 dirui
940 589 1074 639 atque
1104 577 1259 633 deleri3
1290 587 1334 622 et
1358 595 1514 623 eorum
1541 580 1610 623 in-

211 666 326 712 colas
355 667 471 709 intra
494 679 572 707 sua
597 660 800 722 praesidia
822 661 1015 721 coegisse
1042 659 1355 719 commigrare3
1376 676 1506 720 agros
1533 660 1611 704 de-

212 759 348 795 sertos
376 764 426 793 ac
450 756 642 792 vastatos
667 762 772 789 esse.

276 832 398 875 XXI.
427 832 518 874 Hac
556 828 815 872 necessitate
851 827 998 870 Caesar
1032 834 1236 881 coactus,
1274 826 1472 887 privatos
1520 841 1613 869 am-

211 911 372 956 biendo
396 921 439 955 et
464 908 627 953 blande
653 906 921 970 appellando
941 942 952 963 ,
984 905 1263 967 aliquantum
1291 906 1503 951 frumenti
1530 923 1615 950 nu-

210 1009 383 1038 merum
409 993 455 1036 in
488 1008 566 1036 sua
600 989 804 1052 praesidia
832 998 1126 1050 congesserat,
1156 997 1199 1032 et
1223 1003 1274 1032 eo
1303 1004 1435 1049 parce
1459 988 1614 1032 uteba-

210 1086 297 1120 tur.
316 1076 464 1136 Opera
492 1074 671 1117 interim
698 1073 790 1133 ipse
818 1070 1018 1133 quotidie
1061 1070 1317 1125 circumire,
1351 1079 1393 1114 et
1424 1068 1615 1114 alternas

211 1157 413 1201 cohortes
441 1156 487 1199 in
517 1155 704 1199 statione
733 1153 913 1209 habere,
940 1161 1124 1213 propter
1148 1151 1343 1195 hostium
1370 1150 1615 1195 multitudi-

213 1255 328 1282 nem.
352 1236 575 1282 Labienus
601 1236 772 1280 saucios
799 1251 927 1290 suos,
954 1249 1145 1294 quorum
1167 1234 1387 1276 maximus
1403 1249 1616 1276 numerus

210 1317 314 1376 suit,
337 1318 463 1380 jubet
491 1318 536 1362 in
565 1316 770 1379 plaustris
802 1315 1018 1377 deligatos
1048 1314 1343 1360 Adrumetum
1376 1314 1615 1375 deportari.

213 1402 357 1446 Naves
386 1399 565 1443 interim
600 1398 783 1443 Caesaris
811 1397 1026 1441 onerariae
1055 1395 1316 1440 errabundae
1344 1394 1458 1439 male
1487 1412 1619 1457 vaga-

211 1482 400 1538 bantur,
425 1481 599 1524 incertae
626 1478 824 1523 locorum
851 1488 983 1538 atque
1008 1487 1256 1521 castrorum
1276 1492 1458 1521 suorum
1480 1492 1620 1538 :quas

213 1561 410 1625 singulas
433 1561 605 1623 scaphae
628 1559 984 1605 adversariorum
1011 1557 1260 1619 complures
1279 1557 1445 1602 adortae
1469 1559 1620 1602 incen-

212 1643 400 1702 debant,
431 1654 565 1705 atque
609 1641 937 1704 expugnabant.
979 1643 1070 1684 Hac
1115 1657 1161 1684 re
1201 1641 1426 1694 nuntiata,
1474 1641 1622 1684 Caesar

213 1725 372 1771 classes
404 1726 571 1771 circum
606 1723 771 1768 insulas
805 1733 1050 1784 portusque
1090 1722 1332 1783 disposuit,
1361 1738 1450 1782 quo
1483 1722 1621 1765 tutius

213 1817 485 1852 commeatus
511 1806 766 1866 supportari
792 1814 953 1865 posset.

279 1889 424 1933 XXII.
454 1888 517 1931 M.
538 1888 649 1931 Cato
681 1886 974 1945 interim,qui
993 1885 1134 1930 Uticae
1163 1886 1471 1946 praeerat,Cn.
1493 1886 1624 1929 Pom-

217 1970 366 2031 peium
403 1966 544 2012 filium
586 1965 737 2011 multis
769 1967 913 2010 verbis
951 1965 1215 2027 assidueque
1250 1965 1490 2027 objurgare
1533 1981 1621 2009 non

218 2050 466 2095 desistebat.
485 2069 506 2091 t<
520 2050 665 2103 Tuus,
689 2049 857 2110 inquit,
876 2058 1024 2110 pater,
1041 2049 1154 2092 istuc
1176 2049 1316 2091 aetatis
1332 2063 1469 2108 quum
1490 2056 1624 2100 esset,

218 2142 262 2176 et
291 2130 673 2176 animadvertisset
700 2129 1018 2191 rempublicam
1059 2129 1114 2173 ab
1154 2127 1396 2173 audacibus
1440 2127 1624 2172 scelera-

221 2214 362 2274 tisque
388 2212 557 2257 civibus
578 2228 861 2274 oppressam,
882 2211 1111 2272 bonosque
1141 2221 1217 2254 aut
1245 2210 1524 2268 interfectos,
1551 2219 1630 2254 aut

220 2294 373 2339 exsilio
414 2294 670 2350 mulctatos,
703 2295 841 2355 patria
878 2294 1144 2354 civitateque
1179 2308 1353 2348 carere,
1395 2289 1537 2354 gloria
1585 2300 1627 2334 et

220 2376 357 2420 animi
380 2374 685 2437 magnitudine
701 2373 864 2431 elatus,
883 2376 1085 2436 privatus
1101 2383 1235 2435 atque
1255 2371 1625 2428 adolescentulus,

196 2462 199 2466 ’
223 2458 396 2517 paterni
410 2458 626 2502 exercitus
645 2454 843 2517 reliquiis
867 2454 1061 2500 collectis
1076 2491 1086 2511 ,
1104 2472 1228 2516 paene
1244 2471 1501 2516 oppressam
1526 2453 1623 2497 fun-

222 2538 342 2582 ditus
368 2548 412 2583 et
435 2537 624 2583 deletam
644 2537 818 2582 Italiam
849 2539 1096 2599 urbemque
1121 2551 1351 2581 romanam
1377 2536 1421 2579 in
1450 2534 1631 2580 liberta-

224 2629 312 2663 tem
342 2618 585 2663 vindicavit
614 2636 622 2662 :
649 2618 855 2680 idemque
869 2618 1088 2674 Siciliam,
1105 2616 1323 2671 Africam,
1348 2615 1632 2671 Numidiam,

225 2700 544 2744 Mauritaniam
578 2699 771 2744 mirabili
810 2698 1036 2745 celeritate
1068 2698 1202 2744 armis
1237 2697 1418 2759 recepit.
1456 2697 1634 2754 Quibus

426 2799 473 2826 11.
1386 2777 1436 2824 15
