1972 3356
474 215 537 248 DE
567 214 719 248 BELLO
750 212 961 247 GALLICO
993 213 1082 247 LIB.
1108 214 1152 246 11.
1450 215 1491 251 51

124 296 176 340 ab
204 313 334 357 opere
366 295 633 357 singulisque
660 296 906 357 legionibus
935 295 1128 357 singulos
1158 294 1321 357 legatos
1352 300 1494 341 Caesar

125 377 372 431 discedere,
409 378 490 421 nisi
532 378 711 420 munitis
747 377 919 433 castris,
959 386 1168 420 vetuerat.
1209 378 1286 433 Hi,
1320 388 1499 438 propter

129 458 502 517 propinquitatem
527 467 569 500 et
592 455 859 500 celeritatem
879 457 1097 512 hostium,
1123 455 1229 499 nihil
1251 458 1340 517 jam
1364 459 1501 502 Caesa·

130 538 186 580 ris
220 538 453 597 imperium
489 536 765 596 spectabant,
800 536 874 578 sed
906 552 982 595 per
1016 552 1083 590 se,
1113 552 1207 595 quae
1240 536 1501 580 videbantur

128 616 508 660 administrabant.

194 698 314 740 XXI.
352 697 511 751 Caesar,
538 695 791 738 necessariis
827 695 954 738 rebus
990 695 1233 755 imperatis,
1267 695 1321 738 ad
1347 695 1502 739 eohor-

129 774 280 819 tandos
305 774 488 829 milites,
509 791 640 834 quam
665 775 708 817 in
733 784 902 834 partem
927 774 1015 817 fors
1035 774 1215 829 obtulit,
1237 774 1505 830 decucurrit,

128 865 169 898 et
197 855 252 899 ad
284 854 497 916 legionem
528 855 742 898 decimam
773 854 961 898 devenit.
998 855 1162 899 Milites
1191 873 1280 899 non
1309 855 1506 916 longiore

128 936 324 978 oratione
339 936 594 979 cohortatus
604 970 615 990 ,
627 952 758 995 quam
775 936 840 978 uti
855 951 941 978 suae
953 936 1148 995 pristinae
1160 936 1334 979 virtutis
1346 952 1508 978 memo-

130 1016 238 1058 riam
258 1016 523 1072 retinerent,
544 1031 630 1059 neu
651 1016 1021 1075 perturbarentur
1041 1017 1209 1072 animo,
1228 1017 1508 1076 hostiumque

132 1096 345 1156 impetum
376 1095 548 1139 fortiter
576 1096 868 1149 sustinerent,
895 1095 1014 1156 quod
1042 1112 1131 1139 non
1161 1095 1335 1157 longius
1363 1096 1509 1140 hostes

130 1175 337 1232 aberant,
362 1192 494 1235 quam
523 1192 611 1235 quo
636 1173 772 1220 telum
797 1175 927 1235 adjici
959 1185 1128 1235 posset,
1147 1175 1288 1235 proelii
1312 1176 1511 1220 commit·

135 1256 252 1298 tendi
289 1256 463 1316 signum
495 1256 628 1299 dedit.
653 1258 799 1315 Atque
826 1257 870 1298 in
896 1255 1078 1299 alteram
1109 1265 1278 1315 partem
1305 1258 1409 1299 item
1437 1274 1511 1300 co-

133 1335 334 1378 hortandi
355 1352 483 1379 eausa
502 1335 739 1396 profectus,
753 1336 1052 1395 pugnantibus
1065 1336 1511 1395 occurrit.Te1nporis

136 1424 252 1458 tanta
269 1415 351 1458 fuit
371 1416 607 1476 exiguitas,
625 1416 906 1474 hostiumque
927 1423 1015 1457 tam
1035 1422 1212 1474 paratus
1232 1414 1286 1457 ad
1306 1414 1513 1458 dimican-

133 1496 236 1539 dum
261 1496 449 1551 animus,
475 1505 523 1540 ut
547 1512 633 1539 non
660 1495 791 1539 modo
817 1495 871 1539 ad
902 1496 1090 1556 insignia
1117 1495 1512 1549 accommodanda,

133 1576 207 1620 sed
222 1576 353 1619 etiam
373 1576 425 1619 ad
444 1575 586 1637 galeas
604 1576 869 1631 induendas,
885 1577 1107 1636 scutisque
1123 1577 1359 1637 tegimenta
1373 1575 1514 1619 detra—

135 1656 278 1699 henda
298 1666 470 1716 tempus
488 1656 846 1714 defuerit.Quam
865 1657 1049 1716 quisque
1068 1657 1111 1699 in
1129 1666 1298 1717 partem
1313 1656 1365 1699 ab
1384 1672 1514 1716 opere

136 1752 236 1779 casu
253 1736 425 1780 devenit
441 1771 451 1792 ,
468 1753 650 1797 quaeque
666 1738 808 1797 prima
824 1738 946 1798 signa
962 1738 1208 1797 conspexit,
1230 1736 1284 1779 ad
1300 1737 1392 1779 haec
1411 1752 1515 1779 con-

137 1817 267 1872 stitit,
287 1833 355 1871 ne,
377 1818 421 1859 in
437 1816 683 1876 quaerendis
704 1818 791 1860 suis
804 1851 815 1869 ,
832 1815 1060 1876 pugnandi
1080 1826 1248 1876 tempus
1263 1816 1514 1858 dimitteret.

200 1899 342 1941 XXII.
379 1900 601 1941 Instructo
630 1897 848 1951 exercitu,
886 1897 1021 1956 magis
1050 1906 1097 1938 ut
1130 1895 1215 1939 loci
1246 1906 1404 1938 natura
1441 1896 1514 1938 de·

135 1978 364 2037 jectusque
387 1977 510 2020 collis
539 1986 581 2019 et
612 1977 847 2019 necessitas
873 1976 1100 2035 temporis,
1121 1991 1252 2035 quain
1277 1985 1324 2017 ut
1353 1976 1413 2018 rei
1440 1976 1517 2017 ini-

140 2057 277 2101 litaris
301 2058 412 2100 ratio
436 2067 566 2117 atque
589 2056 698 2099 ordo
724 2055 992 2116 postulabat,
1019 2071 1154 2114 quum
1180 2055 1360 2097 diversis
1385 2054 1518 2114 legio-

143 2138 293 2191 nibus,
321 2137 413 2180 aliae
440 2136 523 2180 alia
553 2137 596 2179 in
628 2145 772 2196 parte,
796 2136 996 2179 hostibus
1024 2136 1297 2190 resisterent,
1324 2135 1518 2194 sepibus—

143 2234 226 2277 que
266 2217 553 2269 densissimis,
585 2226 633 2260 ut
669 2227 769 2260 ante
802 2215 1221 2269 demonstravimus,
1259 2215 1518 2274 interjectis,

144 2307 399 2358 prospectus
424 2296 737 2357 impediretur3
762 2312 902 2356 neque
930 2304 1047 2339 certa
1074 2294 1265 2338 subsidia
1295 2294 1519 2349 collocari,

146 2394 285 2437 neque
314 2377 418 2437 quid
452 2378 494 2420 in
530 2393 702 2437 quaque
737 2386 861 2437 parte
891 2392 1001 2436 opus
1036 2385 1149 2418 esset
1180 2375 1422 2436 provideri,
1449 2391 1521 2417 ne-

144 2474 228 2517 que
258 2458 310 2501 ab
341 2474 428 2501 uno
460 2458 607 2500 omnia
641 2457 823 2518 imperia
851 2456 1149 2500 administrari
1187 2464 1404 2515 poterant.
1435 2457 1522 2497 Ita-

148 2554 230 2597 que
257 2538 301 2581 in
329 2548 449 2582 tanta
474 2554 618 2580 reruni
650 2538 897 2597 iniquitate,
929 2536 1110 2580 fortunae
1143 2552 1317 2595 quoque
1343 2543 1523 2577 eventus

150 2619 255 2661 varii
284 2618 592 2678 sequebantur.

1288 2699 1330 2748 [2.
