1972 3356
446 305 517 346 142».
668 304 707 338 C.
740 304 867 339 JULII
897 303 1111 341 CAESARIS
1140 307 1618 345 COMMENTARIORUM

443 398 534 442 tur,
560 403 750 447 quorum
770 387 826 431 ad
850 388 1085 433 arbitrium
1104 390 1413 451 judiciumque
1439 408 1609 437 summa
1632 396 1830 439 omnium

441 483 591 511 rerum
617 467 993 530 consiliorumque
1019 470 1182 514 redeat.
1208 470 1348 531 quue
1370 473 1463 534 ejus
1486 473 1549 516 rei
1573 489 1700 517 causa
1723 476 1833 519 anti-

440 548 588 607 quitus
623 549 876 614 institutum
912 550 1112 605 videtur,
1138 568 1192 594 ne
1223 551 1320 611 quis
1348 568 1400 596 ex
1423 551 1550 613 plebe
1574 563 1728 599 contra
1751 572 1831 616 po-

441 630 677 673 tentiorem
702 629 854 677 auxilii
878 641 1027 692 egeret
1055 649 1063 675 :
1092 649 1193 676 suos
1218 633 1338 676 enim
1362 633 1547 694 quisque
1571 635 1761 695 opprimi
1788 647 1831 679 et

440 709 753 754 circumveniri
773 727 863 755 non
881 713 1071 772 patitur,
1094 729 1256 773 neque,
1280 713 1407 758 aliter
1433 714 1467 757 si
1493 714 1681 772 faciant,
1697 714 1829 760 ullam

439 791 554 834 inter
583 807 684 834 suos
710 792 873 836 habent
903 794 1224 837 auctoritatem.
1248 797 1350 838 Haec
1375 794 1527 838 eadem
1554 796 1667 839 ratio
1695 806 1761 840 est
1786 797 1831 840 in

438 887 609 916 summa
630 872 762 917 totius
781 871 936 917 Galliae
961 891 970 916 :
1001 890 1191 934 namque
1215 891 1366 918 omnes
1395 876 1592 919 civitates
1619 876 1663 919 in
1686 886 1832 936 partes

438 950 587 996 divisae
608 963 710 998 sunt
741 953 862 997 duas.

502 1036 604 1078 XII.
626 1035 779 1091 Quum
809 1036 954 1078 Caesar
982 1036 1026 1078 in
1050 1034 1241 1079 Galliam
1265 1037 1404 1091 venit,
1426 1035 1605 1080 alterius
1631 1036 1831 1082 factionis

437 1114 660 1175 principes
690 1124 817 1158 erant
836 1114 986 1169 AEdui,
1012 1114 1192 1159 alterius
1218 1117 1422 1176 Sequani.
1445 1117 1501 1159 Hi
1522 1133 1658 1177 quum
1687 1134 1763 1177 per
1788 1134 1831 1161 se

437 1197 584 1237 minus
611 1193 827 1250 valerent,
856 1194 976 1255 quod
1005 1212 1177 1239 summa
1204 1196 1441 1240 auctoritas
1465 1196 1710 1256 antiquitus
1737 1207 1832 1241 erat

437 1274 482 1318 in
508 1274 680 1330 AEduis,
709 1292 965 1337 magnaeque
990 1292 1144 1320 eorum
1171 1286 1297 1320 erant
1324 1275 1555 1333 clientelae,
1582 1278 1826 1321 Germanos

437 1365 570 1416 atque
590 1357 866 1400 Ariovistum
887 1357 968 1401 sibi
986 1356 1300 1418 adjunxerant,
1323 1374 1483 1418 eosque
1511 1357 1566 1401 ad
1593 1374 1637 1401 se
1659 1358 1831 1419 magnis

432 1438 618 1496 jacturis
654 1437 1136 1499 pollicitationibusque
1167 1438 1476 1500 perduxerant.
1515 1437 1686 1482 Proeliis
1724 1453 1830 1481 vero

437 1517 740 1580 compluribus
760 1519 882 1563 factis
901 1519 1125 1576 secundis,
1141 1530 1272 1581 atque
1290 1520 1411 1563 omni
1430 1518 1659 1563 nobilitate
1674 1518 1833 1563 AEduo-

435 1616 536 1643 rum
568 1600 820 1657 interfecta,
855 1611 1027 1646 tantum
1058 1603 1252 1662 potentia
1280 1610 1625 1656 antecesserant,
1657 1611 1701 1645 ut
1737 1616 1830 1644 ma·

434 1698 567 1742 gnam
596 1691 767 1742 partem
791 1681 1018 1726 clientium
1050 1683 1101 1726 ab
1130 1682 1281 1726 AEduis
1308 1682 1363 1725 ad
1391 1698 1435 1725 se
1463 1680 1829 1734 transducerent,

434 1762 696 1823 obsidesque
725 1763 778 1806 ab
804 1763 854 1806 iis
882 1763 1131 1824 principum
1158 1762 1267 1807 filios
1293 1763 1563 1824 acciperent,
1590 1772 1633 1806 et
1652 1761 1830 1822 publice

428 1843 579 1903 jurare
604 1853 837 1904 cogerent,
865 1842 974 1887 nihil
1002 1861 1044 1887 se
1068 1854 1221 1887 contra
1249 1846 1474 1905 Sequanos
1504 1841 1675 1887 consilii
1702 1843 1831 1886 initu—

433 1941 524 1978 1¹os;
549 1933 590 1968 et
615 1933 785 1985 partem
812 1923 988 1968 finitimi
1018 1926 1133 1986 agri,
1162 1942 1238 1986 per
1268 1926 1356 1968 vim
1384 1933 1665 1985 occupatam,
1691 1923 1831 1984 possi-

433 2005 613 2059 derent,
645 2004 889 2065 Galliaeque
925 2007 1059 2050 totius
1098 2007 1395 2067 principatum
1431 2005 1694 2049 obtinerent.
1728 2005 1829 2062 Qua

432 2088 689 2131 necessitate
726 2087 941 2132 adductus
978 2088 1245 2142 Divitiacus,
1282 2086 1431 2131 auxilii
1463 2085 1643 2148 petendi
1681 2102 1830 2140 causa,

431 2171 619 2212 Romam
648 2168 703 2212 ad
733 2179 934 2214 senatum
964 2169 1205 2230 profectUS,
1234 2169 1393 2213 infecta
1429 2185 1475 2212 re
1504 2168 1707 2213 redierat.
1738 2167 1829 2212 Ad-

432 2259 566 2294 ventu
576 2251 760 2295 Caesaris
771 2249 883 2295 facta
899 2251 1248 2294 commutatione
1257 2267 1427 2307 rerum,
1443 2249 1669 2294 obsidibus
1679 2247 1828 2293 AEduis

432 2329 635 2383 redditis,
663 2331 885 2375 veteribus
919 2329 1133 2376 clientelis
1159 2333 1397 2388 restitutis,
1428 2332 1552 2375 novis
1583 2347 1661 2391 per
1690 2333 1830 2373 c'aesa-

431 2428 525 2455 rem
565 2413 831 2474 comparatis
871 2411 1013 2473 (quod
1049 2413 1094 2457 hi
1130 2413 1205 2473 qui
1240 2429 1283 2456 se
1318 2412 1372 2456 ad
1403 2428 1555 2456 eorum
1591 2409 1828 2453 amicitiam

430 2503 800 2554 aggregaverant,
821 2493 1003 2538 meliore
1032 2494 1284 2539 conditione
1311 2503 1443 2554 atque
1470 2492 1661 2552 aequiore
1689 2491 1829 2552 impe-

430 2575 497 2618 rio
518 2574 657 2618 secuti
676 2573 934 2635 videbant),
955 2574 1136 2636 reliquis
1158 2575 1289 2619 rebus
1309 2590 1484 2629 eorum,
1504 2572 1665 2633 gratia,
1687 2571 1830 2633 digni-

432 2663 610 2716 tateque
635 2654 924 2715 amplificata,
951 2657 1143 2717 Sequani
1162 2656 1461 2717 principatum
1487 2652 1759 2696 dimiserant.
1776 2654 1826 2695 In

431 2750 583 2779 corum
614 2736 762 2780 locum
787 2737 914 2780 Remi
945 2747 1248 2781 successerant
1278 2753 1286 2779 :
1315 2751 1424 2794 quos
1453 2733 1572 2793 quod
1599 2733 1820 2793 adaequare
