1972 3356
280 273 326 312 74
491 270 529 304 C.
563 269 689 304 JULII
719 268 935 303 CAESARIS
967 267 1458 304 COMMENTARIORUM

279 352 396 397 bant.
428 354 521 396 Hac
548 368 593 395 re
616 360 862 412 perspecta,
884 352 1088 406 Crassus,
1120 367 1257 411 quum
1286 368 1364 395 sua
1393 352 1674 395 cunctatione

277 442 409 493 atque
441 432 649 492 opinione
686 431 930 476 timidiores
972 432 1142 489 hostes,
1175 441 1350 476 nostros
1384 430 1546 475 milites
1579 430 1672 475 ala·

277 512 439 556 criores
463 511 518 555 ad
545 512 835 574 pugnandum
864 511 1079 557 effecisset
1103 552 1112 567 ,
1156 523 1288 574 atque
1318 512 1519 556 omnium
1546 528 1674 556 voces

276 591 549 650 audirentur,
569 594 813 654 exspectari
836 593 1001 638 diutius
1024 610 1114 637 non
1143 602 1364 655 oportere,
1386 593 1494 654 quin
1513 592 1569 637 ad
1587 609 1675 637 cas-

277 681 343 716 tra
382 673 538 727 iretur,
578 673 836 718 cohortatus
867 691 988 729 suos,
1025 675 1233 719 omnibus
1272 674 1581 735 cupientibus,
1619 672 1674 717 ad

276 753 472 798 hostium
501 763 644 800 castra
671 755 915 800 contendit.

338 836 481 880 XXV.
519 836 608 893 Ibi,
636 853 774 897 quum
805 835 878 880 alii
906 836 1044 881 fossas
1072 835 1368 898 complerent,
1401 834 1494 892 alii,
1527 834 1675 879 multis

278 915 373 961 telis
398 918 633 979 conjectis,
662 917 912 962 defensores
943 917 1056 962 vallo
1087 918 1498 978 munitionibusque
1526 915 1676 978 depel-

276 995 445 1053 lerent,
482 997 828 1060 auxiliaresque,
861 999 1022 1061 quibus
1052 999 1106 1043 ad
1137 1016 1332 1061 pugnarn
1364 1017 1453 1044 non
1484 998 1675 1043 multum

276 1080 458 1124 Crassus
482 1079 761 1136 confidebat,
791 1080 1012 1141 lapidibus
1043 1079 1228 1141 telisque
1263 1080 1677 1135 subministrandis,

276 1169 319 1204 et
345 1161 400 1204 ad
431 1177 636 1223 aggerem
673 1162 914 1223 cespitibus
942 1162 1300 1223 comportandis,
1325 1163 1517 1224 speciem
1544 1172 1678 1223 atque

276 1241 532 1302 opinionem
556 1243 852 1304 pugnantium
874 1243 1142 1304 praeberent,
1167 1259 1305 1303 quum
1331 1245 1434 1287 item
1460 1244 1514 1286 ab
1538 1243 1676 1287 hosti-

276 1322 357 1366 bus
381 1333 638 1368 constanter
655 1341 705 1368 ac
724 1341 812 1367 non
829 1323 982 1368 timide
1003 1334 1295 1386 pugnaretur,
1315 1323 1488 1385 telaque
1506 1340 1558 1368 ex
1581 1322 1679 1367 loco

277 1404 505 1464 superiore
527 1406 658 1449 missa
678 1422 768 1448 non
790 1404 950 1449 frustra
973 1405 1245 1459 acciderent,
1270 1406 1460 1466 equiteS,
1485 1406 1676 1449 circum-

278 1483 351 1529 itis
375 1484 569 1529 hostium
600 1486 773 1540 castris,
797 1486 958 1530 Crasso
980 1487 1379 1541 renunciaverunt,
1405 1503 1493 1530 non
1523 1486 1678 1531 eadem

279 1581 372 1609 esse
400 1564 629 1628 diligentia
661 1567 715 1610 ab
742 1566 985 1611 decumana
1022 1577 1147 1627 porta
1177 1578 1319 1611 castra
1345 1568 1543 1621 munita,
1573 1567 1679 1611 faci-

279 1645 454 1707 lemque
482 1647 654 1692 aditum
684 1647 861 1692 habere.

343 1730 508 1773 XXVI.
546 1732 755 1783 Crassus,
797 1731 997 1791 equitum
1037 1729 1263 1791 praefectos
1307 1730 1591 1785 cohortatus,
1631 1740 1681 1774 ut

280 1812 448 1872 magnis
464 1811 655 1872 praemiis
671 1809 1156 1872 pollicitationibusque
1172 1828 1272 1855 suos
1293 1812 1553 1866 excitarent,
1573 1809 1681 1870 quid

278 1892 374 1936 fieri
392 1891 518 1949 velit,
537 1891 742 1936 ostendit.
763 1891 856 1948 Illi,
879 1902 928 1937 ut
949 1902 1043 1937 erat
1068 1893 1353 1954 imperatum,
1379 1891 1548 1936 eductis
1571 1907 1679 1952 qua-

279 1982 382 2017 tuor
403 1973 681 2031 cohortibus,
707 1990 824 2035 quae,
848 1973 1050 2035 praesidio
1069 1975 1222 2018 castris
1236 1972 1417 2025 relictae,
1439 1974 1602 2017 intritae
1625 1973 1679 2017 ab

278 2052 429 2099 labore
448 2064 595 2111 erant,
619 2065 661 2099 et
680 2054 881 2117 longiore
905 2055 1061 2099 itinere
1081 2054 1415 2111 circumductis,
1438 2072 1493 2099 ne
1512 2071 1564 2098 ex
1585 2055 1681 2099 hos-

278 2136 389 2180 tium
418 2137 572 2181 castris
597 2137 791 2198 conspici
819 2146 1015 2198 possent,
1044 2137 1244 2180 omnium
1271 2135 1410 2181 oculis
1441 2136 1682 2180 mentibus-

279 2234 363 2278 que
387 2217 443 2261 ad
466 2234 661 2280 pugnam
681 2218 884 2273 intentis,
908 2216 1110 2262 celeriter
1133 2217 1188 2261 ad
1216 2234 1311 2273 eas,
1337 2234 1444 2278 quas
1469 2217 1680 2270 diximus,

280 2299 549 2343 munitiones
584 2308 905 2360 pervenerunt,
938 2308 1089 2359 atque,
1125 2299 1192 2342 his
1228 2299 1447 2360 prorutis,
1483 2299 1604 2359 prius
1634 2299 1677 2340 in

282 2381 475 2424 hostium
504 2381 656 2425 castris
681 2380 999 2434 constiterunt,
1028 2396 1160 2440 quam
1196 2379 1327 2440 plane
1361 2379 1415 2422 ab
1443 2380 1494 2423 iis
1516 2377 1681 2431 videri,

283 2470 357 2504 aut
385 2461 492 2522 quid
520 2461 584 2504 rei
615 2471 840 2522 gereretur
870 2462 1077 2522 cognosci
1110 2469 1266 2521 posset.
1293 2462 1407 2504 Tum
1441 2475 1567 2506 vero,
1597 2457 1682 2502 cla-1-

284 2558 404 2584 more
433 2541 487 2585 ab
518 2558 567 2585 ea
597 2551 721 2602 parte
748 2541 925 2597 audito,
956 2542 1117 2597 nostri,
1146 2539 1456 2602 redintegratis
1483 2538 1651 2582 viribus
1671 2574 1680 2591 ,

290 2621 402 2680 quod
418 2620 678 2683 plerumque
696 2624 737 2666 in
754 2639 830 2683 spe
845 2622 1036 2666 victoriae
1052 2621 1252 2666 accidere
1266 2620 1515 2675 consuevit,
1536 2619 1678 2663 acrius

291 2701 546 2763 impugnare
576 2712 818 2763 coeperunt.
852 2705 1009 2747 Hostes
1047 2702 1240 2762 undiquc
1265 2700 1575 2752 circumventi,
1609 2699 1682 2742 de-

1903 1990 1914 2004 :
1904 1787 1925 1981 &muff-
1911 1757 1914 1767 -
1912 1736 1921 1746 ,Ἴ
1909 1702 1917 1711 0

1917 1977 1926 1998 ω

1904 2252 1916 2268 ο
1902 2190 1926 2245 Ἰ-,Δ

1903 2283 1913 2315 ὁ

1891 3076 1910 3125 ’.υ
1891 2868 1914 3067 „mr-2
1894 2850 1901 2855 ·
1892 2770 1916 2842 αν)
