1972 3356
375 301 445 338 ¹90
583 291 623 326 C.
656 290 785 325 JULII
813 290 1034 325 CAESARIS
1067 289 1560 327 COMROENTARIORUM

368 375 497 419 tectis
532 374 780 437 insignibus
809 390 1014 430 suorum,
1051 373 1374 436 occultatisque
1407 375 1543 437 signis
1573 375 1776 421 militari-

366 455 471 512 bus,
494 471 616 500 raros
645 454 832 513 milites,
855 473 912 500 ne
934 474 987 501 ex
1019 455 1186 518 oppido
1215 455 1699 514 animadverterentur,
1722 475 1775 502 ex

366 536 611 597 majoribus
636 538 789 582 castris
819 538 862 582 in
891 539 1067 582 minora
1090 538 1358 590 transducit3
1377 536 1641 600 legatisque,
1665 557 1776 601 quos

365 616 551 680 singulis
580 618 827 681 legionibus
864 619 1140 682 praefecerat,
1170 618 1276 681 quid
1317 619 1413 663 fieri
1448 618 1598 678 vellet,
1628 631 1776 665 osten-

365 700 464 744 dit:
499 702 543 745 in
576 701 730 762 primis
762 711 934 756 monet,
973 711 1020 745 ut
1049 702 1307 745 contineant
1338 700 1518 759 milites,
1549 718 1603 746 ne
1629 701 1777 747 studio

367 781 596 843 pugnandi
630 791 706 826 aut
745 799 822 844 spe
856 782 1014 844 praedae
1048 781 1224 844 longius
1256 780 1637 845 progrediantur:
1668 783 1774 844 quid

365 863 576 924 iniquitas
602 861 687 907 loci
711 863 873 908 habeat
896 863 1190 918 incommodi,
1212 864 1424 925 proponit
1448 881 1456 907 :
1481 864 1565 908 hoe
1592 880 1678 908 una
1708 880 1777 908 ce-

370 942 542 988 leritate
578 961 707 1006 posse
741 945 871 988 vitari
903 962 912 988 :
946 945 1191 989 occasionis
1225 962 1316 989 esse
1349 962 1462 1001 rem,
1494 962 1583 988 non
1614 944 1771 1006 proelii.

362 1026 441 1069 His
466 1025 597 1069 rebus
617 1026 852 1086 expositis,
879 1026 1055 1087 signum
1082 1025 1176 1082 dat,
1196 1035 1240 1069 et
1265 1026 1319 1069 ab
1340 1025 1513 1071 dextera
1542 1036 1666 1087 parte
1686 1025 1773 1070 alio

363 1123 545 1150 ascensu
569 1106 726 1150 eodem
757 1115 954 1167 tempore
976 1106 1142 1150 AEduos
1173 1107 1324 1150 mittit.

428 1189 590 1231 XLVI.
621 1187 791 1249 Oppidi
824 1205 978 1232 murus
1003 1188 1055 1232 ab
1086 1187 1272 1249 planitie
1301 1197 1433 1251 atque
1463 1189 1591 1232 initio
1620 1205 1772 1232 ascen-

362 1285 458 1322 sus,
503 1279 623 1314 recta
665 1270 866 1331 regione,
916 1270 950 1313 si
992 1268 1141 1313 nullus
1183 1269 1412 1315 anfractus
1456 1269 1773 1325 intercederet,

361 1367 457 1396 MCC
485 1367 637 1412 passus
664 1351 845 1406 aberat3
869 1350 1087 1412 quidquid
1113 1351 1216 1394 huic
1241 1352 1452 1395 circuitus
1482 1351 1538 1395 ad
1568 1349 1773 1395 mollien-

361 1432 468 1476 dum
499 1431 663 1476 clivum
692 1442 950 1486 accesserat,
989 1433 1032 1476 id
1065 1434 1256 1494 spatium
1291 1434 1464 1477 itineris
1499 1432 1704 1494 augebat.
1736 1435 1774 1477 A

365 1513 509 1556 medio
536 1513 626 1557 fere
663 1512 776 1557 colle
804 1515 847 1556 in
873 1512 1224 1576 longitudinem,
1250 1524 1297 1558 ut
1330 1523 1490 1558 natura
1518 1514 1685 1557 montis
1709 1512 1773 1557 fe·

361 1594 507 1650 rebat,
533 1612 586 1638 ex
614 1594 858 1656 grandibus
898 1595 1012 1639 saxis
1044 1612 1117 1638 sex
1154 1595 1316 1657 pedum
1342 1612 1543 1651 murum,
1570 1595 1647 1655 qui
1670 1610 1772 1638 nos·

360 1685 531 1720 trorum
568 1676 786 1737 impetum
823 1675 1044 1732 tardaret,
1086 1676 1397 1737 praeduxerant
1440 1674 1580 1730 Galli3
1616 1684 1771 1736 atque,

360 1758 570 1802 inferiore
599 1759 721 1801 omni
746 1759 890 1819 spatio
919 1775 1060 1802 vacuo
1091 1756 1264 1815 relicto,
1296 1759 1569 1820 superiorem
1599 1766 1770 1818 partem

360 1838 485 1884 collis
520 1857 658 1901 usque
691 1839 746 1883 ad
776 1857 955 1883 murum
989 1840 1144 1901 oppidi
1173 1840 1441 1885 densissimis
1467 1840 1621 1884 castris
1651 1854 1772 1883 com-

357 1920 601 1982 pleverant.
632 1920 818 1973 Milites,
844 1921 948 1965 (lato
984 1922 1132 1983 signo,
1158 1920 1361 1966 celeriter
1389 1921 1444 1966 ad
1474 1922 1770 1965 munitionem

357 2003 646 2063 perveniunt,
665 2020 851 2064 canique
882 2004 1165 2065 transgressi,
1193 2004 1320 2048 trinis
1345 2005 1499 2048 castris
1522 2004 1769 2065 potiuntur.

358 2088 420 2129 Ac
445 2095 565 2129 tanta
593 2086 677 2129 suit
705 2086 747 2128 in
774 2085 1000 2146 capiendis
1025 2087 1180 2131 castris
1202 2085 1404 2130 celeritas
1421 2122 1431 2141 ,
1462 2096 1511 2130 ut
1535 2087 1773 2130 Teutoma-

360 2176 455 2221 tus,
486 2184 562 2210 rex
589 2167 917 2229 Nitiobrigum,
948 2167 1095 2212 subito
1124 2169 1168 2212 in
1200 2167 1485 2213 tabernaculo
1510 2183 1771 2229 oppressus,

358 2258 407 2292 ut
442 2248 626 2293 meridie
660 2250 1002 2311 conquieverat,
1037 2251 1267 2312 superiore
1295 2252 1494 2313 corporis
1528 2260 1654 2312 parte
1689 2266 1772 2293 nu-

357 2329 479 2387 data,
515 2330 748 2375 vulnerato
780 2348 913 2392 equo,
953 2333 1027 2376 vix
1067 2350 1111 2377 sc
1151 2350 1203 2377 cx
1236 2333 1441 2377 manibus
1477 2333 1768 2394 praedantium

356 2411 550 2455 militum
572 2413 774 2474 eriperet.

422 2495 607 2539 XLVII.
647 2496 924 2539 Consecutus
946 2496 990 2539 id
1019 2497 1138 2558 quod
1163 2498 1313 2541 animo
1342 2505 1661 2559 proposuerat,
1683 2497 1771 2539 Cae-

359 2592 429 2618 sar
464 2576 663 2637 receptui
700 2577 798 2620 caui
831 2577 984 2638 jussit,
1019 2577 1294 2639 legionisque
1323 2578 1524 2632 decimae,
1557 2593 1642 2637 qua
1676 2587 1764 2621 tum

359 2667 453 2701 erat
477 2657 735 2714 comitatus,
767 2658 895 2720 signa
929 2660 1185 2704 consistere.
1215 2662 1272 2704 At
1295 2657 1569 2719 reliquarum
1607 2657 1770 2702 milites

361 2737 607 2799 legionum,
632 2756 721 2782 non
752 2740 961 2784 exaudito
1000 2741 1115 2785 tubae
1151 2757 1283 2796 sono,
1319 2739 1439 2800 quod
1475 2740 1578 2783 satis
1608 2754 1764 2800 inagna
