1972 3356
384 236 457 274 256
618 236 656 271 C.
681 235 811 270 JULII
839 233 1055 271 CAESARIS
1087 236 1350 273 COMMENT.
1381 240 1530 276 LIBER

382 321 512 365 stium
541 316 663 362 nullo
691 318 866 379 negotio
905 317 1001 364 loco
1035 319 1182 381 pulsa,
1206 330 1248 365 et
1274 320 1438 383 dejecta
1473 332 1537 366 est
1563 322 1618 367 de
1641 323 1762 369 colle.

384 400 535 457 Quum
557 398 650 459 jam
683 400 829 444 Caesar
855 400 1140 445 existimasset
1158 401 1304 446 hostes
1335 401 1483 463 pulsos
1512 401 1764 448 deterritos-

382 495 466 541 que
497 478 626 524 finem
660 478 898 525 lacessendi
928 480 1148 538 facturos,
1176 491 1219 526 et
1246 482 1329 527 iter
1364 492 1555 544 coeptum
1586 499 1766 546 pergere

380 561 599 623 coepisset,
616 562 772 606 iterum
791 560 990 607 celeriter
1007 579 1059 607 ex
1072 563 1284 625 proximis
1305 562 1490 608 collibus
1504 573 1765 625 erumpunt,

380 651 511 704 atque
535 642 686 688 eadem
725 644 918 699 ratione,
947 660 1034 704 qua
1075 654 1175 688 ante
1199 642 1314 700 dixi,
1344 644 1390 688 in
1425 645 1607 689 Caesaris
1632 643 1766 707 legio-

379 725 526 769 narios
541 725 756 787 impetum
773 724 940 770 faciunt
958 724 1161 770 Numidae
1187 723 1380 786 levisque
1400 735 1654 781 armaturae,
1679 726 1763 769 mi-

379 804 508 850 rabili
544 805 773 851 velocitate
802 805 995 868 praediti,
1026 807 1102 867 qui
1144 807 1260 851 inter
1289 807 1454 867 equites
1487 806 1766 868 pugnabant,

379 897 422 932 et
446 903 534 931 una
560 889 813 949 pariterque
841 905 940 932 cum
976 888 1194 949 equitibus
1231 903 1460 933 accurrere
1496 897 1538 932 et
1566 887 1767 950 refugere

378 977 712 1013 consueverant.
741 968 894 1025 Quum
925 968 1009 1013 hoc
1050 969 1204 1030 saepius
1229 967 1454 1026 facerent,
1484 979 1527 1013 et
1568 968 1765 1013 Julianos

379 1048 703 1111 proficiscentes
729 1049 1083 1110 insequerentur,
1110 1058 1152 1094 et
1178 1048 1454 1110 refugerent,
1481 1058 1643 1093 stantes
1666 1065 1767 1110 pro-

378 1131 475 1192 pius
496 1146 585 1174 non
609 1128 888 1187 accederent,
916 1139 960 1174 et
987 1129 1198 1192 singulari
1224 1145 1384 1192 genere
1412 1146 1572 1191 pugnae
1590 1139 1767 1174 uteren-

378 1220 467 1266 tur,
492 1227 653 1272 eosque
674 1209 833 1272 jaculis
859 1209 1175 1256 convulnerare
1201 1211 1302 1255 satis
1325 1227 1417 1256 esse
1443 1211 1765 1268 existimarent,

377 1293 522 1337 Caesar
547 1290 776 1348 intellexit,
807 1290 916 1336 nihil
945 1290 1064 1337 aliud
1092 1291 1189 1337 illos
1213 1292 1389 1349 conari,
1422 1292 1503 1337 nisi
1531 1301 1582 1336 ut
1609 1308 1653 1336 se
1690 1308 1765 1336 co-

377 1383 552 1435 gerent,
574 1384 716 1419 castra
740 1375 784 1419 in
814 1390 866 1419 eo
897 1373 994 1419 loco
1021 1391 1205 1436 ponere,
1234 1373 1308 1418 ubi
1337 1374 1517 1418 omnino
1546 1389 1670 1435 aquae
1695 1373 1765 1417 ni-

375 1453 437 1499 hil
461 1464 593 1513 esset;
621 1465 668 1500 ut
693 1456 913 1500 exercitus
940 1456 1034 1516 ejus
1055 1456 1254 1517 jejunus,
1284 1455 1358 1517 qui
1385 1472 1411 1500 a
1436 1464 1592 1516 quarta
1618 1452 1767 1516 vigilia

376 1552 515 1598 usque
540 1535 595 1581 ad
619 1537 776 1582 horam
803 1553 834 1581 x
860 1536 946 1582 diei
974 1535 1084 1581 nihil
1117 1546 1352 1598 gustasset,
1394 1553 1444 1581 ac
1464 1537 1665 1598 jumenta
1696 1535 1767 1580 siti

375 1619 581 1679 perirent.

439 1700 575 1743 LXX.
600 1699 751 1757 Quum
777 1700 869 1760 jam
895 1698 950 1744 ad
977 1697 1079 1743 solis
1105 1715 1311 1744 occasum
1349 1709 1484 1753 esset,
1509 1708 1552 1743 et
1580 1715 1668 1743 non
1704 1709 1766 1744 to·

375 1789 443 1823 tos
470 1789 646 1823 centum
680 1795 833 1840 passus
874 1780 918 1822 in
963 1779 1118 1822 horam
1160 1789 1270 1823 esset
1319 1795 1603 1841 progressus,
1644 1780 1766 1841 equi-

374 1869 468 1904 tatu
491 1876 570 1904 suo
592 1869 776 1921 propter
804 1875 1019 1921 equorum
1043 1860 1270 1904 interitum
1296 1869 1492 1905 extremo
1510 1861 1684 1922 agmine
1703 1877 1767 1905 re-

373 1951 494 1985 moto
514 1975 525 1997 ,
554 1939 747 2003 legiones
774 1941 963 1986 invicem
985 1940 1040 1986 ad
1067 1951 1311 1986 extremum
1351 1958 1507 2004 agmen
1542 1942 1762 1986 evocabat.

372 2024 440 2066 Ita
468 2022 556 2066 vim
585 2021 800 2078 hostium,
829 2020 999 2084 placide
1026 2020 1269 2084 leniterque
1298 2021 1566 2084 procedens,
1599 2039 1679 2084 per
1705 2021 1765 2067 le·

373 2104 623 2164 gionarium
647 2101 832 2148 militem
856 2103 1130 2148 commodius
1155 2103 1409 2148 sustinebat.
1433 2104 1614 2148 Interim
1642 2103 1764 2165 equi-

374 2193 469 2228 tum
488 2183 784 2230 Numidarum
801 2185 937 2246 copiae
953 2183 1105 2229 dextra
1125 2185 1387 2246 sinistraque
1410 2201 1488 2246 per
1509 2183 1640 2230 colles
1660 2201 1767 2246 prae-

373 2281 572 2321 currere,
597 2281 859 2327 coronaeque
885 2266 930 2310 in
956 2264 1137 2310 modum
1164 2266 1340 2328 cingere
1378 2265 1659 2311 multitudine
1685 2282 1766 2310 sua

374 2348 558 2394 Caesaris
585 2349 751 2410 copias3
781 2364 883 2410 pars
909 2364 1062 2410 agmen
1087 2357 1332 2393 extremum
1365 2347 1547 2408 insequi.
1581 2348 1765 2393 Caesaris

371 2438 520 2473 autem
543 2445 632 2473 non
661 2427 850 2491 amplius
874 2438 962 2473 tres
987 2439 1064 2473 aut
1091 2438 1283 2490 quatuor
1312 2426 1472 2472 milites
1506 2429 1701 2472 veterani
1729 2429 1763 2473 si

373 2526 416 2554 se
444 2511 787 2565 convertissent,
817 2520 859 2555 et
897 2507 984 2572 pila
1016 2510 1182 2555 viribus
1223 2519 1426 2555 contorta
1465 2511 1509 2554 in
1548 2507 1763 2555 Numidas

374 2589 554 2635 infestos
581 2591 893 2653 conjecissent,
937 2589 1123 2652 amplius
1168 2608 1201 2636 11
1250 2589 1436 2636 millium
1479 2606 1663 2634 numero
1708 2588 1763 2634 ad

376 2685 511 2715 unum
535 2681 657 2734 terga
683 2672 937 2728 vertebant,
963 2688 1012 2716 ac
1038 2689 1188 2717 rursus
1212 2672 1268 2717 ad
1293 2673 1428 2717 aciem
1453 2671 1636 2733 passim,
1665 2687 1764 2732 con·
