1972 3356
498 232 563 267 DE
592 231 759 267 BELLO
789 232 944 267 CIVILI
978 232 1071 266 LIB.
1104 232 1170 267 ΠΙ.
1469 247 1536 279 ¹27

144 325 299 383 Itaque
323 318 621 381 quodcunque
661 316 903 362 addebatur
935 317 1155 375 subsidio,
1188 317 1256 375 id,
1286 329 1545 382 corruptum

146 405 304 448 timore
327 401 614 463 fugientium,
644 410 857 444 terrorem
882 407 921 443 et
952 398 1197 460 periculum
1221 401 1411 462 augebat
1434 419 1444 446 :
1472 402 1546 446 ho-

146 485 316 529 minum
344 483 460 527 enirn
490 479 775 525 multitudine
805 490 1006 541 receptus
1036 480 1368 542 impediebatur.
1415 486 1465 528 In
1495 500 1546 527 eo

147 565 327 628 proelio,
352 580 490 625 quum
512 562 634 624 gravi
661 560 839 604 vulnere
863 570 974 604 esset.
1000 561 1182 605 affectus
1209 562 1439 623 aquilifer,
1462 575 1506 609 et
1523 582 1547 609 a

146 647 313 692 viribus
334 643 612 699 deficeretur,
642 642 923 703 conspicatus
953 643 1123 701 equites
1155 652 1351 700 nostros,
1375 664 1395 686 «
1421 648 1547 690 Hanc.

146 745 247 790 ego,
270 725 436 786 inquit,
461 733 503 768 et
523 723 648 767 vivus
678 720 841 766 multos
866 738 945 783 per
971 738 1109 767 annos
1135 739 1295 784 magna
1319 723 1547 787 diligentia

146 807 344 863 defendi,
373 817 417 850 et
449 821 569 849 nunc
602 805 798 848 moriens
836 802 990 847 eadem
1022 802 1109 847 fide
1146 806 1307 849 Caesari
1345 807 1546 852 restituo.

144 888 313 944 Nolite,
339 888 547 943 obsecro,
571 886 869 942 committere,
890 884 1008 946 quod
1041 896 1142 930 ante
1168 886 1212 930 in
1245 889 1439 932 exercitu
1463 891 1551 934 Cae-

143 971 250 1014 saris
280 987 370 1014 non
407 968 588 1024 accidit,
622 978 672 1012 ut
699 968 761 1011 rei
801 966 1002 1012 militaris
1042 966 1231 1012 dedecus
1262 968 1549 1027 admittatur3

143 1051 505 1112 incolumemque
532 1050 587 1095 ad
621 1067 719 1094 eum
757 1049 928 1094 referte.
958 1071 978 1092 »
1010 1052 1107 1094 Hoc
1134 1067 1236 1095 casu
1274 1050 1421 1112 aquila
1448 1069 1551 1096 con-

144 1145 364 1191 servatur,
391 1135 595 1180 omnihus
637 1136 790 1198 primae
821 1135 1015 1180 cohortis
1042 1136 1380 1180 centurionibus
1410 1136 1549 1180 inter-

145 1218 290 1274 fectis,
311 1228 469 1280 praeter
494 1218 742 1280 principem
774 1218 981 1279 priorem.

211 1302 345 1345 LXV.
390 1303 578 1361 Jamque
601 1300 882 1362 Pompeiani,
912 1316 1074 1361 magna
1115 1299 1231 1344 caede
1271 1311 1551 1356 nostrorum,

146 1383 297 1428 castris
328 1381 576 1427 Marcellini
614 1381 1061 1443 appropinquabant,
1094 1399 1184 1426 non
1211 1381 1424 1426 mediocri
1464 1392 1553 1428 ter-

146 1481 245 1508 rore
290 1462 410 1507 illato
448 1462 629 1524 reliquis
661 1462 918 1506 cohortibus
953 1480 961 1505 :
1003 1472 1046 1506 et
1086 1464 1148 1506 M.
1192 1464 1436 1520 Antonius,
1477 1465 1552 1525 qui

145 1545 395 1606 proximum
426 1543 573 1588 locum
607 1543 912 1605 praesidiorum
948 1543 1146 1600 tenebat,
1178 1561 1226 1588 ea
1252 1561 1297 1588 re
1322 1546 1553 1600 nuntiata,

144 1643 245 1670 cum
291 1625 548 1670 cohortibus
587 1641 653 1670 ΧΠ
685 1624 954 1670 descendens
984 1641 1036 1669 ex
1076 1623 1172 1670 loco
1209 1626 1437 1688 superiore
1464 1643 1555 1671 cer-

145 1708 346 1752 nebatur.
386 1708 524 1768 Cujus
554 1706 771 1751 adventus
811 1707 1104 1767 Pompeianos
1140 1709 1427 1768 compressit,
1470 1725 1551 1752 no-

147 1798 349 1849 strosque
375 1787 590 1843 firmavit,
620 1797 669 1830 ut
698 1804 742 1830 se
770 1804 821 1830 ex
850 1788 1044 1831 maximo
1083 1788 1243 1831 timore
1278 1787 1552 1850 colligerent.

147 1872 305 1931 Neque
351 1869 491 1913 multo
542 1879 640 1930 post
677 1870 849 1925 Caesar,
892 1868 1213 1930 significatione
1247 1887 1326 1931 per
1375 1869 1554 1915 castella

148 1950 270 1995 fumo
299 1950 410 1995 facta
428 1985 438 2005 ,
467 1960 515 1995 ut
541 1960 635 1994 erat
662 1951 898 2011 superioris
925 1951 1134 2012 temporis
1158 1951 1453 2007 consuetudo,
1481 1951 1555 1996 de-

150 2031 293 2077 ductis
331 2031 595 2093 quibusdam
628 2032 886 2076 cohortibus
913 2048 963 2075 ex
1001 2032 1242 2094 praesidiis,
1286 2032 1439 2077 eodem
1477 2050 1553 2078 ve·
1589 2050 1594 2056 ’

151 2115 228 2159 nit.
265 2115 379 2172 Qui,
418 2115 596 2175 cognito
634 2112 927 2169 detrimento,
966 2131 1103 2174 quum
1146 2113 1553 2172 animadvertisset,

149 2196 408 2258 Pompeium
447 2205 571 2240 extra
612 2195 880 2240 munitiones
918 2212 1166 2257 egressum,
1213 2206 1357 2241 castra
1392 2213 1552 2241 secun—

151 2276 257 2321 dum
281 2294 420 2331 mare,
444 2288 492 2321 ut
515 2275 651 2322 libere
680 2276 880 2340 pabulari
907 2287 1074 2340 posset,
1106 2294 1187 2322 nec
1211 2278 1356 2322 minus
1382 2277 1553 2322 aditum

150 2359 336 2403 navibus
356 2359 561 2412 haberet,
586 2369 855 2404 commutata
874 2360 1046 2405 ratione
1072 2358 1194 2414 belli,
1223 2360 1435 2421 quoniam
1456 2376 1558 2421 pro-

151 2439 343 2500 positum
372 2457 462 2484 non
488 2450 716 2496 tenuerat,
739 2441 865 2502 juxta
893 2441 1154 2503 Pompeium
1183 2441 1358 2485 munire
1378 2441 1519 2502 jussit.

215 2523 375 2566 LXVI.
399 2523 500 2580 Qua
524 2521 715 2584 perfecta
738 2524 1004 2580 munitione,
1033 2521 1390 2568 animadversum
1417 2530 1482 2566 est
1500 2521 1555 2565 ab

150 2602 502 2664 speculatoribus
544 2605 746 2658 Caesaris,
776 2605 979 2649 cohortes
1007 2603 1242 2665 quasdam,
1269 2601 1391 2664 quod
1418 2602 1556 2646 instar

153 2681 334 2745 legionis
364 2685 609 2743 videretur,
634 2703 724 2731 esse
751 2697 847 2748 post
873 2686 1050 2743 silvam,
1086 2696 1130 2730 et
1158 2686 1202 2729 in
1229 2694 1376 2729 vetera
1413 2692 1555 2728 castra
