1972 3356
424 266 497 289 220
657 252 696 286 C.
723 249 853 284 JULII
884 247 1102 283 CAESARIS
1131 247 1392 284 COMMENT.
1429 251 1576 286 LIBER

425 352 635 380 uumerus
660 334 741 376 fuit
772 349 867 376 xxx
902 332 1174 387 cohortium,
1200 349 1301 376 cum
1327 332 1548 393 equitibus
1570 348 1655 390 CD,
1678 344 1720 378 et
1748 351 1816 380 sa-

425 417 612 478 gittariis
636 432 702 460 CL.

490 499 613 541 XIII.
645 498 802 540 Hostes
827 495 1027 552 interim,
1054 511 1245 555 quorum
1279 494 1367 538 dux
1390 505 1484 538 erat
1506 495 1748 553 Labienus,
1776 507 1819 540 et

427 578 513 622 duo
542 577 735 631 Pacidii,
762 578 901 621 aciem
931 576 1149 620 dirimunt
1182 575 1373 620 mirabili
1402 574 1702 637 longitudine,
1730 593 1819 621 nou

425 659 648 722 peditum,
675 659 750 704 sed
781 659 981 720 equitum
996 693 1007 715 ,
1030 657 1299 714 confertam,
1324 667 1366 702 et
1390 658 1503 702 inter
1523 675 1596 702 eos
1620 657 1728 703 levis
1750 675 1821 703 ar-

426 751 608 786 maturae
637 739 854 786 Numidas
883 751 926 784 et
960 741 1213 801 sagittarios
1240 739 1409 801 pedites
1440 740 1821 802 interposuerant,

425 833 467 866 et
495 823 553 867 ita
567 822 973 877 condensaverant,
999 831 1046 865 ut
1070 820 1227 883 procul
1251 822 1489 867 Caesariani
1511 820 1734 883 pedestres
1755 837 1824 865 co-

425 904 518 965 pias
530 904 855 948 arbitrarentur
871 920 882 959 3
898 914 942 948 et
960 903 1164 947 dextrum
1179 920 1229 947 ac
1252 904 1480 947 sinistrum
1495 919 1637 947 cornu
1651 904 1822 964 magnis

428 985 625 1045 equitum
651 986 789 1046 copiis
813 984 1111 1028 firmaverant.
1140 985 1324 1028 Interim
1348 986 1494 1029 Caesar
1518 985 1656 1028 aciem
1671 983 1824 1046 dirigit

427 1064 695 1128 simplicem,
728 1075 778 1109 ut
809 1075 1012 1127 poterat,
1041 1075 1223 1126 propter
1243 1065 1511 1131 paucitatem
1539 1081 1547 1107 :
1574 1065 1824 1125 sagittarios

429 1157 531 1191 ante
554 1148 693 1191 aciem
724 1147 950 1191 constituit
986 1164 994 1190 :
1022 1147 1193 1206 equites
1213 1145 1367 1189 dextro
1392 1145 1660 1205 sinistroque
1685 1161 1825 1188 cornu

430 1230 635 1289 opponit,
663 1239 706 1273 et
727 1230 786 1272 ita
805 1228 1026 1289 praecipit,
1048 1237 1099 1270 ut
1123 1225 1432 1287 providerent,
1463 1242 1518 1270 ne
1542 1224 1826 1269 multitudine

428 1311 650 1371 equitatus
675 1311 871 1354 hostium
892 1309 1320 1354 circumvenirentur
1347 1325 1355 1351 :
1383 1307 1662 1351 existimabat
1681 1307 1797 1351 enim
1814 1340 1825 1361 ,

429 1409 472 1435 se
500 1409 600 1436 curn
625 1391 902 1453 pedestribus
929 1390 1065 1451 copiis
1087 1390 1178 1433 acie
1206 1390 1419 1433 instructa
1444 1388 1771 1432 dimicaturum.

493 1476 611 1518 XIV.
641 1475 793 1532 Quum
820 1473 1030 1532 utrinque
1061 1472 1330 1533 exspectatio
1351 1470 1500 1526 fieret,
1520 1486 1664 1530 neque
1681 1470 1826 1514 Caesar

428 1572 472 1599 se
501 1564 774 1608 removeret,
801 1564 843 1597 et
866 1570 966 1597 cum
995 1569 1175 1597 suorum
1200 1554 1419 1613 paucitate
1442 1561 1595 1596 contra
1622 1566 1826 1611 magnam

429 1638 518 1680 vim
540 1637 735 1680 hostium
754 1634 938 1680 artificio
957 1635 1116 1696 magis,
1132 1650 1266 1694 quam
1288 1633 1478 1689 viribus,
1501 1630 1826 1676 decernendum

428 1718 623 1774 videret,
656 1717 801 1761 subito
831 1716 1187 1760 adversariorum
1216 1715 1434 1774 equitatus
1457 1729 1547 1757 sese
1572 1710 1827 1767 extendere,

429 1810 469 1843 et
510 1801 553 1842 in
586 1797 864 1842 latitudinem
898 1812 1184 1857 promovere,
1233 1793 1449 1854 collesque
1489 1791 1749 1854 complecti,
1787 1802 1830 1835 et

429 1881 611 1925 Caesaris
641 1879 887 1939 equitatum
915 1887 1177 1931 extenuare,
1204 1874 1422 1935 simulque
1460 1874 1515 1919 ad
1551 1874 1828 1918 circumeun-

429 1962 535 2006 dum
564 1976 820 2022 comparare
849 1976 892 2003 se
920 1967 1160 2019 coeperunt.
1199 1957 1438 2002 Caesariani
1471 1956 1639 2016 equites
1673 1970 1826 1998 eorum

432 2042 762 2087 multitudinem
804 2057 917 2103 aegre
957 2040 1244 2084 sustinebant.
1290 2038 1416 2083 Acies
1456 2037 1632 2080 interim
1674 2034 1827 2079 mediae

429 2142 566 2185 quum
587 2139 850 2168 concurrere
871 2132 1158 2177 conarentur,
1181 2121 1328 2165 subito
1343 2136 1399 2163 ex
1421 2117 1653 2162 condensis
1670 2116 1826 2160 turmis

430 2205 597 2267 pedites
627 2204 834 2249 Numidae
866 2202 969 2246 levis
997 2212 1230 2246 armaturae
1263 2218 1365 2245 cum
1400 2198 1621 2261 equitibus
1649 2213 1829 2260 procur-

429 2297 562 2343 runt,
591 2298 634 2331 et
661 2288 775 2330 iuter
801 2285 1066 2347 legionarios
1100 2283 1261 2327 milites
1285 2281 1431 2344 jacula
1457 2281 1715 2341 conjiciunt.
1746 2278 1829 2322 Hic

429 2386 567 2430 quum
593 2368 832 2414 Caesariani
858 2370 901 2412 in
932 2384 1004 2411 eos
1029 2367 1242 2427 impetum
1267 2364 1494 2420 fecissent,
1513 2361 1691 2407 illorum
1714 2360 1834 2421 equi-

430 2460 493 2494 tes
518 2449 796 2511 refugiebant
823 2467 831 2493 :
860 2448 1025 2510 pedites
1055 2449 1229 2492 interim
1260 2446 1547 2499 resistebant,
1575 2443 1679 2487 dum
1706 2440 1831 2501 equi-

434 2542 495 2575 tes
521 2548 694 2588 rursus,
720 2548 851 2576 cursu
876 2542 1110 2585 renovato,
1140 2528 1361 2591 peditibus
1387 2527 1475 2571 suis
1508 2530 1828 2569 succurrerent.

495 2614 595 2657 XV.
633 2615 799 2669 Caesar,
835 2628 949 2656 novo
982 2628 1138 2672 genere
1176 2626 1335 2671 pugnae
1364 2607 1541 2662 oblato,
1578 2620 1713 2665 quum
1737 2602 1830 2646 ani-

436 2695 749 2749 nuulverteret,
792 2693 967 2738 ordines
1005 2710 1187 2737 suorum
1226 2693 1269 2735 in
1316 2686 1622 2751 procurrendo
1661 2683 1831 2729 turbari
