1972 3356
342 359 364 382 2
545 346 581 382 C.
612 345 742 381 JULH
772 345 996 382 CAESARIS
1029 346 1522 384 COMROENTAMORUM

341 431 546 486 bebatur,
582 431 905 491 Pompeiusque
944 429 1114 486 aderat,
1153 447 1203 474 ex
1239 431 1376 491 ipsius
1418 447 1493 474 ore
1537 433 1732 492 Pompeii

340 511 456 554 mitti
480 509 725 554 videbatur.
745 510 930 555 Dixerat
957 509 1114 572 aliquis
1140 509 1355 555 leniorem
1375 512 1638 556 sententiam
1654 547 1664 566 ,
1687 523 1732 557 ut

339 593 483 653 primo
514 594 576 636 M.
607 591 871 648 Marcellus,
901 592 1122 654 ingressus
1149 592 1193 635 in
1221 609 1318 636 eam
1347 593 1617 647 orationem,
1644 610 1734 637 non

339 684 544 734 oportere
576 684 679 718 ante
711 673 765 718 de
788 691 838 718 ea
863 691 908 718 re
931 674 987 718 ad
1008 683 1209 718 senatum
1233 673 1406 730 referri,
1433 691 1564 735 quam
1591 672 1733 718 delec-

339 764 407 798 tus
429 764 520 799 tota
549 753 678 799 Italia
698 755 856 811 habiti,
879 766 921 800 et
945 756 1164 799 exercitus
1194 755 1433 816 conscripti
1455 765 1620 811 essent,
1645 772 1734 816 quo

339 835 542 896 praesidio
575 846 673 880 tuto
709 847 752 881 et
789 836 924 880 libere
956 846 1157 891 senatus,
1183 853 1280 897 quae
1316 835 1466 892 vellet,
1495 835 1733 880 decernere

338 917 537 970 auderet3
571 927 621 961 ut
649 919 712 962 M.
739 916 956 973 Calidius,
982 918 1059 978 qui
1085 917 1311 974 censebat,
1340 927 1389 961 ut
1419 918 1657 978 Pompeius
1688 917 1732 961 in

338 1014 436 1042 suas
470 999 722 1059 provincias
754 997 1127 1059 proficisceretur,
1156 1015 1212 1042 ne
1241 1015 1328 1059 qua
1362 1008 1474 1042 esset
1507 1015 1732 1042 armorum

339 1095 491 1134 causa3
530 1080 683 1123 timere
709 1080 953 1133 Caesarem,
989 1079 1182 1139 abreptis
1216 1079 1270 1121 ab
1306 1095 1357 1121 eo
1391 1095 1423 1122 11
1455 1078 1733 1140 legionibus,

337 1176 391 1203 ne
415 1159 468 1203 ad
493 1161 586 1221 ejus
607 1158 854 1221 periculum
881 1175 1104 1203 reservare
1121 1168 1163 1203 et
1187 1160 1375 1203 retinere
1399 1175 1470 1203 eas
1493 1144 1547 1203 ad
1568 1160 1733 1204 Urbem

336 1241 572 1302 Pompeius
588 1240 835 1295 videretur3
855 1250 905 1284 ut
923 1242 986 1284 M.
1002 1240 1143 1284 Rufus
1157 1274 1167 1294 ,
1183 1241 1258 1300 qui
1273 1241 1537 1283 sententiam
1552 1239 1711 1285 Calidii
1723 1275 1735 1295 ,

337 1323 487 1383 paucis
511 1321 601 1366 fere
625 1323 806 1366 mutatis
827 1321 977 1378 rebus,
1004 1321 1282 1382 sequebatur.
1314 1321 1371 1365 Hi
1393 1337 1567 1377 omnes,
1589 1322 1737 1365 convi-

337 1405 404 1447 cio
427 1405 477 1448 L.
496 1402 673 1447 Lentuli
693 1402 887 1447 consulis
907 1403 1122 1464 correpti,
1144 1402 1494 1464 exagitabantur.
1519 1402 1736 1448 Lentulus

335 1485 597 1529 sententiam
630 1484 791 1528 Calidii
822 1485 1217 1544 pronuntiaturum
1251 1501 1295 1528 se
1328 1485 1511 1528 omnino
1545 1486 1734 1546 negavit.

337 1565 594 1621 Marcellus,
623 1565 885 1626 perterritus
913 1566 1146 1621 conviciis,
1177 1582 1200 1609 a
1228 1582 1305 1610 sua
1327 1568 1545 1611 sententia
1574 1567 1737 1611 disces-

335 1648 401 1691 sit.
451 1647 522 1691 Sic
559 1646 741 1690 vocibus
778 1646 990 1702 consulis,
1025 1657 1193 1691 terrore
1232 1649 1457 1708 praesentis
1495 1649 1735 1702 exercitus,

335 1729 466 1773 minis
501 1728 746 1772 amicorum
783 1728 1002 1789 Pompeii,
1032 1727 1231 1789 plerique
1267 1727 1505 1789 compulsi,
1531 1729 1659 1773 inviti
1694 1740 1737 1774 et

335 1810 474 1853 coacti
500 1809 721 1870 Scipionis
744 1810 1007 1852 sententiam
1029 1819 1296 1869 sequuntur,
1320 1828 1341 1850 «
1362 1810 1425 1853 uti
1444 1819 1547 1853 ante
1566 1820 1734 1854 certam

335 1889 451 1934 diem
482 1892 628 1934 Caesar
651 1890 896 1933 exercitum
920 1888 1116 1932 dimittat
1145 1907 1153 1932 :
1185 1891 1219 1933 si
1248 1906 1337 1933 non
1363 1889 1509 1945 faciat,
1535 1906 1636 1934 eum
1666 1889 1737 1934 ad-

334 1988 485 2015 versus
509 1968 830 2032 rempublicam
848 1970 1071 2014 facturum
1093 1969 1247 2014 videri.
1269 1991 1289 2012 n
1308 1970 1547 2015 Intercedit
1566 1972 1629 2015 M.
1647 1973 1737 2016 An·

336 2053 500 2105 tonius,
537 2052 595 2110 Q.
627 2053 803 2098 Cassius
824 2087 834 2102 ,
869 2052 1035 2096 tribuni
1067 2051 1218 2113 plebis.
1254 2051 1464 2096 Refertur
1501 2051 1733 2096 confestim

334 2135 387 2178 (le
411 2134 724 2179 intercessione
743 2134 1027 2178 tribunorum
1047 2151 1055 2177 :
1078 2133 1288 2177 dicuntur
1304 2134 1532 2178 sententiae
1555 2149 1733 2196 graves:

335 2226 382 2260 ut
407 2217 594 2278 quisque
624 2215 900 2260 acerbissime
925 2214 1316 2275 crudelissimeque
1343 2213 1477 2271 dixit,
1509 2216 1568 2259 ita
1599 2231 1734 2276 quam

334 2298 523 2341 maxime
549 2297 603 2341 ab
631 2297 819 2341 inimicis
844 2296 1027 2340 Caesaris
1053 2294 1345 2340 collaudatur,

398 2380 476 2423 ΠΙ.
513 2380 649 2423 Misso
675 2378 730 2423 ad
757 2394 988 2439 vesperum
1016 2388 1192 2431 senatu,
1217 2394 1392 2434 omnes,
1415 2378 1491 2439 qui
1511 2386 1614 2422 sunt
1640 2377 1734 2438 ejus

333 2459 525 2516 ordinis,
551 2476 575 2504 a
600 2460 813 2521 Pompeio
839 2468 1094 2503 evocantur.
1123 2458 1295 2503 Laudat
1321 2459 1577 2520 Pompeius,
1601 2467 1733 2517 atque

335 2558 378 2584 in
406 2551 631 2601 posterum
662 2540 922 2593 confirmat3
950 2541 1173 2602 segniores
1198 2541 1384 2602 castigat
1406 2549 1538 2600 atque
1563 2538 1730 2582 incitat.

334 2622 466 2667 Multi
487 2622 686 2684 undique
706 2640 759 2666 ex
776 2621 998 2666 veteribus
1024 2623 1223 2684 Pompeii
1243 2621 1508 2666 exercitibus
1526 2636 1604 2680 spe
1623 2635 1735 2680 prae-

334 2704 525 2748 miorum
567 2714 699 2765 atque
737 2703 945 2748 ordinum
984 2714 1227 2749 evocantur
1265 2720 1274 2747 :
1315 2701 1443 2746 multi
1469 2718 1522 2746 ex
1555 2699 1730 2745 duabus

336 2782 608 2845 legionibus,
644 2802 739 2846 quae
779 2794 881 2829 sunt
918 2784 1091 2829 traditae
1129 2802 1153 2829 a
1194 2786 1395 2838 Caesare,
1431 2791 1730 2827 arcessuntur.
