1972 3356
350 307 417 340 ¹70
556 297 594 331 C.
627 298 758 333 JULII
789 298 1005 335 CAESARIS
1036 300 1527 338 COMMENTARIORUM

408 382 528 424 XIV.
567 383 937 444 Vercingetorix,
969 394 1033 428 tot
1063 386 1286 429 continuis
1321 386 1611 430 incommodis
1637 387 1742 432 Vel-

342 459 617 515 launoduni,
642 463 842 519 Genabi,
878 465 1135 509 Novioduni
1169 467 1379 527 acceptiS,
1417 482 1518 510 suos
1547 466 1602 511 ad
1637 484 1742 512 con-

344 540 495 585 cilium
514 553 743 588 convocat.
765 547 932 602 Docet,
952 566 973 587 α
1015 545 1144 608 longe
1167 545 1252 590 alia
1267 547 1438 591 ratione
1462 564 1555 592 esse
1576 547 1741 593 bellum

343 623 607 682 gerendum,
630 635 762 686 atque
785 635 913 670 antea
937 627 993 671 sit
1015 637 1200 688 gestum.
1228 628 1451 673 Omnibus
1475 628 1617 673 modis
1640 628 1742 673 huic

341 703 404 747 rei
445 704 739 762 studendum,
778 717 827 751 ut
864 706 1151 768 pabulatione
1189 719 1232 753 et
1267 720 1518 754 commeatu
1554 710 1743 754 Romani

342 784 677 844 prohibeantur.
713 787 764 832 Id
799 805 891 832 esse
919 787 1076 846 facile,
1103 789 1222 850 quod
1251 791 1451 851 equitatu
1485 791 1567 852 ipsi
1600 790 1743 834 abun-

342 866 470 923 dent,
499 877 542 912 et
572 868 692 930 quod
720 870 825 913 anni
855 879 1053 931 tempore
1085 869 1369 916 subleventur
1397 888 1405 914 ε
1432 869 1645 931 pabulum
1678 887 1744 914 se-

342 949 432 993 cari
469 966 556 993 non
585 966 737 1011 posse;
766 951 1012 995 necessario
1036 951 1258 1012 dispersos
1289 951 1437 995 hostes
1465 969 1517 995 ex
1551 951 1743 996 aedificiis

342 1040 488 1091 petere
518 1049 526 1074 ε
557 1031 637 1074 hos
673 1047 827 1075 omnes
857 1031 1054 1092 quotidie
1090 1033 1144 1075 ab
1181 1032 1403 1092 equitibus
1436 1032 1570 1076 deleri
1605 1049 1744 1093 posse.

340 1114 554 1156 Praeterea
593 1111 745 1156 salutis
782 1129 910 1156 causa
951 1113 1014 1156 rei
1060 1111 1291 1156 familiaris
1334 1111 1569 1156 commoda
1610 1112 1746 1174 negli-

340 1193 506 1254 genda;
530 1194 648 1238 vicos
672 1203 805 1255 atque
829 1193 1012 1238 aedificia
1040 1193 1216 1238 incendi
1239 1203 1445 1254 oportere
1472 1194 1555 1237 hoc
1582 1194 1744 1254 spatio,

340 1294 364 1320 a
387 1278 494 1321 Boia
523 1294 884 1340 quoquoversus,
907 1295 1018 1339 quos
1043 1277 1285 1339 pabulandi
1313 1295 1443 1322 causa
1470 1277 1591 1322 adire
1620 1295 1748 1339 posse

341 1358 590 1403 videantur.
609 1362 781 1404 Harum
803 1360 908 1421 ipsis
934 1376 1084 1404 rerum
1114 1360 1288 1420 copiam
1316 1369 1574 1421 suppetere,
1603 1359 1747 1420 quod,

342 1457 529 1500 quorum
557 1441 602 1484 in
625 1441 787 1486 finibus
815 1439 983 1486 bellum
1004 1451 1204 1503 geratur,
1235 1458 1387 1485 corum
1419 1442 1577 1502 opibus
1603 1439 1749 1485 suble-

345 1531 502 1565 ventur
530 1538 539 1564 :
570 1524 794 1567 Romanos
821 1533 897 1567 aut
929 1524 1124 1584 inopiam
1154 1540 1243 1567 non
1272 1521 1460 1576 laturos,
1487 1532 1562 1566 aut
1588 1538 1749 1583 magno

343 1618 444 1646 cum
473 1601 667 1663 periculo
696 1603 871 1665 longius
901 1621 925 1647 a
949 1604 1104 1648 castris
1135 1620 1443 1665 progressuros
1475 1622 1482 1646 :
1514 1619 1658 1664 neque
1688 1604 1751 1646 in-

345 1693 527 1739 teresse,
548 1684 724 1745 ipsosne
746 1684 1034 1739 interficiant,
1052 1684 1438 1745 impedimentisne
1457 1694 1641 1739 exuant,
1658 1685 1750 1744 qui-

343 1765 426 1808 bus
451 1766 621 1809 amissis
651 1764 819 1809 bellum
848 1766 938 1827 geri
968 1782 1053 1809 non
1085 1765 1232 1826 possit.
1258 1766 1476 1808 Praeterea
1501 1764 1664 1825 oppida
1689 1765 1749 1808 in-

345 1846 472 1889 cendi
507 1856 733 1907 oportere,
773 1863 870 1907 quae
903 1864 990 1890 non
1028 1847 1276 1890 munitione
1315 1855 1358 1889 et
1386 1844 1469 1889 loci
1508 1855 1664 1889 natura
1696 1845 1749 1889 ab

344 1929 465 1971 omni
501 1928 586 1971 sint
623 1927 819 1988 periculo
857 1938 948 1972 tuta
987 1945 994 1971 :
1040 1944 1124 1971 neu
1159 1927 1245 1970 suis
1284 1927 1372 1970 sint
1405 1926 1460 1970 ad
1497 1926 1750 1971 detrectan-

343 2008 444 2052 dam
480 2007 684 2053 militiam
725 2008 1021 2070 receptacula,
1057 2025 1142 2052 neu
1183 2010 1397 2053 Romanis
1433 2009 1658 2069 proposita
1696 2007 1752 2052 ad

345 2091 519 2151 copiam
549 2101 822 2135 commeatus
857 2089 1140 2151 praedamque
1172 2087 1424 2133 tollendam.
1457 2092 1558 2133 Haec
1585 2091 1620 2133 si
1648 2106 1750 2150 gra·

345 2172 415 2215 via
453 2181 529 2216 aut
561 2171 718 2215 acerba
757 2171 1012 2227 videantur,
1044 2169 1185 2214 multo
1222 2168 1295 2214 illa
1328 2170 1507 2230 gravius
1537 2170 1752 2214 aestimare

346 2252 525 2308 debere,
552 2251 734 2306 liberos,
763 2252 974 2314 conjuges
1009 2253 1051 2295 in
1089 2252 1344 2295 servitutem
1383 2250 1601 2302 abstrahi,
1634 2251 1752 2310 ipsos

348 2333 559 2389 interfici3
579 2350 676 2394 quae
704 2334 754 2377 sit
777 2349 953 2376 necesse
974 2332 1173 2377 accidere
1196 2332 1337 2376 victis
1368 2351 1388 2373 »

410 2417 510 2459 XV.
543 2415 759 2459 Omnium
796 2431 1014 2459 consensu
1049 2414 1131 2458 hac
1164 2414 1382 2457 sententia
1419 2413 1628 2473 probata,
1661 2429 1750 2457 uno

347 2496 415 2541 die
438 2495 627 2557 amplius
652 2512 712 2540 xx
741 2495 870 2539 urbes
898 2497 1146 2556 Biturigum
1173 2494 1487 2538 incenduntur.
1513 2495 1607 2536 Hoc
1635 2492 1749 2536 idem

346 2578 393 2621 fit
419 2578 463 2621 in
498 2575 678 2638 reliquis
704 2576 971 2621 Civitatibus.
1004 2579 1055 2620 In
1088 2575 1295 2619 omnibus
1323 2573 1520 2634 partibus
1550 2573 1750 2617 incendia

347 2659 684 2719 conspiciuntur
710 2675 718 2701 ε
744 2675 841 2719 qurc
865 2658 946 2701 ctsi
970 2674 1131 2718 magno
1163 2673 1263 2700 cum
1290 2653 1442 2698 doloro
1468 2670 1621 2697 omnes
1646 2654 1754 2697 fcre-

347 2737 473 2795 bant,
491 2749 639 2783 tamen
657 2740 741 2783 hoc
766 2740 846 2783 sibi
870 2738 1013 2783 solatii
1037 2737 1365 2800 proponebant,
1386 2735 1503 2795 quod
1526 2752 1592 2788 sc,
1613 2752 1750 2795 prope
