1972 3356
450 240 496 274 26
655 240 692 272 C.
720 238 847 272 JULII
877 237 1089 272 CAESARIS
1120 239 1594 275 COMMENTARIORUM

448 323 683 381 crebroque
703 322 814 364 inter
829 336 872 363 se
887 320 1154 380 equestribus
1177 320 1334 380 proeliis
1353 322 1681 367 contendebant.
1702 328 1795 368 Huc

450 419 582 463 quum
608 401 860 461 quotidiana
881 400 1194 444 consuetudine
1217 417 1453 461 congressae
1473 402 1796 462 pabulatoribus

451 482 647 542 praesidio
673 482 850 542 proprio
879 480 1064 541 legiones
1097 481 1295 524 Fabianae
1318 481 1412 524 duae
1438 481 1598 525 flumen
1623 484 1797 527 transis-

449 571 563 616 sent,
602 561 994 622 impedimentaque
1034 570 1076 604 et
1103 560 1242 603 omnis
1285 561 1500 620 equitatus
1535 571 1798 621 sequeretur,

450 641 591 684 subito
616 641 657 684 vi
680 650 903 684 ventorum
928 649 970 683 et
992 656 1112 699 aquae
1134 640 1433 700 magnitudine
1456 657 1563 700 pons
1590 649 1651 684 est
1675 642 1803 685 inter-

450 730 627 780 ruptus,
664 730 706 763 et
741 719 908 779 reliqua
934 719 1170 763 multitudo
1194 720 1386 779 equitum
1421 718 1669 763 interclusa.
1700 721 1800 777 Quo

450 800 625 860 cognito
649 816 671 842 a
697 800 865 842 Petreio
888 808 930 841 et
963 798 1143 842 Afranio
1170 815 1219 841 ex
1247 814 1400 859 aggere
1428 809 1557 859 atque
1585 800 1801 855 cratibus,

449 894 542 937 quae
569 877 745 921 flumine
782 878 1046 932 ferebantur,
1076 877 1272 921 celeriter
1306 895 1383 921 suo
1418 888 1549 939 ponte
1576 878 1804 932 Afranius,

450 974 577 1017 quem
594 958 755 1018 oppido
776 959 1013 1017 castrisque
1027 958 1308 1016 conjunctum
1323 958 1529 1014 habebat,
1552 958 1742 1019 legiones
1761 975 1804 1002 1v

449 1037 776 1096 equitatumque
800 1053 971 1079 omnem
999 1036 1194 1095 trajecit,
1229 1036 1479 1096 duabusque
1505 1037 1704 1081 Fabianis
1729 1054 1803 1081 oc-

452 1116 586 1159 currit
615 1114 870 1176 legionibus.
905 1116 1040 1175 Cujus
1066 1115 1252 1158 adventu
1276 1117 1500 1170 nuntiato,
1524 1119 1572 1160 L.
1599 1115 1807 1173 Plancus,

450 1196 523 1254 qui
553 1194 793 1256 legionibus
829 1205 1032 1255 praeerat,
1070 1196 1305 1238 necessaria
1340 1211 1386 1238 re
1425 1205 1624 1249 coactus,
1664 1195 1805 1239 locum

450 1275 566 1335 capit
603 1277 892 1335 superiorem,
929 1274 1232 1334 diversamque
1271 1276 1406 1318 aciem
1436 1275 1481 1318 in
1520 1274 1625 1318 duas
1664 1284 1807 1335 partes

450 1355 674 1398 constituit
688 1389 699 1411 ,
720 1371 774 1398 ne
792 1354 846 1398 ab
878 1355 1071 1414 equitatu
1092 1355 1395 1398 circumveniri
1418 1364 1573 1415 posset.
1594 1356 1684 1411 Ita,
1708 1370 1809 1398 con-

452 1450 621 1493 gressus
641 1434 795 1493 impari
816 1450 1021 1489 numero,
1046 1450 1224 1494 magnos
1246 1435 1427 1494 impetus
1449 1433 1669 1494 legionum
1693 1434 1812 1493 equi-

451 1522 653 1571 tatusque
675 1513 868 1555 sustinet.
900 1514 1142 1556 Commisso
1162 1514 1215 1555 ab
1241 1513 1456 1572 equitibus
1485 1512 1659 1572 proelio,
1688 1513 1809 1572 signa

453 1591 637 1634 duarum
676 1589 892 1651 legionum
936 1591 1086 1651 procul
1131 1591 1184 1634 ab
1227 1593 1421 1651 utrisque
1460 1592 1810 1650 conspiciuntur,

451 1687 556 1729 quas
577 1673 625 1714 C.
648 1670 803 1713 Fabius
828 1669 1032 1713 ulteriore
1059 1679 1191 1730 ponte
1215 1670 1406 1713 subsidio
1429 1671 1588 1714 nostris
1609 1671 1809 1725 miserat,

453 1750 692 1809 suspicatus
718 1749 808 1792 fore
827 1749 891 1804 id,
915 1748 1031 1808 quod
1052 1748 1226 1802 accidit,
1248 1758 1294 1791 ut
1314 1748 1443 1792 duces
1463 1748 1809 1791 adversariorum

452 1829 675 1871 occasione
706 1837 748 1870 et
776 1827 988 1870 beneficio
1014 1827 1197 1870 fortunae
1221 1827 1274 1869 ad
1303 1836 1473 1869 nostros
1501 1826 1811 1886 opprimendos

453 1916 676 1950 uterentur
699 1924 708 1949 ε
733 1923 920 1966 quarum
939 1905 1125 1949 adventu
1146 1905 1346 1966 proelium
1375 1905 1610 1960 dirimitur,
1640 1921 1689 1949 ac
1715 1921 1812 1949 suas

455 1995 634 2046 uterque
658 1985 848 2046 legiones
873 1984 1041 2028 reducit
1067 1986 1109 2027 in
1132 1995 1285 2029 castra,

515 2067 630 2109 XLI.
671 2068 734 2109 Eo
772 2064 904 2107 biduo
944 2067 1086 2108 Caesar
1123 2080 1221 2108 cuni
1246 2065 1462 2124 equitibus
1502 2080 1669 2117 DCCCC,
1704 2080 1812 2124 quos

456 2145 535 2189 sihi
558 2145 755 2205 praesidio
782 2143 1040 2203 reliquerat,
1066 2145 1109 2187 in
1146 2154 1286 2188 castra
1320 2145 1528 2204 pervenit.
1566 2146 1700 2199 Pons,
1741 2144 1813 2203 qui

456 2225 593 2268 suerat
612 2233 864 2284 tempestate
883 2225 1172 2284 interruptus,
1197 2240 1316 2284 paene
1337 2234 1428 2267 erat
1446 2222 1631 2267 refectus
1657 2239 1666 2265 :
1696 2223 1812 2265 hunc

458 2315 587 2348 noctu
607 2304 753 2365 perfici
768 2304 907 2364 jussit.
932 2306 1029 2363 Ipse
1045 2338 1055 2357 ,
1082 2304 1255 2364 cognita
1278 2303 1469 2347 locorum
1493 2312 1666 2358 natura,
1694 2302 1814 2362 ponti

456 2384 692 2443 castrisque
713 2383 912 2444 praesidio
933 2400 1004 2426 sex
1033 2383 1231 2427 cohortes
1256 2382 1489 2442 relinquit,
1519 2392 1650 2442 atque
1670 2381 1813 2424 omnia

460 2462 788 2522 impedimenta,
808 2472 851 2506 et
868 2472 1040 2522 postero
1063 2462 1132 2506 die
1155 2463 1356 2506 omnibus
1378 2462 1536 2522 copiis,
1563 2459 1722 2519 triplici
1753 2459 1814 2500 in-

460 2552 623 2586 structa
639 2543 750 2597 acie,
769 2542 822 2585 ad
841 2541 1024 2585 Ilerdam
1039 2542 1341 2603 proficiscitur,
1365 2552 1406 2585 et
1428 2541 1504 2584 sub
1519 2540 1668 2582 castris
1691 2536 1813 2581 Afra-

460 2622 515 2663 nii
543 2622 730 2665 ronstitit
759 2639 766 2664 :
799 2631 858 2677 et,
884 2621 937 2663 ibi
967 2620 1182 2680 paulisper
1211 2622 1290 2664 sub
1320 2620 1447 2664 armis
1475 2627 1690 2673 moratus,
1716 2615 1815 2658 facit
