1972 3356
434 308 505 345 156
639 308 677 342 C.
708 306 836 341 JULII
868 304 1083 339 CAESARIS
1113 300 1596 337 COMMENTARIORUM

433 392 510 436 tati
539 388 704 450 praeda,
734 387 906 448 longius
933 385 1190 447 procedunt.
1222 385 1323 427 Non
1349 384 1426 426 hos
1452 382 1596 443 palus,
1626 383 1669 426 in
1696 382 1810 428 bello

431 469 754 528 latrociniisque
779 477 927 522 natos,
953 483 1041 509 non
1071 464 1187 509 silvae
1214 473 1445 508 morantur
1468 481 1476 506 :
1499 463 1657 523 quihus
1682 463 1725 506 in
1749 462 1814 507 lo-

430 550 490 593 cis
507 550 563 592 sit
600 550 765 605 Caesar,
798 564 849 591 ex
883 547 1065 608 captivis
1101 555 1322 606 quaeruntf,
1359 542 1605 605 profectum
1641 541 1814 603 longius

430 629 674 689 reperiunt,
701 644 963 688 omnemque
991 627 1230 670 exercitum
1256 625 1500 668 discessisse
1527 632 1811 684 cognoscunt.

439 710 579 768 Atque
607 725 721 751 unus
747 725 798 751 ex
820 707 1020 768 captivis,
1046 726 1066 748 «
1090 705 1212 763 Quid
1239 721 1334 759 vos,
1362 704 1523 764 inquit,
1546 703 1659 746 hanc
1683 702 1813 745 mise-

432 804 525 831 ram
547 804 597 831 ac
620 797 795 831 tenuem
816 787 1043 831 sectamini
1066 785 1276 847 praedam,
1301 784 1459 845 quibus
1484 782 1586 826 licet
1611 783 1699 843 jam
1725 797 1815 825 esse

432 866 814 913 fortunatissimis?
845 868 1002 911 Tribus
1027 867 1147 910 horis
1178 865 1455 910 Aduatucam
1491 864 1640 907 venire
1670 871 1816 923 potes-

432 948 487 991 tis
510 964 518 990 :
549 948 636 991 huc
656 964 806 992 omnes
826 964 924 991 suas
946 946 1142 990 fortunas
1162 946 1374 989 exercitus
1393 947 1695 988 Romanorum
1717 956 1815 984 con-

433 1027 535 1071 tulit
563 1044 571 1070 :
602 1027 790 1087 praesidii
816 1036 986 1070 tantum
1019 1035 1101 1082 est,
1135 1035 1185 1068 ut
1222 1042 1276 1068 ne
1307 1040 1459 1067 murus
1487 1022 1667 1083 quidem
1701 1020 1817 1081 cingi

433 1108 587 1168 possit,
628 1124 770 1168 neque
815 1107 1047 1167 quisquam
1091 1104 1239 1166 egredi
1275 1113 1397 1147 extra
1433 1102 1698 1146 munitiones
1740 1116 1817 1143 au-

434 1186 546 1230 deat.
567 1205 588 1228 »
612 1186 774 1232 Oblata
791 1203 885 1247 spe,
906 1185 1142 1241 Germani,
1166 1200 1299 1245 quam
1322 1184 1440 1226 nacti
1458 1191 1585 1226 erant
1605 1179 1817 1242 praedam,

435 1267 480 1308 in
503 1266 677 1310 occulto
704 1266 985 1327 relinquunt3
1015 1266 1098 1327 ipsi
1124 1264 1400 1309 Aduatucam
1428 1261 1722 1315 contendunt,
1750 1259 1818 1302 usi

435 1345 587 1389 eodem
611 1346 742 1402 duce,
765 1346 888 1407 cujus
910 1348 1002 1391 haec
1022 1345 1185 1389 indicio
1203 1353 1515 1407 cognoverant.

496 1427 702 1472 XXXVI.
727 1427 904 1483 Cicero,
934 1426 1009 1487 qui
1036 1442 1114 1487 per
1143 1442 1293 1469 omnes
1316 1425 1562 1486 superiores
1588 1422 1679 1466 dies
1708 1437 1827 1482 prae-.

435 1507 572 1565 ceptis
597 1508 777 1551 Caesaris
802 1523 972 1551 summa
996 1506 1222 1567 diligentia
1247 1505 1405 1549 milites
1428 1506 1473 1548 in
1500 1504 1652 1548 castris
1674 1503 1816 1546 conti-

436 1586 619 1643 nuisset,
640 1603 689 1630 ac
709 1603 763 1629 ne
781 1586 976 1630 calonem
998 1586 1174 1647 quidem
1190 1601 1457 1646 quemquam
1471 1594 1593 1628 extra
1609 1582 1818 1626 munitio—

435 1682 535 1708 nem
556 1665 702 1727 egredi
726 1683 878 1727 passus
895 1675 1023 1724 esset,
1039 1667 1225 1727 septimo
1244 1666 1313 1709 die
1328 1664 1551 1720 diffidens,
1568 1663 1620 1707 de
1635 1679 1819 1706 numero

437 1745 605 1789 dierum
637 1748 850 1790 Caesarem
879 1746 1012 1790 fidem
1045 1756 1339 1801 servaturum,
1373 1744 1492 1805 quod
1523 1743 1694 1804 longius
1719 1759 1819 1786 eum

437 1841 715 1886 progressum
740 1826 964 1881 audiebat,
988 1843 1130 1887 neque
1155 1825 1244 1869 ulla
1262 1825 1315 1868 de
1339 1825 1431 1885 ejus
1454 1823 1597 1867 reditu
1621 1823 1736 1867 fama
1758 1824 1805 1867 af
1809 1849 1820 1855 „

436 1904 675 1961 ferebatur,
696 1905 825 1950 simul
848 1923 1001 1950 eorum
1024 1916 1251 1967 permotus
1282 1906 1480 1960 vocibus,
1505 1904 1579 1965 qui
1606 1903 1721 1948 illius
1747 1921 1822 1964 pa-

436 1986 632 2031 tientiam
661 2003 784 2048 paene
825 1988 1122 2031 obcessionem
1152 1985 1449 2048 appellabant,
1486 1986 1522 2030 si
1554 1984 1731 2047 quidem
1769 2000 1821 2027 ex

435 2068 587 2110 castris
612 2067 760 2128 egredi
783 2084 872 2111 non
903 2067 1055 2112 liceret
1087 2102 1099 2124 ,
1124 2067 1296 2111 nullum
1325 2066 1538 2128 ejusmodi
1575 2082 1724 2110 casum
1752 2081 1822 2107 ex-

435 2156 656 2207 spectans,
692 2164 805 2207 quo,
838 2166 995 2193 novem
1024 2149 1236 2208 oppositis
1265 2146 1511 2209 legionibus
1543 2147 1821 2205 maximoque

436 2229 656 2288 equitatu,
683 2228 888 2290 dispersis
913 2247 962 2273 ac
988 2247 1109 2290 paene
1133 2229 1286 2274 deletis
1311 2229 1530 2284 hostibus,
1559 2228 1603 2271 in
1628 2225 1821 2270 millibus

436 2325 643 2369 passuum
670 2326 723 2354 111
749 2309 914 2353 offendi
940 2320 1104 2371 posset,
1133 2311 1328 2371 quinque
1357 2310 1558 2353 cohortes
1583 2308 1823 2351 frumenta-

439 2399 533 2432 tum
555 2390 599 2432 in
620 2391 841 2450 proximas
862 2400 1026 2451 segetes
1050 2391 1169 2434 misit
1184 2425 1195 2446 ,
1215 2407 1322 2451 quas
1345 2391 1459 2433 inter
1481 2398 1523 2432 et
1545 2397 1686 2432 castra
1708 2403 1821 2430 unus

436 2471 618 2513 omnino
641 2469 764 2514 collis
788 2472 1011 2514 intererat.
1034 2470 1295 2532 Complures
1315 2481 1442 2514 erant
1455 2472 1499 2513 in
1522 2468 1673 2512 castris
1692 2484 1744 2511 ex
1764 2466 1824 2509 le·

437 2550 639 2608 gionibus
667 2552 769 2611 aegri
802 2550 963 2605 relicti,
993 2568 1045 2594 ex
1080 2552 1238 2611 quibus
1269 2556 1342 2611 qui
1370 2551 1452 2593 hoc
1482 2549 1621 2608 spatio
1651 2547 1822 2590 dierum

438 2629 774 2684 convaluerant,
809 2631 984 2674 circiter
1011 2647 1093 2676 ccc
1127 2632 1206 2674 sub
1245 2630 1401 2674 vexillo
1432 2645 1517 2672 una
1545 2629 1782 2671 mittuntur
1813 2642 1820 2667 ;

440 2726 592 2769 magna
621 2721 828 2771 praeterea
854 2711 1092 2756 multitudo
1121 2712 1343 2766 calonum,
1371 2727 1528 2771 magna
1557 2710 1618 2753 vis
1647 2709 1823 2768 jumen-
