1972 3356
608 208 675 244 DE
706 207 874 243 BELLO
905 207 1186 245 AFRICANQ
1528 208 1602 243 265

193 313 287 342 sese
317 304 600 352 convertere,
629 303 672 338 et
707 310 809 339 suos
839 302 939 356 post
964 309 1009 337 se
1038 292 1292 354 frequentes
1323 293 1600 355 stipatosque

193 388 442 440 proterere,
462 386 506 421 et
524 377 569 420 in
597 386 750 439 portas
770 374 874 420 valli
891 373 1138 419 semifactas
1156 390 1285 420 ruere
1302 374 1601 420 contendunt.

191 462 306 505 Item
328 458 476 504 Mauri
500 458 693 519 equites,
713 457 790 518 qui
819 457 863 500 in
888 454 1044 500 eodem
1064 472 1205 500 cornu
1229 473 1332 501 cum
1352 455 1600 519 elephantis

193 551 338 598 erant,
370 539 576 603 praesidio
610 538 792 594 deserti,
824 536 1049 598 principes
1079 535 1271 598 fugiunt.
1303 539 1371 582 Ita
1400 537 1602 583 celeriter

192 623 343 668 bestiis
363 621 625 675 circumitis,
653 618 848 680 legiones
873 616 988 662 vallo
1010 617 1208 661 hostium
1231 628 1335 663 sunt
1355 620 1534 680 potitae:
1557 631 1600 667 et

193 704 344 766 paucis
368 703 530 748 acriter
547 699 903 763 repugnantibus
920 697 1163 744 interfectis
1178 733 1189 755 ,
1209 698 1368 762 reliqui
1389 703 1601 747 concitati

192 787 237 831 in
267 795 431 841 castra,
460 782 579 828 unde
609 781 751 843 pridie
777 790 906 826 erant
931 781 1120 843 egressi,
1147 780 1428 844 confugiunt.

256 867 510 912 LXXXIV.
538 866 642 909 Non
664 863 839 908 videtur
866 879 958 908 esse
988 863 1422 925 praetermittendum
1438 864 1492 910 de
1517 867 1604 910 vir·

191 958 286 994 tute
313 946 466 992 militis
504 947 701 991 veterani
732 962 760 988 v
794 945 995 1008 legionis.
1030 947 1147 990 Nam
1177 962 1317 1007 quum
1349 947 1392 991 in
1422 947 1604 993 sinistro

191 1048 332 1077 cornu
375 1030 662 1093 elephantus,
691 1028 876 1074 vulnere
908 1030 1041 1085 ictus,
1077 1038 1120 1074 et
1146 1027 1302 1074 dolore
1331 1030 1610 1088 concitatus,

194 1116 240 1159 in
269 1113 404 1158 lixam
434 1114 651 1157 inermem
682 1113 899 1174 impetum
938 1111 1133 1167 fecisset,
1163 1127 1358 1173 eumque
1386 1111 1468 1156 sub
1498 1111 1609 1174 pede

194 1195 452 1253 subditum,
482 1193 640 1239 deinde
669 1211 786 1258 genu
818 1195 1020 1249 innixus,
1050 1193 1251 1256 pondere
1280 1210 1386 1250 suo,
1415 1194 1608 1256 probos-

194 1278 292 1324 cide
306 1289 453 1324 erecta
479 1278 788 1339 vibrantique,
815 1275 1008 1321 stridore
1024 1276 1219 1320 maximo
1232 1286 1453 1338 premeret
1475 1286 1610 1338 atque

195 1371 425 1416 enecaret,
456 1360 582 1406 miles
610 1361 683 1405 hic
713 1377 802 1404 non
842 1360 991 1421 potuit
1020 1359 1135 1420 pati,
1168 1358 1277 1420 quin
1307 1376 1351 1404 se
1387 1369 1611 1404 armatum

195 1443 350 1488 bestiae
370 1442 564 1488 offerret.
587 1443 737 1500 Quem
757 1452 994 1504 postquam
1013 1440 1277 1504 elephantus
1298 1441 1354 1486 ad
1375 1458 1419 1486 se
1442 1440 1530 1487 telo
1546 1443 1612 1486 in-

195 1524 308 1569 festo
331 1526 483 1570 venire
503 1524 841 1580 animadvertit,
870 1523 1026 1568 relicto
1047 1522 1283 1579 cadavere,
1305 1523 1493 1568 militem
1512 1541 1613 1587 pro·

192 1606 374 1652 boscide
402 1606 674 1663 circumdat,
703 1615 838 1667 atque
866 1607 910 1649 in
933 1604 1124 1650 sublime
1152 1604 1325 1650 extollit
1353 1615 1576 1651 armatum
1600 1623 1609 1650 ε

195 1690 270 1750 qui
296 1690 340 1733 in
365 1689 587 1750 ejusmodi
613 1687 812 1751 periculo
833 1705 973 1749 quum
995 1698 1255 1733 constanter
1279 1688 1501 1750 agendum
1528 1688 1613 1733 sibi

194 1770 389 1827 videret,
435 1771 583 1834 gladio
634 1770 966 1832 proboscidem,
1017 1787 1107 1830 quo
1148 1781 1243 1814 erat
1288 1770 1613 1824 circumdatus,

195 1852 388 1911 caedere,
429 1862 647 1914 quantum
695 1852 864 1896 virilius
903 1861 1101 1914 poterat,
1136 1868 1226 1896 non
1261 1850 1432 1896 destitit
1472 1869 1481 1896 :
1522 1868 1613 1913 quo

196 1935 351 1981 dolore
393 1935 612 1981 adductus
659 1933 947 1996 elephantus,
993 1933 1132 1979 milite
1177 1934 1373 1996 abjecto,
1418 1934 1613 1978 maximo

197 2035 298 2062 curn
327 2017 518 2063 stridore
547 2033 772 2078 cursuque
799 2033 1039 2061 conversus
1068 2016 1123 2061 ad
1151 2015 1346 2078 reliquas
1375 2016 1538 2060 bestias
1567 2033 1613 2061 se

196 2101 375 2162 recepit.

262 2184 490 2228 LXXXV.
518 2184 703 2228 Interim
732 2183 910 2245 Thapso
938 2185 1015 2245 qui
1042 2193 1170 2228 erant
1197 2181 1426 2245 praesidio,
1456 2199 1507 2226 ex
1534 2198 1613 2244 op-

196 2265 304 2329 pido
329 2266 611 2328 eruptionem
631 2275 758 2328 porta
785 2266 1007 2310 maritima
1030 2265 1228 2323 faciunt,
1248 2275 1310 2322 et,
1337 2265 1428 2309 sive
1451 2273 1502 2309 ut
1520 2265 1611 2309 suis

198 2349 397 2394 subsidio
418 2358 728 2406 occurrerent,
751 2349 842 2393 sive
863 2359 937 2405 ut,
960 2347 1127 2411 oppido
1151 2347 1350 2405 deserto,
1372 2346 1478 2410 fuga
1501 2345 1614 2392 salu-

199 2442 286 2476 tem
309 2431 390 2476 sibi
415 2441 647 2494 pararent,
666 2431 979 2494 egrediuntur-3
1001 2443 1135 2494 atque
1154 2431 1213 2476 ita
1231 2448 1312 2494 per
1333 2447 1454 2476 mare
1474 2431 1614 2475 umbi·

201 2512 370 2558 licifine
385 2514 568 2576 ingressi
583 2523 769 2571 ,terram
783 2514 1013 2576 petebant:
1026 2515 1137 2576 quia
1151 2514 1342 2559 servitiis
1353 2514 1612 2576 puerisque,

201 2596 276 2656 qui
307 2596 350 2639 in
378 2597 532 2640 castris
558 2605 706 2652 erant,
734 2593 956 2657 lapidibus
987 2595 1175 2658 pilisque
1203 2595 1416 2658 prohibiti
1445 2605 1610 2640 terram

202 2678 446 2740 attingere,
466 2695 618 2723 rursus
638 2696 681 2723 se
709 2679 750 2721 in
771 2679 986 2741 oppidum
1012 2689 1288 2741 receperunt.
1317 2677 1502 2722 Interim
1524 2677 1614 2722 Sci-
