1972 3356
510 237 575 272 DE
605 236 769 272 BELLO
800 237 1170 274 ALEXANDRINO
1464 250 1476 273 1
1486 252 1508 287 9
1518 252 1529 273 1

159 322 294 366 fectus
311 331 373 366 est
388 322 432 365 in
447 319 666 382 Illyricum
682 355 694 377 ,
717 321 1046 382 maritimasque
1065 319 1298 365 nonnullas
1319 322 1535 378 civitates,

158 418 254 462 quae
284 401 553 458 defecerant,
593 401 866 462 Octavioque
904 417 948 444 se
992 400 1343 459 transdiderant,
1375 404 1534 464 partim

159 482 417 543 recipiebat,
441 482 600 543 partim
626 491 898 525 remanentes
925 480 967 524 in
995 497 1074 524 suo
1098 481 1281 526 consilio
1304 492 1536 543 praeterve-

161 562 371 618 hebatur;
386 578 465 605 nec
477 561 559 606 sibi
572 559 701 605 ullius
713 561 774 604 rei
790 577 957 605 moram
976 561 1368 622 necessitatemque
1390 563 1535 624 injun-

159 642 451 702 gebat,quin,
471 657 602 701 quam
619 639 842 685 celerrime
859 650 1003 701 posset
1016 675 1027 693 ,
1043 641 1186 702 ipsum
1201 642 1433 686 Octavium
1444 659 1535 704 per-

158 731 422 782 sequeretur.
445 722 575 764 Hunc
589 754 600 776 ,
620 729 953 781 oppugnantem
974 719 1250 780 Epidaurum
1267 730 1383 764 terra
1403 723 1535 765 mari-

157 817 240 862 que
251 835 261 855 ‚
272 801 343 844 ubi
360 810 608 844 nostrorum
623 809 714 844 erat
727 799 977 861 praesidium
988 835 999 856 ,
1014 799 1203 845 adventu
1218 817 1297 845 suo
1312 800 1535 846 discedere

157 881 210 925 ab
229 881 554 942 oppugnatione
581 881 745 942 coegit,
773 880 1111 941 praesidiumque
1128 891 1324 925 nostrum
1356 883 1532 944 recepit.

218 962 352 1005 XLV.
384 962 622 1018 Octavius,
651 977 787 1022 quum
815 962 1042 1005 Vatinium
1072 960 1250 1006 classem
1289 979 1447 1026 magna
1481 979 1534 1007 ex

155 1049 277 1102 parte
299 1040 540 1085 confectam
567 1057 619 1085 ex
647 1040 858 1086 naviculis
884 1041 1088 1086 actuariis
1116 1042 1276 1087 habere
1301 1044 1533 1105 cognovis-

156 1131 237 1175 set,
261 1121 449 1166 confisus
474 1139 550 1166 sua
573 1120 727 1177 classe,
753 1122 945 1167 substitit
970 1121 1024 1166 ad
1052 1122 1239 1167 insulam
1264 1124 1498 1168 Tauridem
1522 1142 1531 1169 ε

155 1218 240 1262 qua
277 1202 456 1264 regione
494 1202 698 1247 Vatinius
735 1202 967 1264 insequens
997 1203 1252 1265 navigabat3
1289 1221 1378 1248 non
1415 1204 1534 1266 quod

154 1283 386 1327 Octavium
432 1282 491 1327 ibi
530 1283 734 1328 restitisse
774 1284 909 1339 scire,
954 1283 1027 1328 sed
1060 1283 1179 1344 quod
1219 1301 1319 1329 eum
1360 1284 1534 1347 longius

157 1379 436 1424 progressum
450 1363 616 1424 insequi
632 1363 895 1408 decreverat.
914 1365 1065 1421 Quum
1079 1365 1283 1425 proprius
1295 1365 1532 1410 Tauridem

156 1444 423 1500 accessisset,
436 1442 639 1488 distensis
654 1445 742 1488 suis
767 1444 974 1500 navibus,
990 1441 1109 1505 quod
1129 1454 1171 1488 et
1191 1454 1425 1506 tempestas
1441 1456 1533 1490 erat

154 1522 429 1576 turbulenta,
466 1533 506 1567 et
535 1523 653 1568 nulla
680 1524 868 1585 suspicio
891 1525 1051 1580 hostis,
1087 1535 1272 1586 repente
1305 1524 1532 1571 adversam

154 1602 208 1646 ad
232 1619 277 1647 se
297 1604 542 1648 venientem
563 1620 741 1662 navem,
763 1605 965 1649 antennis
984 1603 1038 1649 ad
1062 1603 1256 1649 medium
1277 1605 1440 1650 malum
1459 1606 1532 1651 de-

155 1683 313 1738 missis,
341 1684 598 1729 instructam
626 1685 1027 1746 propugnatoribus
1055 1684 1375 1730 animadvertit.
1402 1686 1533 1745 Quod

153 1764 227 1808 ubi
254 1765 501 1826 conspexit,
528 1763 725 1809 celeriter
749 1763 845 1808 vela
869 1764 1074 1820 subduci,
1099 1765 1358 1826 demittique
1381 1777 1534 1811 anten—

154 1861 230 1888 nas
257 1844 403 1904 jubet,
435 1854 478 1888 et
506 1843 664 1888 milites
693 1844 854 1889 armari
889 1861 898 1888 ε
938 1854 1004 1901 et,
1039 1843 1197 1888 vexillo
1226 1844 1417 1900 sublato,
1445 1863 1535 1908 quo

155 1924 378 1986 pugnandi
393 1925 522 1970 dabat
549 1927 742 1987 signum,
763 1943 859 1988 quae
882 1927 1031 1988 primae
1058 1943 1189 1971 naves
1212 1926 1535 1989 subsequeban-

156 2016 251 2062 tur,
284 2005 396 2050 idem
435 2017 482 2051 ut
507 2006 719 2064 facerent,
751 2007 1034 2069 significabat.
1065 2007 1285 2052 Parabant
1329 2026 1373 2053 se
1412 2010 1536 2054 Vati-

155 2087 294 2143 niani,
332 2096 510 2148 repente
541 2087 737 2149 oppressi
774 2104 783 2131 :
820 2088 959 2149 parati
990 2087 1197 2151 deinceps
1223 2090 1454 2133 Octaviani
1483 2107 1535 2134 cx

155 2176 284 2227 portu
311 2166 616 2228 procedebant.
632 2168 870 2213 Instruitur
894 2169 1102 2230 utrinque
1124 2169 1258 2226 acies3
1277 2169 1432 2215 ordine
1455 2169 1536 2215 dis-

155 2247 295 2308 posita
323 2247 459 2309 magis
490 2248 754 2306 Octaviam,
783 2249 976 2310 paratior
1010 2248 1199 2293 militum
1228 2250 1384 2295 animis
1414 2252 1537 2297 Vati-

156 2328 297 2372 niana.

220 2410 378 2454 XLVI.
420 2409 647 2467 Vatinius,
678 2426 813 2471 quum
850 2411 1047 2455 animum
1084 2409 1355 2468 adverteret,
1392 2429 1535 2474 neque

157 2488 331 2533 navium
353 2505 398 2534 se
411 2489 732 2552 magnitudine,
762 2506 901 2552 neque
927 2508 1111 2536 numero
1134 2507 1285 2553 parem
1309 2508 1422 2550 esse,
1446 2492 1536 2537 for-

160 2569 280 2612 tuitae
309 2569 599 2615 dimicationis
629 2570 814 2616 fortunae
846 2588 938 2616 rem
967 2573 1242 2617 committere
1268 2570 1423 2617 noluit.
1452 2574 1536 2617 Ita-

159 2664 242 2708 que
264 2650 429 2711 primus
457 2667 533 2696 sua
558 2651 862 2713 quinqueremi
885 2653 928 2697 in
956 2651 1280 2714 quadriremem
1300 2652 1436 2715 ipsius
1455 2655 1536 2698 Oc·
1555 2692 1561 2693 ff
