<?xml version="1.0" encoding="UTF-8"?>
<!DOCTYPE html PUBLIC "-//W3C//DTD XHTML 1.0 Transitional//EN"
    "http://www.w3.org/TR/xhtml1/DTD/xhtml1-transitional.dtd">
<html xmlns="http://www.w3.org/1999/xhtml" xml:lang="en" lang="en">
 <head>
  <title>
</title>
<meta http-equiv="Content-Type" content="text/html;charset=utf-8" />
  <meta name='ocr-system' content='tesseract 3.04.00' />
  <meta name='ocr-capabilities' content='ocr_page ocr_carea ocr_par ocr_line ocrx_word'/>
</head>
<body>
  <div class='ocr_page' id='page_1' title='image "./operajoh0102caesuoft_0442.png"; bbox 0 0 1972 3356; ppageno 0'>
   <div class='ocr_carea' id='block_1_1' title="bbox 386 240 1544 280">
    <p class='ocr_par' dir='ltr' id='par_1_1' title="bbox 386 240 1544 280">
     <span class='ocr_line' id='line_1_1' title="bbox 386 240 1544 280; baseline 0.003 -3"><span class='ocrx_word' id='word_1_1' title='bbox 386 241 456 278; x_wconf 87' lang='lat'>136</span> <span class='ocrx_word' id='word_1_2' title='bbox 592 243 629 278; x_wconf 93' lang='lat' dir='ltr'>C.</span> <span class='ocrx_word' id='word_1_3' title='bbox 655 243 785 277; x_wconf 91' lang='lat' dir='ltr'>JULII</span> <span class='ocrx_word' id='word_1_4' title='bbox 812 240 1029 277; x_wconf 87' lang='lat' dir='ltr'>CAESARIS</span> <span class='ocrx_word' id='word_1_5' title='bbox 1061 242 1544 280; x_wconf 84' lang='lat' dir='ltr'>COMMENTARIORUM</span> 
     </span>
    </p>
   </div>
   <div class='ocr_carea' id='block_1_2' title="bbox 373 324 1763 2730">
    <p class='ocr_par' dir='ltr' id='par_1_2' title="bbox 378 324 1763 937">
     <span class='ocr_line' id='line_1_2' title="bbox 381 324 1761 388; baseline 0.002 -18"><span class='ocrx_word' id='word_1_6' title='bbox 381 325 634 370; x_wconf 89' lang='lat' dir='ltr'>vulneribus</span> <span class='ocrx_word' id='word_1_7' title='bbox 667 326 798 386; x_wconf 84' lang='lat' dir='ltr'>aegri,</span> <span class='ocrx_word' id='word_1_8' title='bbox 824 324 1052 388; x_wconf 89' lang='lat' dir='ltr'>depositis,</span> <span class='ocrx_word' id='word_1_9' title='bbox 1078 342 1157 387; x_wconf 89' lang='lat' dir='ltr'>per</span> <span class='ocrx_word' id='word_1_10' title='bbox 1191 327 1377 387; x_wconf 83' lang='lat' dir='ltr'><strong>Epirum</strong></span> <span class='ocrx_word' id='word_1_11' title='bbox 1414 336 1544 388; x_wconf 88' lang='lat' dir='ltr'>atque</span> <span class='ocrx_word' id='word_1_12' title='bbox 1570 332 1761 373; x_wconf 89' lang='lat' dir='ltr'>Acarna-</span> 
     </span>
     <span class='ocr_line' id='line_1_3' title="bbox 380 405 1760 468; baseline 0.004 -19"><span class='ocrx_word' id='word_1_13' title='bbox 380 406 496 449; x_wconf 88' lang='lat' dir='ltr'>niam</span> <span class='ocrx_word' id='word_1_14' title='bbox 526 407 611 449; x_wconf 88' lang='lat' dir='ltr'>iter</span> <span class='ocrx_word' id='word_1_15' title='bbox 645 405 785 451; x_wconf 88' lang='lat' dir='ltr'>facere</span> <span class='ocrx_word' id='word_1_16' title='bbox 817 407 963 467; x_wconf 85' lang='lat' dir='ltr'>eoepit.</span> <span class='ocrx_word' id='word_1_17' title='bbox 997 407 1230 468; x_wconf 91' lang='lat' dir='ltr'>Pompeius</span> <span class='ocrx_word' id='word_1_18' title='bbox 1260 423 1461 468; x_wconf 91' lang='lat' dir='ltr'>quoque,</span> <span class='ocrx_word' id='word_1_19' title='bbox 1491 407 1546 452; x_wconf 88' lang='lat' dir='ltr'>de</span> <span class='ocrx_word' id='word_1_20' title='bbox 1579 409 1760 455; x_wconf 84' lang='lat' dir='ltr'>Caesaris</span> 
     </span>
     <span class='ocr_line' id='line_1_4' title="bbox 385 485 1758 551; baseline 0.003 -21"><span class='ocrx_word' id='word_1_21' title='bbox 385 485 569 531; x_wconf 92' lang='lat' dir='ltr'>consilio</span> <span class='ocrx_word' id='word_1_22' title='bbox 601 487 853 549; x_wconf 86' lang='lat' dir='ltr'>conjectura</span> <span class='ocrx_word' id='word_1_23' title='bbox 883 487 1113 549; x_wconf 86' lang='lat' dir='ltr'>judicans,</span> <span class='ocrx_word' id='word_1_24' title='bbox 1145 487 1200 532; x_wconf 86' lang='lat' dir='ltr'>ad</span> <span class='ocrx_word' id='word_1_25' title='bbox 1233 489 1484 549; x_wconf 82' lang='lat' dir='ltr'>Scipionem</span> <span class='ocrx_word' id='word_1_26' title='bbox 1517 505 1758 551; x_wconf 73' lang='lat' dir='ltr'>properan-</span> 
     </span>
     <span class='ocr_line' id='line_1_5' title="bbox 379 567 1761 626; baseline 0.002 -14"><span class='ocrx_word' id='word_1_27' title='bbox 379 567 483 612; x_wconf 88' lang='lat' dir='ltr'>dum</span> <span class='ocrx_word' id='word_1_28' title='bbox 524 569 606 613; x_wconf 89' lang='lat' dir='ltr'>sibi</span> <span class='ocrx_word' id='word_1_29' title='bbox 645 569 948 626; x_wconf 87' lang='lat' dir='ltr'>existimabat,</span> <span class='ocrx_word' id='word_1_30' title='bbox 984 570 1019 614; x_wconf 89' lang='lat' dir='ltr'>si</span> <span class='ocrx_word' id='word_1_31' title='bbox 1059 571 1203 614; x_wconf 86' lang='lat' dir='ltr'>Caesar</span> <span class='ocrx_word' id='word_1_32' title='bbox 1241 570 1323 613; x_wconf 89' lang='lat' dir='ltr'>iter</span> <span class='ocrx_word' id='word_1_33' title='bbox 1362 567 1434 613; x_wconf 92' lang='lat' dir='ltr'>illo</span> <span class='ocrx_word' id='word_1_34' title='bbox 1469 569 1674 624; x_wconf 84' lang='lat' dir='ltr'>haberet,</span> <span class='ocrx_word' id='word_1_35' title='bbox 1712 580 1761 615; x_wconf 91' lang='lat' dir='ltr'>ut</span> 
     </span>
     <span class='ocr_line' id='line_1_6' title="bbox 381 649 1761 711; baseline 0.001 -18"><span class='ocrx_word' id='word_1_36' title='bbox 381 649 624 694; x_wconf 86' lang='lat' dir='ltr'>subsidium</span> <span class='ocrx_word' id='word_1_37' title='bbox 657 650 851 711; x_wconf 90' lang='lat' dir='ltr'>Scipioni</span> <span class='ocrx_word' id='word_1_38' title='bbox 888 650 1047 707; x_wconf 81' lang='lat' dir='ltr'>ferret3</span> <span class='ocrx_word' id='word_1_39' title='bbox 1079 651 1113 694; x_wconf 90' lang='lat' dir='ltr'>si</span> <span class='ocrx_word' id='word_1_40' title='bbox 1145 650 1199 693; x_wconf 91' lang='lat' dir='ltr'>ab</span> <span class='ocrx_word' id='word_1_41' title='bbox 1230 666 1307 693; x_wconf 90' lang='lat' dir='ltr'>ora</span> <span class='ocrx_word' id='word_1_42' title='bbox 1342 650 1560 695; x_wconf 85' lang='lat' dir='ltr'>maritima</span> <span class='ocrx_word' id='word_1_43' title='bbox 1590 651 1761 695; x_wconf 86' lang='lat' dir='ltr'>Oricia·</span> 
     </span>
     <span class='ocr_line' id='line_1_7' title="bbox 378 730 1760 794; baseline 0.001 -20"><span class='ocrx_word' id='word_1_44' title='bbox 378 747 463 791; x_wconf 87' lang='lat' dir='ltr'>que</span> <span class='ocrx_word' id='word_1_45' title='bbox 483 730 704 775; x_wconf 83' lang='lat' dir='ltr'>discedere</span> <span class='ocrx_word' id='word_1_46' title='bbox 727 730 882 785; x_wconf 83' lang='lat' dir='ltr'>nollet,</span> <span class='ocrx_word' id='word_1_47' title='bbox 900 731 1019 793; x_wconf 89' lang='lat' dir='ltr'>quod</span> <span class='ocrx_word' id='word_1_48' title='bbox 1038 730 1230 794; x_wconf 86' lang='lat' dir='ltr'>legiones</span> <span class='ocrx_word' id='word_1_49' title='bbox 1254 733 1586 792; x_wconf 87' lang='lat' dir='ltr'>equitatumque</span> <span class='ocrx_word' id='word_1_50' title='bbox 1604 747 1657 776; x_wconf 83' lang='lat' dir='ltr'>ex</span> <span class='ocrx_word' id='word_1_51' title='bbox 1671 733 1760 776; x_wconf 84' lang='lat' dir='ltr'>Ita-</span> 
     </span>
     <span class='ocr_line' id='line_1_8' title="bbox 378 810 1763 874; baseline 0.001 -20"><span class='ocrx_word' id='word_1_52' title='bbox 378 810 435 855; x_wconf 90' lang='lat' dir='ltr'>lia</span> <span class='ocrx_word' id='word_1_53' title='bbox 460 821 757 873; x_wconf 80' lang='lat' dir='ltr'>exspectaret,</span> <span class='ocrx_word' id='word_1_54' title='bbox 782 812 874 873; x_wconf 91' lang='lat' dir='ltr'>ipse</span> <span class='ocrx_word' id='word_1_55' title='bbox 893 822 943 856; x_wconf 89' lang='lat' dir='ltr'>ut</span> <span class='ocrx_word' id='word_1_56' title='bbox 963 813 1166 857; x_wconf 88' lang='lat' dir='ltr'>omnibus</span> <span class='ocrx_word' id='word_1_57' title='bbox 1186 813 1322 873; x_wconf 89' lang='lat' dir='ltr'>copiis</span> <span class='ocrx_word' id='word_1_58' title='bbox 1343 812 1586 857; x_wconf 91' lang='lat' dir='ltr'>Domitium</span> <span class='ocrx_word' id='word_1_59' title='bbox 1612 828 1763 874; x_wconf 84' lang='lat' dir='ltr'>aggre-</span> 
     </span>
     <span class='ocr_line' id='line_1_9' title="bbox 379 891 568 937; baseline 0.011 -2"><span class='ocrx_word' id='word_1_60' title='bbox 379 891 568 937; x_wconf 88' lang='lat' dir='ltr'>deretur.</span> 
     </span>
    </p>

    <p class='ocr_par' dir='ltr' id='par_1_3' title="bbox 373 974 1761 2730">
     <span class='ocr_line' id='line_1_10' title="bbox 442 974 1758 1036; baseline 0.002 -18"><span class='ocrx_word' id='word_1_61' title='bbox 442 975 645 1019; x_wconf 85' lang='lat' dir='ltr'><strong>LXXIX.</strong></span> <span class='ocrx_word' id='word_1_62' title='bbox 678 976 735 1019; x_wconf 87' lang='lat' dir='ltr'>Iis</span> <span class='ocrx_word' id='word_1_63' title='bbox 763 974 816 1019; x_wconf 84' lang='lat' dir='ltr'>de</span> <span class='ocrx_word' id='word_1_64' title='bbox 841 976 980 1020; x_wconf 90' lang='lat' dir='ltr'>causis</span> <span class='ocrx_word' id='word_1_65' title='bbox 1006 985 1190 1036; x_wconf 90' lang='lat' dir='ltr'>uterque</span> <span class='ocrx_word' id='word_1_66' title='bbox 1210 992 1362 1020; x_wconf 89' lang='lat' dir='ltr'>eorum</span> <span class='ocrx_word' id='word_1_67' title='bbox 1384 975 1590 1020; x_wconf 79' lang='lat' dir='ltr'>celeritati</span> <span class='ocrx_word' id='word_1_68' title='bbox 1612 976 1758 1021; x_wconf 91' lang='lat' dir='ltr'>stude-</span> 
     </span>
     <span class='ocr_line' id='line_1_11' title="bbox 379 1054 1758 1117; baseline 0.003 -20"><span class='ocrx_word' id='word_1_69' title='bbox 379 1054 450 1097; x_wconf 88' lang='lat' dir='ltr'>bat</span> <span class='ocrx_word' id='word_1_70' title='bbox 467 1090 477 1108; x_wconf 89' lang='lat'>,</span> <span class='ocrx_word' id='word_1_71' title='bbox 505 1064 548 1097; x_wconf 89' lang='lat' dir='ltr'>et</span> <span class='ocrx_word' id='word_1_72' title='bbox 577 1056 666 1098; x_wconf 89' lang='lat' dir='ltr'>suis</span> <span class='ocrx_word' id='word_1_73' title='bbox 692 1064 740 1098; x_wconf 90' lang='lat' dir='ltr'>ut</span> <span class='ocrx_word' id='word_1_74' title='bbox 767 1065 878 1099; x_wconf 87' lang='lat' dir='ltr'>esset</span> <span class='ocrx_word' id='word_1_75' title='bbox 900 1054 1085 1111; x_wconf 88' lang='lat' dir='ltr'>auxilio,</span> <span class='ocrx_word' id='word_1_76' title='bbox 1112 1065 1174 1111; x_wconf 90' lang='lat' dir='ltr'>et,</span> <span class='ocrx_word' id='word_1_77' title='bbox 1199 1056 1254 1099; x_wconf 88' lang='lat' dir='ltr'>ad</span> <span class='ocrx_word' id='word_1_78' title='bbox 1275 1056 1588 1117; x_wconf 87' lang='lat' dir='ltr'>opprimendos</span> <span class='ocrx_word' id='word_1_79' title='bbox 1611 1057 1758 1101; x_wconf 88' lang='lat' dir='ltr'>adver-</span> 
     </span>
     <span class='ocr_line' id='line_1_12' title="bbox 377 1135 1757 1197; baseline 0.002 -19"><span class='ocrx_word' id='word_1_80' title='bbox 377 1136 542 1189; x_wconf 87' lang='lat' dir='ltr'>sarios,</span> <span class='ocrx_word' id='word_1_81' title='bbox 586 1152 640 1178; x_wconf 83' lang='lat' dir='ltr'>ne</span> <span class='ocrx_word' id='word_1_82' title='bbox 683 1136 901 1180; x_wconf 91' lang='lat' dir='ltr'>occasioni</span> <span class='ocrx_word' id='word_1_83' title='bbox 948 1136 1156 1197; x_wconf 88' lang='lat' dir='ltr'>temporis</span> <span class='ocrx_word' id='word_1_84' title='bbox 1198 1135 1374 1180; x_wconf 87' lang='lat' dir='ltr'>deesset.</span> <span class='ocrx_word' id='word_1_85' title='bbox 1416 1136 1499 1180; x_wconf 90' lang='lat' dir='ltr'>Sed</span> <span class='ocrx_word' id='word_1_86' title='bbox 1543 1139 1757 1181; x_wconf 84' lang='lat' dir='ltr'>Caesarem</span> 
     </span>
     <span class='ocr_line' id='line_1_13' title="bbox 376 1214 1761 1279; baseline 0.003 -21"><span class='ocrx_word' id='word_1_87' title='bbox 376 1214 612 1275; x_wconf 83' lang='lat' dir='ltr'>Apollonia</span> <span class='ocrx_word' id='word_1_88' title='bbox 651 1233 673 1259; x_wconf 86' lang='lat' dir='ltr'>a</span> <span class='ocrx_word' id='word_1_89' title='bbox 711 1215 877 1260; x_wconf 89' lang='lat' dir='ltr'>directo</span> <span class='ocrx_word' id='word_1_90' title='bbox 918 1217 1070 1260; x_wconf 88' lang='lat' dir='ltr'>itinere</span> <span class='ocrx_word' id='word_1_91' title='bbox 1112 1225 1330 1260; x_wconf 88' lang='lat' dir='ltr'>averterat</span> <span class='ocrx_word' id='word_1_92' title='bbox 1365 1234 1374 1260; x_wconf 95' lang='lat'><strong>:</strong></span> <span class='ocrx_word' id='word_1_93' title='bbox 1411 1217 1642 1278; x_wconf 90' lang='lat' dir='ltr'>Pompeius</span> <span class='ocrx_word' id='word_1_94' title='bbox 1682 1234 1761 1279; x_wconf 88' lang='lat' dir='ltr'>per</span> 
     </span>
     <span class='ocr_line' id='line_1_14' title="bbox 376 1295 1755 1358; baseline 0.001 -18"><span class='ocrx_word' id='word_1_95' title='bbox 376 1295 646 1340; x_wconf 87' lang='lat' dir='ltr'>Candaviam</span> <span class='ocrx_word' id='word_1_96' title='bbox 694 1298 776 1340; x_wconf 85' lang='lat' dir='ltr'>iter</span> <span class='ocrx_word' id='word_1_97' title='bbox 819 1298 860 1340; x_wconf 91' lang='lat' dir='ltr'>in</span> <span class='ocrx_word' id='word_1_98' title='bbox 905 1296 1208 1341; x_wconf 86' lang='lat' dir='ltr'>Macedoniam</span> <span class='ocrx_word' id='word_1_99' title='bbox 1256 1297 1507 1358; x_wconf 89' lang='lat' dir='ltr'>expeditum</span> <span class='ocrx_word' id='word_1_100' title='bbox 1554 1297 1755 1342; x_wconf 86' lang='lat' dir='ltr'>habebat.</span> 
     </span>
     <span class='ocr_line' id='line_1_15' title="bbox 376 1376 1759 1440; baseline 0.001 -19"><span class='ocrx_word' id='word_1_101' title='bbox 376 1379 571 1421; x_wconf 82' lang='lat' dir='ltr'>Accessit</span> <span class='ocrx_word' id='word_1_102' title='bbox 601 1379 731 1421; x_wconf 84' lang='lat' dir='ltr'>etiam</span> <span class='ocrx_word' id='word_1_103' title='bbox 760 1394 811 1421; x_wconf 88' lang='lat' dir='ltr'>ex</span> <span class='ocrx_word' id='word_1_104' title='bbox 849 1378 1085 1439; x_wconf 89' lang='lat' dir='ltr'>improviso</span> <span class='ocrx_word' id='word_1_105' title='bbox 1110 1376 1228 1422; x_wconf 90' lang='lat' dir='ltr'>aliud</span> <span class='ocrx_word' id='word_1_106' title='bbox 1257 1377 1613 1436; x_wconf 88' lang='lat' dir='ltr'>incommodum,</span> <span class='ocrx_word' id='word_1_107' title='bbox 1638 1378 1759 1440; x_wconf 92' lang='lat' dir='ltr'>quod</span> 
     </span>
     <span class='ocr_line' id='line_1_16' title="bbox 376 1457 1760 1521; baseline 0.002 -20"><span class='ocrx_word' id='word_1_108' title='bbox 376 1459 624 1514; x_wconf 79' lang='lat' dir='ltr'>Domitius,</span> <span class='ocrx_word' id='word_1_109' title='bbox 657 1460 731 1520; x_wconf 91' lang='lat' dir='ltr'>qui</span> <span class='ocrx_word' id='word_1_110' title='bbox 768 1458 858 1503; x_wconf 90' lang='lat' dir='ltr'>dies</span> <span class='ocrx_word' id='word_1_111' title='bbox 895 1457 1145 1521; x_wconf 88' lang='lat' dir='ltr'>complures</span> <span class='ocrx_word' id='word_1_112' title='bbox 1178 1460 1327 1503; x_wconf 87' lang='lat' dir='ltr'>castris</span> <span class='ocrx_word' id='word_1_113' title='bbox 1365 1460 1581 1520; x_wconf 89' lang='lat' dir='ltr'>Scipionis</span> <span class='ocrx_word' id='word_1_114' title='bbox 1618 1469 1760 1504; x_wconf 81' lang='lat' dir='ltr'>castra</span> 
     </span>
     <span class='ocr_line' id='line_1_17' title="bbox 375 1537 1761 1594; baseline 0.001 -12"><span class='ocrx_word' id='word_1_115' title='bbox 375 1537 533 1582; x_wconf 89' lang='lat' dir='ltr'>collata</span> <span class='ocrx_word' id='word_1_116' title='bbox 564 1539 812 1594; x_wconf 85' lang='lat' dir='ltr'>habuisset,</span> <span class='ocrx_word' id='word_1_117' title='bbox 846 1541 908 1584; x_wconf 87' lang='lat' dir='ltr'>rei</span> <span class='ocrx_word' id='word_1_118' title='bbox 943 1539 1239 1584; x_wconf 66' lang='lat' dir='ltr'>frumentariae</span> <span class='ocrx_word' id='word_1_119' title='bbox 1266 1556 1397 1584; x_wconf 87' lang='lat' dir='ltr'>causa</span> <span class='ocrx_word' id='word_1_120' title='bbox 1430 1539 1485 1583; x_wconf 90' lang='lat' dir='ltr'>ab</span> <span class='ocrx_word' id='word_1_121' title='bbox 1520 1556 1572 1584; x_wconf 89' lang='lat' dir='ltr'>eo</span> <span class='ocrx_word' id='word_1_122' title='bbox 1604 1539 1761 1584; x_wconf 83' lang='lat' dir='ltr'>disces-</span> 
     </span>
     <span class='ocr_line' id='line_1_18' title="bbox 376 1618 1761 1681; baseline 0.001 -19"><span class='ocrx_word' id='word_1_123' title='bbox 376 1629 512 1676; x_wconf 82' lang='lat' dir='ltr'>serat,</span> <span class='ocrx_word' id='word_1_124' title='bbox 543 1629 585 1663; x_wconf 83' lang='lat' dir='ltr'>et</span> <span class='ocrx_word' id='word_1_125' title='bbox 618 1618 902 1676; x_wconf 88' lang='lat' dir='ltr'>Heracleam,</span> <span class='ocrx_word' id='word_1_126' title='bbox 935 1637 1033 1681; x_wconf 81' lang='lat' dir='ltr'>quae</span> <span class='ocrx_word' id='word_1_127' title='bbox 1061 1630 1125 1664; x_wconf 90' lang='lat' dir='ltr'>est</span> <span class='ocrx_word' id='word_1_128' title='bbox 1161 1620 1356 1680; x_wconf 85' lang='lat' dir='ltr'>subjecta</span> <span class='ocrx_word' id='word_1_129' title='bbox 1390 1619 1652 1675; x_wconf 77' lang='lat' dir='ltr'>Candaviae,</span> <span class='ocrx_word' id='word_1_130' title='bbox 1681 1622 1761 1665; x_wconf 89' lang='lat' dir='ltr'>iter</span> 
     </span>
     <span class='ocr_line' id='line_1_19' title="bbox 377 1698 1761 1761; baseline 0.002 -18"><span class='ocrx_word' id='word_1_131' title='bbox 377 1698 564 1754; x_wconf 84' lang='lat' dir='ltr'>fecerat,</span> <span class='ocrx_word' id='word_1_132' title='bbox 597 1710 645 1743; x_wconf 91' lang='lat' dir='ltr'>ut</span> <span class='ocrx_word' id='word_1_133' title='bbox 683 1702 774 1761; x_wconf 87' lang='lat' dir='ltr'>ipsa</span> <span class='ocrx_word' id='word_1_134' title='bbox 808 1700 984 1744; x_wconf 90' lang='lat' dir='ltr'>fortuna</span> <span class='ocrx_word' id='word_1_135' title='bbox 1019 1699 1143 1744; x_wconf 91' lang='lat' dir='ltr'>illum</span> <span class='ocrx_word' id='word_1_136' title='bbox 1180 1701 1368 1761; x_wconf 86' lang='lat' dir='ltr'>objicere</span> <span class='ocrx_word' id='word_1_137' title='bbox 1400 1702 1611 1761; x_wconf 90' lang='lat' dir='ltr'>Pompeio</span> <span class='ocrx_word' id='word_1_138' title='bbox 1643 1701 1761 1746; x_wconf 90' lang='lat' dir='ltr'>vide-</span> 
     </span>
     <span class='ocr_line' id='line_1_20' title="bbox 376 1779 1759 1842; baseline 0.002 -19"><span class='ocrx_word' id='word_1_139' title='bbox 376 1790 510 1823; x_wconf 85' lang='lat' dir='ltr'>retur.</span> <span class='ocrx_word' id='word_1_140' title='bbox 550 1783 652 1824; x_wconf 82' lang='lat' dir='ltr'>Hoec</span> <span class='ocrx_word' id='word_1_141' title='bbox 685 1779 738 1824; x_wconf 88' lang='lat' dir='ltr'>ad</span> <span class='ocrx_word' id='word_1_142' title='bbox 777 1780 819 1823; x_wconf 90' lang='lat' dir='ltr'>id</span> <span class='ocrx_word' id='word_1_143' title='bbox 856 1790 1026 1840; x_wconf 90' lang='lat' dir='ltr'>tempus</span> <span class='ocrx_word' id='word_1_144' title='bbox 1067 1784 1214 1824; x_wconf 75' lang='lat' dir='ltr'>Caesar</span> <span class='ocrx_word' id='word_1_145' title='bbox 1255 1780 1495 1842; x_wconf 85' lang='lat' dir='ltr'>ignorabat.</span> <span class='ocrx_word' id='word_1_146' title='bbox 1531 1781 1697 1834; x_wconf 89' lang='lat' dir='ltr'>Simul,</span> <span class='ocrx_word' id='word_1_147' title='bbox 1736 1800 1759 1826; x_wconf 89' lang='lat' dir='ltr'>a</span> 
     </span>
     <span class='ocr_line' id='line_1_21' title="bbox 374 1860 1760 1922; baseline 0.001 -19"><span class='ocrx_word' id='word_1_148' title='bbox 374 1861 583 1921; x_wconf 86' lang='lat' dir='ltr'>Pompeio</span> <span class='ocrx_word' id='word_1_149' title='bbox 615 1860 770 1904; x_wconf 89' lang='lat' dir='ltr'>litteris</span> <span class='ocrx_word' id='word_1_150' title='bbox 802 1877 881 1921; x_wconf 88' lang='lat' dir='ltr'>per</span> <span class='ocrx_word' id='word_1_151' title='bbox 909 1876 1060 1904; x_wconf 87' lang='lat' dir='ltr'>omnes</span> <span class='ocrx_word' id='word_1_152' title='bbox 1098 1861 1343 1921; x_wconf 77' lang='lat' dir='ltr'>provincias</span> <span class='ocrx_word' id='word_1_153' title='bbox 1377 1861 1662 1922; x_wconf 84' lang='lat' dir='ltr'>civitatesque</span> <span class='ocrx_word' id='word_1_154' title='bbox 1694 1861 1760 1905; x_wconf 90' lang='lat' dir='ltr'>di-</span> 
     </span>
     <span class='ocr_line' id='line_1_22' title="bbox 376 1940 1760 2002; baseline 0.003 -19"><span class='ocrx_word' id='word_1_155' title='bbox 376 1941 535 1995; x_wconf 87' lang='lat' dir='ltr'>missis,</span> <span class='ocrx_word' id='word_1_156' title='bbox 568 1941 621 1984; x_wconf 89' lang='lat' dir='ltr'>de</span> <span class='ocrx_word' id='word_1_157' title='bbox 660 1940 812 2002; x_wconf 87' lang='lat' dir='ltr'>proelio</span> <span class='ocrx_word' id='word_1_158' title='bbox 842 1941 897 1985; x_wconf 88' lang='lat' dir='ltr'>ad</span> <span class='ocrx_word' id='word_1_159' title='bbox 933 1941 1225 2002; x_wconf 83' lang='lat' dir='ltr'>Dyrrachium</span> <span class='ocrx_word' id='word_1_160' title='bbox 1261 1941 1399 1998; x_wconf 84' lang='lat' dir='ltr'>facto,</span> <span class='ocrx_word' id='word_1_161' title='bbox 1436 1940 1593 1987; x_wconf 85' lang='lat' dir='ltr'>elatius</span> <span class='ocrx_word' id='word_1_162' title='bbox 1638 1942 1760 1987; x_wconf 85' lang='lat' dir='ltr'>infla-</span> 
     </span>
     <span class='ocr_line' id='line_1_23' title="bbox 376 2021 1758 2084; baseline 0.001 -18"><span class='ocrx_word' id='word_1_163' title='bbox 376 2023 547 2082; x_wconf 86' lang='lat' dir='ltr'>tiusque</span> <span class='ocrx_word' id='word_1_164' title='bbox 583 2021 745 2079; x_wconf 90' lang='lat' dir='ltr'>multo,</span> <span class='ocrx_word' id='word_1_165' title='bbox 776 2038 907 2083; x_wconf 87' lang='lat' dir='ltr'>quam</span> <span class='ocrx_word' id='word_1_166' title='bbox 942 2039 1008 2067; x_wconf 90' lang='lat' dir='ltr'>res</span> <span class='ocrx_word' id='word_1_167' title='bbox 1039 2033 1133 2067; x_wconf 85' lang='lat' dir='ltr'>erat</span> <span class='ocrx_word' id='word_1_168' title='bbox 1169 2032 1314 2084; x_wconf 78' lang='lat' dir='ltr'>gesta,</span> <span class='ocrx_word' id='word_1_169' title='bbox 1353 2022 1465 2067; x_wconf 84' lang='lat' dir='ltr'>fama</span> <span class='ocrx_word' id='word_1_170' title='bbox 1500 2023 1758 2084; x_wconf 82' lang='lat' dir='ltr'>percrebue-</span> 
     </span>
     <span class='ocr_line' id='line_1_24' title="bbox 374 2101 1758 2165; baseline 0.001 -19"><span class='ocrx_word' id='word_1_171' title='bbox 374 2113 463 2160; x_wconf 80' lang='lat' dir='ltr'>rat,</span> <span class='ocrx_word' id='word_1_172' title='bbox 497 2123 517 2144; x_wconf 89' lang='lat'>«</span> <span class='ocrx_word' id='word_1_173' title='bbox 544 2101 719 2164; x_wconf 83' lang='lat' dir='ltr'>pulsum</span> <span class='ocrx_word' id='word_1_174' title='bbox 754 2104 903 2165; x_wconf 87' lang='lat' dir='ltr'>fugere</span> <span class='ocrx_word' id='word_1_175' title='bbox 935 2105 1176 2159; x_wconf 83' lang='lat' dir='ltr'>Caesarem,</span> <span class='ocrx_word' id='word_1_176' title='bbox 1217 2120 1338 2164; x_wconf 76' lang='lat' dir='ltr'>paene</span> <span class='ocrx_word' id='word_1_177' title='bbox 1375 2103 1580 2148; x_wconf 90' lang='lat' dir='ltr'>omnibus</span> <span class='ocrx_word' id='word_1_178' title='bbox 1619 2105 1758 2165; x_wconf 91' lang='lat' dir='ltr'>copiis</span> 
     </span>
     <span class='ocr_line' id='line_1_25' title="bbox 373 2184 1755 2238; baseline 0.001 -11"><span class='ocrx_word' id='word_1_179' title='bbox 373 2186 592 2228; x_wconf 82' lang='lat' dir='ltr'>amissis.»</span> <span class='ocrx_word' id='word_1_180' title='bbox 624 2187 725 2228; x_wconf 85' lang='lat' dir='ltr'>Haec</span> <span class='ocrx_word' id='word_1_181' title='bbox 755 2185 910 2228; x_wconf 88' lang='lat' dir='ltr'>itinera</span> <span class='ocrx_word' id='word_1_182' title='bbox 942 2184 1094 2229; x_wconf 83' lang='lat' dir='ltr'>infesta</span> <span class='ocrx_word' id='word_1_183' title='bbox 1131 2184 1403 2238; x_wconf 83' lang='lat' dir='ltr'>reddiderat,</span> <span class='ocrx_word' id='word_1_184' title='bbox 1433 2184 1522 2228; x_wconf 80' lang='lat' dir='ltr'>liaec</span> <span class='ocrx_word' id='word_1_185' title='bbox 1552 2185 1755 2229; x_wconf 85' lang='lat' dir='ltr'>civitates</span> 
     </span>
     <span class='ocr_line' id='line_1_26' title="bbox 374 2264 1760 2326; baseline 0.001 -18"><span class='ocrx_word' id='word_1_186' title='bbox 374 2264 606 2309; x_wconf 86' lang='lat' dir='ltr'>nonnullas</span> <span class='ocrx_word' id='word_1_187' title='bbox 630 2266 684 2309; x_wconf 86' lang='lat' dir='ltr'>ab</span> <span class='ocrx_word' id='word_1_188' title='bbox 710 2266 803 2326; x_wconf 87' lang='lat' dir='ltr'>ejus</span> <span class='ocrx_word' id='word_1_189' title='bbox 825 2266 1014 2310; x_wconf 85' lang='lat' dir='ltr'>amicitia</span> <span class='ocrx_word' id='word_1_190' title='bbox 1045 2275 1274 2310; x_wconf 85' lang='lat' dir='ltr'>averterat.</span> <span class='ocrx_word' id='word_1_191' title='bbox 1304 2265 1480 2323; x_wconf 86' lang='lat' dir='ltr'>Quibus</span> <span class='ocrx_word' id='word_1_192' title='bbox 1506 2265 1669 2310; x_wconf 85' lang='lat' dir='ltr'>accidit</span> <span class='ocrx_word' id='word_1_193' title='bbox 1695 2282 1760 2310; x_wconf 88' lang='lat' dir='ltr'>re-</span> 
     </span>
     <span class='ocr_line' id='line_1_27' title="bbox 374 2345 1757 2407; baseline 0.001 -17"><span class='ocrx_word' id='word_1_194' title='bbox 374 2346 480 2400; x_wconf 89' lang='lat' dir='ltr'>bus,</span> <span class='ocrx_word' id='word_1_195' title='bbox 517 2355 561 2389; x_wconf 88' lang='lat' dir='ltr'>ut</span> <span class='ocrx_word' id='word_1_196' title='bbox 600 2345 799 2407; x_wconf 87' lang='lat' dir='ltr'>pluribus</span> <span class='ocrx_word' id='word_1_197' title='bbox 833 2345 994 2390; x_wconf 87' lang='lat' dir='ltr'>dimissi</span> <span class='ocrx_word' id='word_1_198' title='bbox 1032 2347 1278 2399; x_wconf 83' lang='lat' dir='ltr'>itineribus,</span> <span class='ocrx_word' id='word_1_199' title='bbox 1310 2364 1334 2390; x_wconf 87' lang='lat' dir='ltr'>a</span> <span class='ocrx_word' id='word_1_200' title='bbox 1372 2348 1542 2390; x_wconf 85' lang='lat' dir='ltr'>Caesare</span> <span class='ocrx_word' id='word_1_201' title='bbox 1575 2345 1631 2390; x_wconf 87' lang='lat' dir='ltr'>ad</span> <span class='ocrx_word' id='word_1_202' title='bbox 1662 2349 1757 2392; x_wconf 80' lang='lat' dir='ltr'>Do-</span> 
     </span>
     <span class='ocr_line' id='line_1_28' title="bbox 375 2425 1760 2481; baseline 0.001 -12"><span class='ocrx_word' id='word_1_203' title='bbox 375 2428 547 2470; x_wconf 89' lang='lat' dir='ltr'>mitium</span> <span class='ocrx_word' id='word_1_204' title='bbox 565 2461 576 2481; x_wconf 90' lang='lat'>,</span> <span class='ocrx_word' id='word_1_205' title='bbox 602 2437 642 2471; x_wconf 90' lang='lat' dir='ltr'>et</span> <span class='ocrx_word' id='word_1_206' title='bbox 671 2427 725 2470; x_wconf 86' lang='lat' dir='ltr'>ab</span> <span class='ocrx_word' id='word_1_207' title='bbox 755 2428 952 2471; x_wconf 88' lang='lat' dir='ltr'>Domitio</span> <span class='ocrx_word' id='word_1_208' title='bbox 982 2426 1035 2471; x_wconf 80' lang='lat' dir='ltr'>ad</span> <span class='ocrx_word' id='word_1_209' title='bbox 1063 2430 1301 2479; x_wconf 78' lang='lat' dir='ltr'>Caesarem,</span> <span class='ocrx_word' id='word_1_210' title='bbox 1330 2425 1451 2471; x_wconf 88' lang='lat' dir='ltr'>nulla</span> <span class='ocrx_word' id='word_1_211' title='bbox 1477 2427 1646 2471; x_wconf 88' lang='lat' dir='ltr'>ratione</span> <span class='ocrx_word' id='word_1_212' title='bbox 1676 2427 1760 2471; x_wconf 79' lang='lat' dir='ltr'>iter</span> 
     </span>
     <span class='ocr_line' id='line_1_29' title="bbox 373 2505 1755 2570; baseline -0.001 -19"><span class='ocrx_word' id='word_1_213' title='bbox 373 2507 586 2552; x_wconf 85' lang='lat' dir='ltr'>conficere</span> <span class='ocrx_word' id='word_1_214' title='bbox 622 2518 814 2569; x_wconf 90' lang='lat' dir='ltr'>possent.</span> <span class='ocrx_word' id='word_1_215' title='bbox 841 2507 926 2552; x_wconf 88' lang='lat' dir='ltr'>Sed</span> <span class='ocrx_word' id='word_1_216' title='bbox 953 2507 1210 2570; x_wconf 84' lang='lat' dir='ltr'>Allobroges</span> <span class='ocrx_word' id='word_1_217' title='bbox 1230 2543 1240 2562; x_wconf 94' lang='lat'>,</span> <span class='ocrx_word' id='word_1_218' title='bbox 1278 2505 1459 2552; x_wconf 88' lang='lat' dir='ltr'>Roscilli</span> <span class='ocrx_word' id='word_1_219' title='bbox 1493 2516 1625 2567; x_wconf 87' lang='lat' dir='ltr'>atque</span> <span class='ocrx_word' id='word_1_220' title='bbox 1659 2507 1755 2568; x_wconf 86' lang='lat' dir='ltr'>AEgi</span> 
     </span>
     <span class='ocr_line' id='line_1_30' title="bbox 376 2586 1754 2650; baseline 0.001 -20"><span class='ocrx_word' id='word_1_221' title='bbox 376 2586 629 2645; x_wconf 82' lang='lat' dir='ltr'>familiares,</span> <span class='ocrx_word' id='word_1_222' title='bbox 658 2605 768 2650; x_wconf 91' lang='lat' dir='ltr'>quos</span> <span class='ocrx_word' id='word_1_223' title='bbox 795 2588 1036 2650; x_wconf 81' lang='lat' dir='ltr'>perfugisse</span> <span class='ocrx_word' id='word_1_224' title='bbox 1061 2589 1115 2633; x_wconf 83' lang='lat' dir='ltr'>ad</span> <span class='ocrx_word' id='word_1_225' title='bbox 1146 2590 1400 2650; x_wconf 89' lang='lat' dir='ltr'>Pompeium</span> <span class='ocrx_word' id='word_1_226' title='bbox 1430 2586 1754 2631; x_wconf 81' lang='lat' dir='ltr'>demonstravi-</span> 
     </span>
     <span class='ocr_line' id='line_1_31' title="bbox 375 2667 1752 2730; baseline 0.002 -21"><span class='ocrx_word' id='word_1_227' title='bbox 375 2684 492 2724; x_wconf 84' lang='lat' dir='ltr'>mus,</span> <span class='ocrx_word' id='word_1_228' title='bbox 535 2670 773 2730; x_wconf 79' lang='lat' dir='ltr'>conspicati</span> <span class='ocrx_word' id='word_1_229' title='bbox 817 2671 858 2713; x_wconf 92' lang='lat' dir='ltr'>in</span> <span class='ocrx_word' id='word_1_230' title='bbox 901 2671 1052 2713; x_wconf 78' lang='lat' dir='ltr'>itinere</span> <span class='ocrx_word' id='word_1_231' title='bbox 1095 2669 1390 2729; x_wconf 66' lang='lat' dir='ltr'>exploratores</span> <span class='ocrx_word' id='word_1_232' title='bbox 1433 2667 1637 2720; x_wconf 80' lang='lat' dir='ltr'>Domitii,</span> <span class='ocrx_word' id='word_1_233' title='bbox 1677 2683 1752 2712; x_wconf 87' lang='lat' dir='ltr'>seu</span> 
     </span>
    </p>
   </div>
  </div>
 </body>
</html>
