1972 3356
617 220 682 255 DE
712 220 870 255 BELLO
899 220 1223 256 HISPANIENSI.
1539 218 1610 253 303

231 312 273 346 et
297 304 453 364 saepius
471 302 696 361 attulisti53
719 314 760 347 et
782 302 877 347 luce
901 302 1018 348 clara
1048 304 1248 348 Cassium
1274 304 1317 348 in
1346 303 1490 347 medio
1516 303 1612 347 foro

231 383 395 428 nefarie
425 384 668 429 interficere
695 383 904 429 voluistis.
930 386 1022 428 Vos
1056 385 1113 428 ita
1138 401 1286 445 pacem
1323 401 1492 446 semper
1520 383 1613 428 odi-

230 464 326 521 stis,
358 475 405 508 ut
428 463 549 508 nullo
576 475 771 526 tempore
802 464 992 526 legiones
1022 464 1170 508 desitae
1193 464 1346 526 populi
1373 466 1541 509 romani
1571 466 1613 509 in

228 544 310 587 hac
327 546 553 605 provincia
576 546 741 589 haberi.
764 544 894 605 Apud
921 561 996 588 vos
1019 545 1227 589 beneficia
1255 562 1336 606 pro
1363 544 1613 602 maleficiis,

229 624 442 670 maleficia
471 643 552 686 pro
580 625 802 670 beneficiis
825 625 1056 668 habentur.
1078 626 1143 668 Ita
1169 642 1311 686 neque
1326 627 1370 669 in
1393 627 1483 670 otio
1507 644 1613 670 con-

227 705 443 763 cordiam,
473 723 614 767 neque
636 707 679 749 in
701 704 816 749 bello
846 706 1050 749 virtutem
1082 704 1173 749 ullo
1201 715 1396 767 tempore
1423 708 1613 751 retinere

227 787 444 847 potuistis.
474 787 675 830 Privatus
711 803 761 829 ex
790 785 892 847 fuga
921 787 1001 830 Cn.
1033 786 1271 847 Pompeius
1309 785 1559 831 adolescens
1589 804 1614 831 a

225 867 348 910 vobis
367 876 590 927 receptus,
615 865 749 911 fasces
766 867 1089 928 imperiumque
1116 867 1196 910 sibi
1217 868 1404 928 arripuit
1429 885 1438 911 ε
1464 867 1612 912 multis

225 946 462 990 interfectis
497 947 693 1004 civibus,
737 946 897 992 auxilia
930 957 1083 992 contra
1129 947 1344 1010 populum
1379 965 1612 993 romanum

223 1028 493 1088 comparavit
521 1045 531 1073 ε
557 1045 684 1090 agros
712 1029 1067 1090 provinciamque
1093 1039 1237 1073 vestro
1265 1029 1457 1091 impulsu
1482 1030 1614 1092 depo-

223 1106 403 1169 pulavit.
431 1111 484 1153 In
509 1126 598 1170 quo
630 1126 706 1154 vos
735 1110 920 1154 victores
955 1110 1296 1154 existimabatis?
1333 1113 1400 1155 An
1437 1128 1507 1155 me
1542 1111 1613 1156 de-

224 1187 332 1246 leto,
367 1206 455 1233 non
478 1189 913 1247 animadvertebatis,
943 1190 1091 1235 decem
1122 1191 1285 1235 habere
1314 1191 1503 1253 legiones
1530 1209 1610 1254 po-

222 1267 375 1330 pulum
412 1287 663 1329 romanum,
692 1288 787 1332 quae
824 1288 912 1315 non
940 1270 1081 1315 solum
1113 1272 1236 1316 vobis
1266 1272 1495 1330 obsistere,
1535 1273 1612 1317 sed

222 1350 352 1394 etiam
379 1349 537 1395 coelum
561 1351 734 1396 diruere
767 1351 972 1414 possent?
1007 1369 1193 1413 quarum
1231 1352 1435 1398 laudibus
1456 1363 1498 1398 et
1526 1355 1611 1398 vir-

222 1440 314 1476 tute
318 1466 487 1476 .......
504 1451 524 1473 ))
