1972 3356
424 255 497 291 216
664 258 702 291 C.
729 256 859 290 JULII
890 255 1107 291 CAESARIS
1137 256 1398 292 COMMENT.
1429 259 1576 294 LIBER

421 337 582 381 auxilia
603 354 762 398 magna
786 338 1007 398 equitatus
1028 338 1260 400 oppidanis
1285 340 1508 400 suppetias
1527 340 1697 397 venire,
1717 359 1807 386 non

420 427 485 461 est
513 418 606 461 visa
629 419 742 461 ratio
773 418 827 461 ad
862 417 1211 479 oppugnandum
1239 419 1451 480 oppidum
1486 421 1807 477 commorandi,

420 514 497 554 ne,
524 497 630 541 dum
656 498 701 541 in
733 515 783 542 ea
810 515 857 542 re
889 500 1032 543 Caesar
1056 508 1168 542 esset
1191 509 1457 560 occupatus,
1483 499 1807 545 circumventus

418 595 441 620 a
465 587 590 640 tergo
617 579 671 623 ab
695 580 894 640 equitatu
918 579 1110 623 hostium
1134 578 1366 623 laboraret.

482 662 560 705 VI.
585 662 765 722 Itaque,
784 670 922 705 castra
953 677 1089 721 quum
1117 677 1294 704 movere
1316 659 1464 718 vellet,
1491 662 1636 706 subito
1658 679 1707 706 ex
1733 680 1810 724 op-

418 741 522 803 pido
567 742 713 803 erupit
764 740 1025 798 multitudo,
1057 750 1186 802 atque
1224 742 1442 801 equitatus
1488 741 1681 786 subsidio
1718 760 1808 788 uno

420 832 618 884 tempore
644 825 704 867 eis
729 839 829 867 casu
857 823 1097 879 succurrit,
1120 823 1196 883 qui
1221 831 1316 866 erat
1340 823 1496 866 missus
1530 823 1584 867 ab
1610 823 1722 868 Juba
1752 824 1808 868 ad

417 904 686 964 stipendium
715 902 1043 964 accipiendum3
1072 912 1324 963 castraque,
1353 903 1470 947 unde
1495 905 1639 949 Caesar
1664 920 1807 966 egres-

417 1001 489 1028 sus
514 986 595 1028 iter
622 985 764 1029 facere
789 993 997 1044 coeperat,
1022 993 1266 1043 occupant,
1295 993 1338 1026 et
1368 984 1458 1043 ejus
1484 1000 1641 1045 agmen
1667 995 1808 1028 extre-

417 1082 538 1109 mum
563 1067 732 1126 insequi
757 1073 998 1126 coeperunt.
1026 1065 1137 1121 Quae
1164 1080 1231 1107 res
1256 1080 1394 1124 quum
1420 1064 1724 1109 animadversa
1751 1082 1810 1110 es-

416 1156 504 1200 set,
534 1147 680 1190 subito
707 1145 933 1207 legionarii
962 1144 1232 1199 consistunt3
1261 1154 1303 1188 et
1332 1145 1524 1204 equites,
1554 1161 1807 1206 quanquam

416 1236 540 1270 erant
563 1228 721 1287 pauci,
756 1238 901 1271 tamen
932 1235 1086 1270 contra
1114 1235 1280 1269 tantam
1315 1225 1644 1269 multitudinem
1673 1226 1808 1270 auda-

414 1308 586 1352 cissime
618 1318 901 1352 concurrunt.
933 1307 1106 1352 Accidit
1143 1324 1211 1351 res
1243 1306 1535 1364 incredibilis,
1567 1317 1615 1351 ut
1641 1309 1808 1368 equites

415 1389 559 1432 minus
591 1406 684 1433 xxx
696 1387 810 1434 Galli
837 1390 1102 1432 Maurorum
1129 1388 1324 1448 equitum
1352 1404 1385 1433 11
1413 1386 1548 1431 millia
1580 1387 1678 1433 loco
1712 1389 1807 1451 pel-

414 1467 573 1527 lerent,
617 1480 912 1532 urgerentque
949 1472 992 1513 in
1029 1469 1255 1530 oppidum.
1296 1471 1535 1530 Postquam
1573 1469 1736 1532 repulsi
1766 1481 1810 1515 et

413 1550 601 1610 conjecti
631 1560 756 1594 erant
782 1551 898 1594 intra
924 1551 1215 1606 munitiones,
1243 1552 1388 1594 Caesar
1414 1551 1496 1593 iter
1520 1552 1808 1595 coustitutum

415 1631 475 1673 ire
500 1630 740 1674 contendit.
767 1630 900 1687 Quod
926 1647 1063 1691 quum
1097 1631 1252 1690 saepius
1274 1629 1489 1685 facerent,
1520 1641 1563 1674 et
1589 1631 1718 1675 modo
1743 1632 1808 1675 in-

413 1722 726 1771 sequerentur,
758 1711 889 1755 modo
923 1728 1074 1754 rursus
1101 1711 1154 1753 ab
1187 1711 1406 1771 equitibus
1431 1711 1476 1754 in
1499 1711 1713 1772 oppidum
1745 1729 1809 1756 re-

412 1790 706 1852 pellerentur,
730 1792 987 1835 cohortibus
1012 1792 1162 1851 paucis
1182 1807 1233 1834 ex
1258 1792 1473 1834 veteranis
1490 1826 1500 1846 ‚
1527 1808 1636 1851 quas
1660 1809 1807 1836 secum

411 1872 621 1928 habebat,
651 1873 693 1915 in
723 1881 919 1916 extremo
946 1872 1118 1932 agmine
1142 1869 1388 1926 collocatis,
1423 1881 1465 1915 et
1492 1882 1615 1933 parte
1643 1874 1809 1934 equita-

411 1962 504 2009 tus,
542 1953 623 1996 iter
650 1952 803 1997 leniter
840 1969 941 1996 cum
971 1951 1151 2013 reliquis
1178 1951 1321 1996 facere
1345 1953 1490 2013 coepit.
1521 1955 1611 2009 Ita,
1640 1964 1807 2014 quanto

411 2032 584 2094 longius
610 2034 664 2077 ab
688 2033 852 2095 oppido
876 2033 1206 2090 discedebatur,
1234 2043 1356 2077 tanto
1385 2033 1596 2078 tardiores
1622 2034 1677 2078 ad
1699 2036 1809 2079 inse-

410 2115 635 2174 quendum
655 2126 782 2159 erant
808 2114 1024 2159 Numidae.
1047 2117 1229 2159 Interim
1251 2116 1294 2158 in
1322 2115 1475 2159 itinere
1504 2132 1555 2158 ex
1570 2115 1742 2177 oppidis
1767 2125 1810 2160 et

410 2194 599 2239 castellis
626 2195 866 2257 legationes
906 2197 1082 2252 venire,
1117 2195 1315 2257 polliceri
1345 2196 1641 2251 frumentum,
1683 2214 1810 2258 para-

410 2286 566 2337 tosque
584 2294 697 2332 esse,
719 2294 816 2339 quae
836 2279 1113 2339 imperasset,
1134 2278 1288 2322 facere.
1315 2280 1471 2338 Itaque
1497 2295 1548 2322 eo
1577 2278 1646 2322 (lie
1669 2289 1810 2323 castra

410 2358 558 2417 posuit
585 2358 640 2401 ad
669 2359 884 2419 oppidum
908 2359 1154 2418 Ruspinam
1182 2358 1372 2402 calendis
1398 2360 1623 2419 januariis.

477 2441 575 2483 Vll.
600 2438 708 2483 Inde
732 2441 893 2494 movit,
909 2449 949 2483 et
972 2441 1172 2499 pervenit
1197 2440 1251 2483 ad
1273 2439 1486 2501 oppidum
1508 2441 1688 2500 Leptin,
1704 2439 1809 2484 libe-

410 2537 505 2562 ram
538 2521 760 2565 civitatem
795 2531 837 2565 et
867 2523 1123 2564 immunem.
1169 2523 1324 2582 Legati
1355 2538 1405 2565 ex
1433 2520 1809 2581 oppidoveniunt

365 2636 367 2638 .
411 2601 607 2658 obviam3
638 2601 826 2647 libenter
861 2619 905 2646 se
942 2603 1087 2646 omnia
1117 2602 1337 2659 facturos,
1371 2619 1467 2662 quae
1500 2601 1649 2656 vellet,
1678 2601 1810 2662 polli-

411 2693 578 2726 centur.
606 2685 760 2744 ltaque
777 2718 788 2740 ,
811 2683 1143 2727 centurionibus
1170 2682 1223 2726 ad
1247 2693 1396 2743 portas
1419 2682 1568 2744 oppidi
1593 2692 1635 2726 et
1659 2693 1807 2727 custo-
