1972 3356
345 258 415 308 198
579 258 619 292 C.
647 255 777 291 JULII
805 254 1027 289 CAESARIS
1056 252 1321 288 COMMENT.
1354 255 1502 289 LIBER

341 359 451 398 sem,
478 357 610 402 quam
632 338 840 402 parabat,
861 348 911 383 ut
931 338 1189 400 inspiceret,
1209 335 1425 398 Hispalim
1445 338 1636 396 accedit,
1661 340 1739 384 ibi-

342 438 428 483 que
445 430 645 465 moratur
657 456 668 478 ,
683 430 919 484 propterea
933 418 1053 480 quod
1071 418 1263 464 edictum
1276 427 1370 462 tota
1384 419 1608 479 provincia
1633 437 1738 481 pro-

338 511 565 564 posuerat,
599 511 668 558 ut,
697 501 858 563 quibus
889 501 1098 562 pecunias
1138 501 1414 561 imperasset,
1454 516 1596 561 neque
1636 517 1741 546 con-

341 582 570 642 tulissent,
600 599 644 627 se
668 582 854 627 adirent.
888 582 1001 639 Quae
1029 581 1228 626 evocatio
1266 579 1549 625 vehementer
1588 596 1741 626 omnes

342 665 553 709 turbavit.

405 748 545 791 LVII.
563 747 749 791 Interim
773 747 822 790 L.
851 745 1012 801 Titius,
1040 745 1115 805 qui
1144 760 1195 788 eo
1219 753 1419 804 tempore
1441 742 1645 787 tribunus
1665 743 1743 787 mi-

340 827 469 871 litum
493 827 538 871 in
566 826 739 889 legione
764 824 996 870 vernacula
1024 824 1187 881 fuerat,
1223 825 1401 869 nuntiat
1437 825 1575 881 fama,
1606 822 1744 885 legio·

342 925 443 954 nem
470 908 758 964 tricesimam,
788 922 919 967 quam
957 906 1014 962 Q.
1042 906 1218 949 Cassius
1241 904 1411 967 legatus
1446 903 1576 950 simul
1609 904 1742 948 duce-

342 989 438 1045 bat,
466 1005 603 1049 quum
629 987 683 1032 ad
708 986 920 1048 oppidum
944 986 1119 1047 Leptim
1132 996 1273 1030 castra
1296 987 1504 1044 haberet,
1528 985 1743 1030 seditione

344 1069 477 1127 facta,
507 1067 839 1113 centurionibus
877 1065 1048 1127 aliquot
1065 1067 1240 1123 occisis,
1267 1068 1343 1128 qui
1372 1068 1496 1129 signa
1522 1065 1616 1111 tolli
1652 1083 1742 1111 non

343 1151 649 1213 patiebantur,
677 1147 945 1204 discessisse,
980 1156 1022 1191 et
1049 1146 1104 1190 ad
1137 1147 1374 1191 secundam
1401 1147 1618 1208 legionem
1639 1163 1745 1191 con-

345 1230 560 1287 tendisse,
588 1247 686 1292 quae
710 1229 765 1273 ad
792 1228 956 1273 fretum
981 1227 1067 1272 alio
1091 1228 1246 1272 itinere
1271 1228 1526 1272 ducebatur.
1556 1227 1745 1289 Cognita

346 1328 410 1369 re,
444 1321 579 1357 noctu
618 1327 718 1356 cum
746 1311 942 1372 quinque
978 1309 1236 1354 cohortibus
1267 1309 1745 1354 unetvicesimanorum

346 1394 590 1456 egreditur,
618 1409 746 1437 mane
771 1392 986 1454 pervenit.
1013 1392 1079 1435 Ibi
1108 1407 1209 1435 eum
1236 1390 1351 1435 diem
1370 1426 1381 1448 ,
1406 1400 1479 1448 ut,
1517 1389 1624 1451 quid
1646 1405 1746 1451 age-

346 1485 495 1530 retur,
516 1474 808 1536 perspiceret,
834 1482 1050 1529 moratus,
1077 1473 1345 1517 Carmonam
1373 1470 1616 1516 contendit.
1644 1471 1746 1524 Hic,

347 1572 484 1616 quum
510 1553 624 1617 legio
647 1571 736 1598 xxx
759 1563 801 1597 et
820 1570 897 1597 xxl
915 1588 925 1608 ,
949 1563 990 1597 et
1016 1553 1218 1597 cohortes
1237 1567 1281 1597 iv
1304 1568 1356 1596 ex
1375 1553 1530 1613 quinta
1554 1550 1748 1613 legione,

350 1646 555 1698 totusque
577 1635 851 1679 convenisset
868 1635 1087 1694 equitatus
1101 1633 1272 1690 ,audit‚
1295 1649 1341 1677 1v
1361 1632 1564 1677 cohortes
1578 1666 1589 1687 ,
1615 1647 1639 1675 a
1659 1647 1748 1675 ver·

350 1715 516 1761 naculis
545 1731 775 1777 oppressas
805 1714 859 1759 ad
883 1712 1162 1771 Obuculam,
1193 1731 1295 1758 cuni
1329 1714 1394 1757 his
1426 1712 1481 1757 ad
1511 1711 1748 1757 secundam

351 1798 600 1858 pervenisse
643 1795 882 1857 legionem,
923 1811 1164 1854 omnesque
1195 1794 1253 1837 ibi
1277 1810 1321 1837 se
1358 1793 1666 1853 conjunxisse,
1705 1802 1750 1836 et

349 1880 398 1922 T.
419 1878 634 1921 Thorium
660 1874 927 1920 italicensem
946 1874 1103 1920 ducem
1124 1873 1348 1937 delegisse.
1367 1872 1582 1919 Celeriter
1597 1872 1749 1917 habito

351 1957 559 2014 consilio,
585 1955 847 2002 Marcellum
872 1956 1150 2012 Cordubam,
1179 1966 1225 2000 ut
1252 1973 1348 2000 eam
1374 1957 1418 1999 in
1440 1964 1654 2016 potestate
1679 1971 1749 1998 re-

353 2040 533 2093 tineret,
554 2040 612 2097 Q.
636 2038 836 2083 Cassium
871 2036 1065 2099 legatum
1094 2035 1310 2098 Hispalim
1352 2037 1501 2080 mittit.
1526 2037 1682 2080 Paucis
1709 2036 1747 2079 ei

350 2120 504 2164 diebus
518 2119 717 2175 affertur,
731 2127 999 2162 conventum
1019 2117 1354 2162 Cordubensem
1375 2117 1430 2162 ab
1452 2133 1504 2161 eo
1517 2115 1747 2170 defecisse,

351 2199 702 2261 Marcellumque
736 2209 811 2243 aut
842 2198 1092 2254 voluntate,
1125 2210 1199 2243 aut
1229 2199 1482 2243 necessitate
1506 2196 1746 2242 adductum

351 2280 571 2343 (namque
598 2280 640 2324 id
666 2281 786 2324 varie
809 2278 1148 2341 nuntiabatur),
1175 2280 1422 2324 consentire
1444 2295 1542 2323 cum
1572 2277 1748 2322 Coi-du-

352 2362 584 2418 bensibus;
599 2361 708 2406 duas
723 2361 925 2406 cohortes
945 2359 1129 2422 legionis
1154 2377 1182 2404 v
1199 2377 1319 2422 ,quae
1339 2360 1515 2404 fuerant
1529 2357 1749 2404 Cordubae

353 2445 397 2487 in
426 2442 653 2505 praesidio,
692 2441 808 2486 idem
836 2441 990 2486 facere.
1022 2442 1222 2498 Cassius,
1264 2442 1332 2485 his
1368 2440 1498 2485 rebus
1524 2440 1751 2492 incensus,

355 2534 503 2568 movet
530 2533 691 2579 castra3
728 2533 771 2567 et
797 2531 972 2585 postero
1004 2522 1073 2566 die
1109 2523 1342 2585 Segoviam
1370 2521 1427 2566 ad
1461 2520 1623 2564 flumen
1658 2517 1754 2563 Sili-

357 2621 484 2649 cense
507 2607 637 2649 venit.
655 2604 722 2648 Ibi
738 2604 887 2648 habita
913 2605 1145 2661 concione,
1172 2603 1359 2648 militum
1383 2610 1522 2647 tentat
1547 2599 1718 2643 animos
1740 2616 1749 2641 :

359 2701 467 2745 quos
496 2686 741 2747 cognoscit,
782 2701 869 2728 non
909 2700 1013 2738 sua,
1053 2684 1124 2728 sed
1158 2685 1339 2730 Caesaris
1375 2681 1564 2727 absentis
1594 2695 1752 2735 causa,
