1972 3356
486 244 548 278 DE
577 244 736 279 BELLO
765 244 981 280 GALLICO
1009 243 1100 278 LIB.
1130 243 1231 278 vm.
1486 239 1560 287 239

166 329 282 373 trina
312 327 604 372 excelsissimo
633 327 732 372 loco
759 338 901 372 castra
930 328 1054 384 fecit,
1091 345 1113 371 a
1138 327 1298 388 quibus
1326 324 1560 387 paulatim,

164 419 382 469 quantum
404 410 538 469 copiae
566 409 868 470 patiebantur,
893 407 1057 452 vallum
1082 410 1125 451 in
1151 406 1304 469 oppidi
1328 407 1562 451 circuitum

167 489 326 534 ducere
355 490 559 533 instituit.

232 572 442 614 XXXIV.
473 569 609 628 Quod
633 586 771 630 quum
800 569 1205 613 animadverterent
1229 569 1462 630 oppidani,
1486 570 1567 612 mi-

170 652 438 711 serrimaque
463 649 618 694 Alesiae
648 650 863 693 memoria
890 648 1068 695 solliciti
1096 648 1282 693 similem
1309 666 1458 693 casum
1489 650 1570 694 ob·

170 733 370 778 sessionis
399 741 678 787 vererentur,
708 731 986 790 maximeque
1011 746 1060 773 ex
1089 730 1294 774 omnibus
1317 731 1570 787 Lucterius,

171 816 244 874 qui
272 813 459 856 fortunae
490 810 608 854 illius
636 809 884 872 periculum
911 810 1098 866 fecerat,
1126 820 1327 854 moneret
1360 810 1572 854 frumenti

171 894 388 937 rationem
409 908 501 936 esse
523 891 797 940 habendam,
815 891 1091 935 constituunt
1114 892 1315 934 omnium
1336 907 1573 950 consensu,

173 984 297 1036 parte
334 973 394 1017 ibi
423 972 577 1016 relicta
610 973 864 1034 copiarum,
899 973 982 1033 ipsi
1020 989 1122 1016 cum
1157 972 1372 1035 expeditis
1405 973 1460 1017 ad
1492 974 1574 1017 im-

173 1054 443 1117 portandum
474 1054 745 1098 frumentum
780 1053 1015 1116 proficisci.
1049 1056 1113 1098 Eo
1155 1053 1339 1099 consilio
1368 1056 1578 1116 probato,

173 1137 374 1198 proxima
402 1146 554 1191 nocte,
580 1135 752 1179 duobus
779 1133 974 1179 millibus
999 1145 1273 1179 armatorum
1297 1136 1485 1191 relictis,
1511 1155 1580 1181 re-

176 1216 319 1278 liquos
343 1234 395 1260 ex
420 1215 585 1278 oppido
612 1218 815 1277 Drappes
840 1226 883 1260 et
906 1217 1142 1261 Lucterius
1163 1217 1372 1261 educunt.
1395 1219 1453 1273 Ii,
1478 1235 1582 1280 pau-

177 1315 251 1342 cos
278 1297 370 1342 dies
400 1298 582 1353 morati,
615 1315 667 1342 ex
696 1297 859 1341 finibus
886 1297 1218 1353 Cadurcorum,
1247 1301 1321 1360 qui
1346 1301 1508 1360 partim
1536 1316 1584 1343 re

178 1379 468 1423 frumentaria
503 1377 734 1423 sublevare
765 1395 838 1422 eos
867 1379 1126 1439 cupiebant,
1155 1380 1318 1439 partini
1350 1381 1585 1441 prohibere

180 1477 269 1520 quo
299 1460 448 1504 minus
477 1469 703 1504 sumerent
737 1476 826 1503 non
853 1469 1080 1520 poterant,
1108 1476 1318 1521 magnum
1348 1478 1587 1505 numerum

179 1541 392 1585 frumenti
430 1550 718 1602 comparant,
750 1557 1076 1601 nonnunquam
1115 1550 1265 1585 autem
1296 1542 1589 1603 expeditioni-

179 1623 262 1667 bus
293 1623 525 1666 nocturnis
554 1621 732 1667 castella
758 1632 1016 1667 nostrorum
1045 1622 1326 1668 adoriuntur.
1352 1626 1501 1683 Quam
1533 1626 1588 1670 ob

181 1721 358 1748 causam
384 1707 433 1749 C.
460 1704 674 1748 Caninius
699 1713 793 1748 toto
816 1704 983 1766 oppido
1011 1705 1286 1759 munitiones
1311 1707 1591 1752 circumdare

184 1795 438 1841 cunctatur,
470 1802 526 1829 ne
561 1794 634 1829 aut
671 1802 784 1846 opus
813 1785 1022 1829 effectum
1055 1787 1169 1830 tueri
1196 1803 1287 1830 non
1318 1788 1483 1849 possit,
1517 1799 1593 1833 aut

184 1866 388 1929 plurimis
413 1866 524 1911 locis
548 1866 724 1910 infirma
749 1867 955 1928 disponat
986 1867 1203 1927 praesidia.

248 1950 436 1992 XXXV.
474 1950 642 2010 Magna
667 1948 795 2009 copia
817 1948 1029 1992 frumenti
1055 1960 1332 2009 comparata,
1358 1952 1596 1996 considunt

187 2031 393 2090 Drappes
417 2040 457 2074 et
494 2031 729 2074 Lucterius
765 2046 855 2073 non
888 2028 1064 2091 longius
1098 2030 1151 2073 ab
1191 2031 1357 2092 oppido
1395 2049 1425 2076 x
1459 2032 1594 2077 milli-

189 2111 297 2167 bus,
336 2111 453 2157 unde
494 2110 709 2173 paulatim
747 2111 1020 2155 frumentum
1054 2112 1099 2155 in
1148 2113 1365 2174 oppidum
1406 2131 1595 2177 suppor-

125 2205 129 2210 ’
192 2201 351 2235 tarent.
392 2193 482 2253 Ipsi
524 2194 639 2236 inter
684 2209 728 2236 se
770 2193 1022 2254 provincias
1062 2194 1359 2255 partiuntur:
1392 2198 1597 2258 Drappes

192 2273 346 2318 castris
378 2273 579 2334 praesidio
606 2291 704 2318 cum
735 2285 859 2336 parte
885 2274 1114 2336 copiarum
1147 2277 1335 2333 restitit;
1365 2280 1599 2324 Lucterius

195 2372 352 2416 agmen
396 2355 702 2415 jumentorum
741 2355 796 2400 ad
830 2357 1048 2418 oppidum
1085 2357 1222 2402 ducit.
1258 2359 1497 2420 Dispositis
1539 2361 1598 2405 ibi

195 2435 430 2496 praesidiis,
454 2436 565 2480 hora
590 2438 730 2481 noctis
752 2437 927 2482 circiter
943 2455 992 2496 x,
1018 2437 1293 2485 silvestribus
1317 2442 1601 2504 angustisque

196 2518 433 2562 itineribus
469 2517 744 2562 frumentum
784 2520 1027 2581 importare
1061 2522 1107 2565 in
1143 2522 1358 2583 oppidum
1394 2525 1599 2570 instituit.

198 2601 405 2657 Quorum
438 2599 670 2660 strepitum
702 2599 857 2663 vigiles
890 2613 1140 2647 castrorum
1170 2621 1308 2665 quum
1343 2607 1601 2665 sensissent,

201 2679 590 2742 exploratoresque
638 2682 759 2726 missi
807 2700 903 2743 quae
957 2694 1195 2746 agerentur
1247 2688 1602 2748 renuntiassent,
