<?xml version="1.0" encoding="UTF-8"?>
<!DOCTYPE html PUBLIC "-//W3C//DTD XHTML 1.0 Transitional//EN"
    "http://www.w3.org/TR/xhtml1/DTD/xhtml1-transitional.dtd">
<html xmlns="http://www.w3.org/1999/xhtml" xml:lang="en" lang="en">
 <head>
  <title>
</title>
<meta http-equiv="Content-Type" content="text/html;charset=utf-8" />
  <meta name='ocr-system' content='tesseract 3.04.00' />
  <meta name='ocr-capabilities' content='ocr_page ocr_carea ocr_par ocr_line ocrx_word'/>
</head>
<body>
  <div class='ocr_page' id='page_1' title='image "./operajoh0102caesuoft_0262.png"; bbox 0 0 1972 3356; ppageno 0'>
   <div class='ocr_carea' id='block_1_1' title="bbox 421 278 1598 322">
    <p class='ocr_par' dir='ltr' id='par_1_1' title="bbox 421 278 1598 322">
     <span class='ocr_line' id='line_1_1' title="bbox 421 278 1598 322; baseline 0 -8"><span class='ocrx_word' id='word_1_1' title='bbox 421 284 495 322; x_wconf 66' lang='lat'>240</span> <span class='ocrx_word' id='word_1_2' title='bbox 634 281 672 314; x_wconf 83' lang='lat' dir='ltr'>C.</span> <span class='ocrx_word' id='word_1_3' title='bbox 705 278 832 314; x_wconf 88' lang='lat' dir='ltr'>JULII</span> <span class='ocrx_word' id='word_1_4' title='bbox 861 279 1079 314; x_wconf 82' lang='lat' dir='ltr'><strong>CAESARIS</strong></span> <span class='ocrx_word' id='word_1_5' title='bbox 1112 280 1598 316; x_wconf 63' lang='lat' dir='ltr'>COMJvOENTARIORUM</span> 
     </span>
    </p>
   </div>
   <div class='ocr_carea' id='block_1_2' title="bbox 414 361 1819 2760">
    <p class='ocr_par' dir='ltr' id='par_1_2' title="bbox 417 361 1819 888">
     <span class='ocr_line' id='line_1_2' title="bbox 422 361 1819 423; baseline 0.001 -15"><span class='ocrx_word' id='word_1_6' title='bbox 422 364 632 408; x_wconf 84' lang='lat' dir='ltr'>Caninius</span> <span class='ocrx_word' id='word_1_7' title='bbox 661 361 864 406; x_wconf 88' lang='lat' dir='ltr'>celeriter</span> <span class='ocrx_word' id='word_1_8' title='bbox 896 379 997 406; x_wconf 89' lang='lat' dir='ltr'>cum</span> <span class='ocrx_word' id='word_1_9' title='bbox 1026 363 1283 406; x_wconf 74' lang='lat' dir='ltr'>cohortibus</span> <span class='ocrx_word' id='word_1_10' title='bbox 1313 364 1492 406; x_wconf 86' lang='lat' dir='ltr'>armatis</span> <span class='ocrx_word' id='word_1_11' title='bbox 1522 379 1574 406; x_wconf 83' lang='lat' dir='ltr'>ex</span> <span class='ocrx_word' id='word_1_12' title='bbox 1607 367 1819 423; x_wconf 83' lang='lat' dir='ltr'>proximis</span> 
     </span>
     <span class='ocr_line' id='line_1_3' title="bbox 421 441 1818 503; baseline 0.002 -17"><span class='ocrx_word' id='word_1_13' title='bbox 421 441 610 486; x_wconf 80' lang='lat' dir='ltr'>castellis</span> <span class='ocrx_word' id='word_1_14' title='bbox 639 443 684 485; x_wconf 90' lang='lat' dir='ltr'>in</span> <span class='ocrx_word' id='word_1_15' title='bbox 718 442 1030 486; x_wconf 87' lang='lat' dir='ltr'>frumentarios</span> <span class='ocrx_word' id='word_1_16' title='bbox 1064 442 1144 485; x_wconf 91' lang='lat' dir='ltr'>suh</span> <span class='ocrx_word' id='word_1_17' title='bbox 1177 444 1315 502; x_wconf 83' lang='lat' dir='ltr'>ipsam</span> <span class='ocrx_word' id='word_1_18' title='bbox 1346 441 1491 485; x_wconf 90' lang='lat' dir='ltr'>lucem</span> <span class='ocrx_word' id='word_1_19' title='bbox 1522 443 1735 503; x_wconf 90' lang='lat' dir='ltr'>impetum</span> <span class='ocrx_word' id='word_1_20' title='bbox 1756 445 1818 488; x_wconf 84' lang='lat' dir='ltr'>fe-</span> 
     </span>
     <span class='ocr_line' id='line_1_4' title="bbox 417 522 1819 585; baseline 0.001 -18"><span class='ocrx_word' id='word_1_21' title='bbox 417 524 491 567; x_wconf 88' lang='lat' dir='ltr'>cit.</span> <span class='ocrx_word' id='word_1_22' title='bbox 519 525 580 579; x_wconf 82' lang='lat' dir='ltr'>Ii,</span> <span class='ocrx_word' id='word_1_23' title='bbox 602 524 836 584; x_wconf 80' lang='lat' dir='ltr'>repentino</span> <span class='ocrx_word' id='word_1_24' title='bbox 859 523 976 567; x_wconf 89' lang='lat' dir='ltr'>malo</span> <span class='ocrx_word' id='word_1_25' title='bbox 1000 524 1246 585; x_wconf 79' lang='lat' dir='ltr'>perterriti,</span> <span class='ocrx_word' id='word_1_26' title='bbox 1267 522 1509 584; x_wconf 85' lang='lat' dir='ltr'>diffugiunt</span> <span class='ocrx_word' id='word_1_27' title='bbox 1532 523 1585 566; x_wconf 89' lang='lat' dir='ltr'>ad</span> <span class='ocrx_word' id='word_1_28' title='bbox 1612 540 1689 567; x_wconf 87' lang='lat' dir='ltr'>sua</span> <span class='ocrx_word' id='word_1_29' title='bbox 1711 541 1819 585; x_wconf 88' lang='lat' dir='ltr'>prae-</span> 
     </span>
     <span class='ocr_line' id='line_1_5' title="bbox 418 603 1819 664; baseline 0.001 -17"><span class='ocrx_word' id='word_1_30' title='bbox 418 603 527 648; x_wconf 91' lang='lat' dir='ltr'>sidia</span> <span class='ocrx_word' id='word_1_31' title='bbox 564 622 573 647; x_wconf 90' lang='lat'>:</span> <span class='ocrx_word' id='word_1_32' title='bbox 611 621 707 664; x_wconf 84' lang='lat' dir='ltr'>quae</span> <span class='ocrx_word' id='word_1_33' title='bbox 740 604 882 647; x_wconf 84' lang='lat' dir='ltr'>nostri</span> <span class='ocrx_word' id='word_1_34' title='bbox 916 614 966 647; x_wconf 89' lang='lat' dir='ltr'>ut</span> <span class='ocrx_word' id='word_1_35' title='bbox 1000 603 1228 659; x_wconf 88' lang='lat' dir='ltr'>viderunt,</span> <span class='ocrx_word' id='word_1_36' title='bbox 1263 604 1408 647; x_wconf 90' lang='lat' dir='ltr'>acrius</span> <span class='ocrx_word' id='word_1_37' title='bbox 1442 613 1598 647; x_wconf 86' lang='lat' dir='ltr'>contra</span> <span class='ocrx_word' id='word_1_38' title='bbox 1627 614 1819 649; x_wconf 87' lang='lat' dir='ltr'>armatos</span> 
     </span>
     <span class='ocr_line' id='line_1_6' title="bbox 419 684 1817 743; baseline 0.001 -16"><span class='ocrx_word' id='word_1_39' title='bbox 419 685 608 741; x_wconf 85' lang='lat' dir='ltr'>incitati,</span> <span class='ocrx_word' id='word_1_40' title='bbox 639 684 862 727; x_wconf 88' lang='lat' dir='ltr'>neminem</span> <span class='ocrx_word' id='word_1_41' title='bbox 893 701 947 728; x_wconf 82' lang='lat' dir='ltr'>ex</span> <span class='ocrx_word' id='word_1_42' title='bbox 973 701 1024 727; x_wconf 93' lang='lat' dir='ltr'>eo</span> <span class='ocrx_word' id='word_1_43' title='bbox 1050 700 1239 727; x_wconf 85' lang='lat' dir='ltr'>numero</span> <span class='ocrx_word' id='word_1_44' title='bbox 1265 684 1417 726; x_wconf 87' lang='lat' dir='ltr'>vivum</span> <span class='ocrx_word' id='word_1_45' title='bbox 1445 684 1542 743; x_wconf 87' lang='lat' dir='ltr'>capi</span> <span class='ocrx_word' id='word_1_46' title='bbox 1573 684 1817 743; x_wconf 82' lang='lat' dir='ltr'>patiuntur.</span> 
     </span>
     <span class='ocr_line' id='line_1_7' title="bbox 417 764 1819 825; baseline 0 -17"><span class='ocrx_word' id='word_1_47' title='bbox 417 764 589 825; x_wconf 84' lang='lat' dir='ltr'>Effugit</span> <span class='ocrx_word' id='word_1_48' title='bbox 626 764 728 807; x_wconf 90' lang='lat' dir='ltr'>inde</span> <span class='ocrx_word' id='word_1_49' title='bbox 763 781 863 808; x_wconf 82' lang='lat' dir='ltr'>cum</span> <span class='ocrx_word' id='word_1_50' title='bbox 897 766 1049 825; x_wconf 82' lang='lat' dir='ltr'>paucis</span> <span class='ocrx_word' id='word_1_51' title='bbox 1083 765 1344 820; x_wconf 90' lang='lat' dir='ltr'>Lucterius,</span> <span class='ocrx_word' id='word_1_52' title='bbox 1382 780 1462 807; x_wconf 88' lang='lat' dir='ltr'>nec</span> <span class='ocrx_word' id='word_1_53' title='bbox 1498 780 1542 807; x_wconf 89' lang='lat' dir='ltr'>se</span> <span class='ocrx_word' id='word_1_54' title='bbox 1576 765 1733 825; x_wconf 80' lang='lat' dir='ltr'>recipit</span> <span class='ocrx_word' id='word_1_55' title='bbox 1774 766 1819 808; x_wconf 90' lang='lat' dir='ltr'>in</span> 
     </span>
     <span class='ocr_line' id='line_1_8' title="bbox 417 855 572 888; baseline 0 0"><span class='ocrx_word' id='word_1_56' title='bbox 417 855 572 888; x_wconf 86' lang='lat' dir='ltr'>castra.</span> 
     </span>
    </p>

    <p class='ocr_par' dir='ltr' id='par_1_3' title="bbox 414 926 1819 2760">
     <span class='ocr_line' id='line_1_9' title="bbox 481 926 1817 987; baseline 0.001 -19"><span class='ocrx_word' id='word_1_57' title='bbox 481 927 691 970; x_wconf 90' lang='lat' dir='ltr'><strong>XXXVI.</strong></span> <span class='ocrx_word' id='word_1_58' title='bbox 732 929 795 970; x_wconf 84' lang='lat' dir='ltr'>Re</span> <span class='ocrx_word' id='word_1_59' title='bbox 831 927 942 970; x_wconf 87' lang='lat' dir='ltr'>bene</span> <span class='ocrx_word' id='word_1_60' title='bbox 974 936 1118 987; x_wconf 80' lang='lat' dir='ltr'>gesta,</span> <span class='ocrx_word' id='word_1_61' title='bbox 1153 926 1365 969; x_wconf 76' lang='lat' dir='ltr'>Caninius</span> <span class='ocrx_word' id='word_1_62' title='bbox 1394 942 1445 969; x_wconf 79' lang='lat' dir='ltr'>ex</span> <span class='ocrx_word' id='word_1_63' title='bbox 1481 927 1664 986; x_wconf 83' lang='lat' dir='ltr'>captivis</span> <span class='ocrx_word' id='word_1_64' title='bbox 1695 943 1817 970; x_wconf 86' lang='lat' dir='ltr'>com-</span> 
     </span>
     <span class='ocr_line' id='line_1_10' title="bbox 417 1006 1819 1066; baseline 0.001 -17"><span class='ocrx_word' id='word_1_65' title='bbox 417 1006 530 1066; x_wconf 88' lang='lat' dir='ltr'>perit</span> <span class='ocrx_word' id='word_1_66' title='bbox 558 1016 726 1066; x_wconf 88' lang='lat' dir='ltr'>partem</span> <span class='ocrx_word' id='word_1_67' title='bbox 757 1007 986 1066; x_wconf 87' lang='lat' dir='ltr'>copiarum</span> <span class='ocrx_word' id='word_1_68' title='bbox 1020 1022 1121 1049; x_wconf 87' lang='lat' dir='ltr'>cum</span> <span class='ocrx_word' id='word_1_69' title='bbox 1152 1007 1378 1065; x_wconf 73' lang='lat' dir='ltr'>Drappete</span> <span class='ocrx_word' id='word_1_70' title='bbox 1415 1022 1506 1048; x_wconf 89' lang='lat' dir='ltr'>esse</span> <span class='ocrx_word' id='word_1_71' title='bbox 1538 1007 1582 1048; x_wconf 89' lang='lat' dir='ltr'>in</span> <span class='ocrx_word' id='word_1_72' title='bbox 1613 1007 1766 1050; x_wconf 86' lang='lat' dir='ltr'>castris</span> <span class='ocrx_word' id='word_1_73' title='bbox 1795 1024 1819 1050; x_wconf 89' lang='lat' dir='ltr'>a</span> 
     </span>
     <span class='ocr_line' id='line_1_11' title="bbox 416 1085 1818 1146; baseline 0 -16"><span class='ocrx_word' id='word_1_74' title='bbox 416 1086 610 1130; x_wconf 88' lang='lat' dir='ltr'>millibus</span> <span class='ocrx_word' id='word_1_75' title='bbox 642 1104 730 1130; x_wconf 88' lang='lat' dir='ltr'>non</span> <span class='ocrx_word' id='word_1_76' title='bbox 764 1085 955 1146; x_wconf 87' lang='lat' dir='ltr'>amplius</span> <span class='ocrx_word' id='word_1_77' title='bbox 991 1102 1071 1129; x_wconf 76' lang='grc' dir='ltr'>ΧΠ.</span> <span class='ocrx_word' id='word_1_78' title='bbox 1111 1088 1213 1143; x_wconf 85' lang='lat' dir='ltr'>Qua</span> <span class='ocrx_word' id='word_1_79' title='bbox 1250 1103 1296 1128; x_wconf 90' lang='lat' dir='ltr'>re</span> <span class='ocrx_word' id='word_1_80' title='bbox 1329 1102 1382 1129; x_wconf 84' lang='lat' dir='ltr'>ex</span> <span class='ocrx_word' id='word_1_81' title='bbox 1412 1085 1715 1145; x_wconf 85' lang='lat' dir='ltr'>compluribus</span> <span class='ocrx_word' id='word_1_82' title='bbox 1744 1104 1818 1130; x_wconf 93' lang='lat' dir='ltr'>co-</span> 
     </span>
     <span class='ocr_line' id='line_1_12' title="bbox 417 1165 1819 1227; baseline 0 -17"><span class='ocrx_word' id='word_1_83' title='bbox 417 1167 558 1227; x_wconf 85' lang='lat' dir='ltr'>gnita,</span> <span class='ocrx_word' id='word_1_84' title='bbox 581 1184 719 1227; x_wconf 88' lang='lat' dir='ltr'>quum</span> <span class='ocrx_word' id='word_1_85' title='bbox 748 1165 1032 1227; x_wconf 81' lang='lat' dir='ltr'>intelligeret,</span> <span class='ocrx_word' id='word_1_86' title='bbox 1058 1166 1209 1226; x_wconf 85' lang='lat' dir='ltr'>fugato</span> <span class='ocrx_word' id='word_1_87' title='bbox 1238 1165 1348 1210; x_wconf 84' lang='lat' dir='ltr'>duce</span> <span class='ocrx_word' id='word_1_88' title='bbox 1371 1166 1532 1221; x_wconf 84' lang='lat' dir='ltr'>altero,</span> <span class='ocrx_word' id='word_1_89' title='bbox 1558 1167 1819 1226; x_wconf 82' lang='lat' dir='ltr'>perterritos</span> 
     </span>
     <span class='ocr_line' id='line_1_13' title="bbox 416 1246 1818 1308; baseline 0.001 -18"><span class='ocrx_word' id='word_1_90' title='bbox 416 1246 607 1308; x_wconf 84' lang='lat' dir='ltr'>reliquos</span> <span class='ocrx_word' id='word_1_91' title='bbox 639 1246 766 1291; x_wconf 86' lang='lat' dir='ltr'>facile</span> <span class='ocrx_word' id='word_1_92' title='bbox 794 1247 988 1307; x_wconf 87' lang='lat' dir='ltr'>opprimi</span> <span class='ocrx_word' id='word_1_93' title='bbox 1014 1263 1161 1307; x_wconf 84' lang='lat' dir='ltr'>posse,</span> <span class='ocrx_word' id='word_1_94' title='bbox 1189 1263 1359 1308; x_wconf 80' lang='lat' dir='ltr'>magnae</span> <span class='ocrx_word' id='word_1_95' title='bbox 1383 1246 1603 1291; x_wconf 79' lang='lat' dir='ltr'>felicitatis</span> <span class='ocrx_word' id='word_1_96' title='bbox 1627 1264 1719 1291; x_wconf 84' lang='lat' dir='ltr'>esse</span> <span class='ocrx_word' id='word_1_97' title='bbox 1748 1264 1818 1291; x_wconf 85' lang='lat' dir='ltr'>ar-</span> 
     </span>
     <span class='ocr_line' id='line_1_14' title="bbox 415 1327 1819 1389; baseline 0.001 -19"><span class='ocrx_word' id='word_1_98' title='bbox 415 1327 665 1372; x_wconf 87' lang='lat' dir='ltr'>bitrabatur</span> <span class='ocrx_word' id='word_1_99' title='bbox 694 1329 918 1372; x_wconf 89' lang='lat' dir='ltr'>neminem</span> <span class='ocrx_word' id='word_1_100' title='bbox 947 1345 1001 1371; x_wconf 82' lang='lat' dir='ltr'>ex</span> <span class='ocrx_word' id='word_1_101' title='bbox 1025 1327 1141 1371; x_wconf 77' lang='lat' dir='ltr'>caede</span> <span class='ocrx_word' id='word_1_102' title='bbox 1170 1327 1383 1388; x_wconf 81' lang='lat' dir='ltr'>refugisse</span> <span class='ocrx_word' id='word_1_103' title='bbox 1408 1328 1452 1371; x_wconf 91' lang='lat' dir='ltr'>in</span> <span class='ocrx_word' id='word_1_104' title='bbox 1478 1338 1637 1384; x_wconf 86' lang='lat' dir='ltr'>castra⁷</span> <span class='ocrx_word' id='word_1_105' title='bbox 1665 1328 1740 1389; x_wconf 89' lang='lat' dir='ltr'>qui</span> <span class='ocrx_word' id='word_1_106' title='bbox 1766 1328 1819 1371; x_wconf 90' lang='lat' dir='ltr'>de</span> 
     </span>
     <span class='ocr_line' id='line_1_15' title="bbox 415 1407 1817 1469; baseline 0 -18"><span class='ocrx_word' id='word_1_107' title='bbox 415 1419 592 1469; x_wconf 89' lang='lat' dir='ltr'>accepta</span> <span class='ocrx_word' id='word_1_108' title='bbox 626 1407 873 1453; x_wconf 82' lang='lat' dir='ltr'>calamitate</span> <span class='ocrx_word' id='word_1_109' title='bbox 905 1409 1114 1452; x_wconf 88' lang='lat' dir='ltr'>nuntium</span> <span class='ocrx_word' id='word_1_110' title='bbox 1144 1409 1362 1469; x_wconf 86' lang='lat' dir='ltr'>Drappeti</span> <span class='ocrx_word' id='word_1_111' title='bbox 1392 1408 1621 1469; x_wconf 86' lang='lat' dir='ltr'>perferret.</span> <span class='ocrx_word' id='word_1_112' title='bbox 1651 1408 1736 1452; x_wconf 86' lang='lat' dir='ltr'>Sed</span> <span class='ocrx_word' id='word_1_113' title='bbox 1773 1409 1817 1451; x_wconf 92' lang='lat' dir='ltr'>in</span> 
     </span>
     <span class='ocr_line' id='line_1_16' title="bbox 415 1488 1817 1549; baseline -0.001 -18"><span class='ocrx_word' id='word_1_114' title='bbox 415 1489 685 1549; x_wconf 83' lang='lat' dir='ltr'>experiendo</span> <span class='ocrx_word' id='word_1_115' title='bbox 714 1506 852 1549; x_wconf 89' lang='lat' dir='ltr'>quum</span> <span class='ocrx_word' id='word_1_116' title='bbox 878 1488 1124 1549; x_wconf 88' lang='lat' dir='ltr'>periculum</span> <span class='ocrx_word' id='word_1_117' title='bbox 1153 1488 1327 1533; x_wconf 90' lang='lat' dir='ltr'>nullum</span> <span class='ocrx_word' id='word_1_118' title='bbox 1354 1489 1544 1544; x_wconf 86' lang='lat' dir='ltr'>videret,</span> <span class='ocrx_word' id='word_1_119' title='bbox 1570 1490 1817 1549; x_wconf 84' lang='lat' dir='ltr'>equitatum</span> 
     </span>
     <span class='ocr_line' id='line_1_17' title="bbox 416 1569 1815 1629; baseline 0.001 -17"><span class='ocrx_word' id='word_1_120' title='bbox 416 1586 594 1612; x_wconf 88' lang='lat' dir='ltr'>omnem</span> <span class='ocrx_word' id='word_1_121' title='bbox 634 1570 971 1629; x_wconf 86' lang='lat' dir='ltr'>Germanosque</span> <span class='ocrx_word' id='word_1_122' title='bbox 1003 1569 1201 1629; x_wconf 77' lang='lat' dir='ltr'>pedites,</span> <span class='ocrx_word' id='word_1_123' title='bbox 1237 1586 1418 1613; x_wconf 83' lang='lat' dir='ltr'>summae</span> <span class='ocrx_word' id='word_1_124' title='bbox 1453 1569 1696 1613; x_wconf 87' lang='lat' dir='ltr'>velocitatis</span> <span class='ocrx_word' id='word_1_125' title='bbox 1734 1570 1815 1613; x_wconf 88' lang='lat' dir='ltr'>ho-</span> 
     </span>
     <span class='ocr_line' id='line_1_18' title="bbox 416 1649 1815 1710; baseline 0.001 -18"><span class='ocrx_word' id='word_1_126' title='bbox 416 1650 575 1705; x_wconf 89' lang='lat' dir='ltr'>mines,</span> <span class='ocrx_word' id='word_1_127' title='bbox 599 1649 654 1692; x_wconf 89' lang='lat' dir='ltr'>ad</span> <span class='ocrx_word' id='word_1_128' title='bbox 677 1659 819 1692; x_wconf 81' lang='lat' dir='ltr'>castra</span> <span class='ocrx_word' id='word_1_129' title='bbox 839 1649 1035 1693; x_wconf 89' lang='lat' dir='ltr'>hostium</span> <span class='ocrx_word' id='word_1_130' title='bbox 1053 1651 1282 1710; x_wconf 66' lang='lat' dir='ltr'>praemittit</span> <span class='ocrx_word' id='word_1_131' title='bbox 1300 1667 1308 1693; x_wconf 91' lang='lat'>:</span> <span class='ocrx_word' id='word_1_132' title='bbox 1326 1651 1417 1710; x_wconf 86' lang='lat' dir='ltr'>ipse</span> <span class='ocrx_word' id='word_1_133' title='bbox 1442 1649 1661 1710; x_wconf 84' lang='lat' dir='ltr'>legionem</span> <span class='ocrx_word' id='word_1_134' title='bbox 1682 1668 1815 1695; x_wconf 87' lang='lat' dir='ltr'>unam</span> 
     </span>
     <span class='ocr_line' id='line_1_19' title="bbox 416 1729 1814 1790; baseline 0.001 -18"><span class='ocrx_word' id='word_1_135' title='bbox 416 1731 460 1773; x_wconf 90' lang='lat' dir='ltr'>in</span> <span class='ocrx_word' id='word_1_136' title='bbox 485 1731 600 1774; x_wconf 91' lang='lat' dir='ltr'>trina</span> <span class='ocrx_word' id='word_1_137' title='bbox 631 1740 774 1773; x_wconf 86' lang='lat' dir='ltr'>castra</span> <span class='ocrx_word' id='word_1_138' title='bbox 796 1729 1042 1785; x_wconf 86' lang='lat' dir='ltr'>distribuit,</span> <span class='ocrx_word' id='word_1_139' title='bbox 1065 1729 1250 1774; x_wconf 81' lang='lat' dir='ltr'>alteram</span> <span class='ocrx_word' id='word_1_140' title='bbox 1276 1747 1425 1774; x_wconf 88' lang='lat' dir='ltr'>secum</span> <span class='ocrx_word' id='word_1_141' title='bbox 1451 1729 1702 1790; x_wconf 81' lang='lat' dir='ltr'>expeditam</span> <span class='ocrx_word' id='word_1_142' title='bbox 1732 1731 1814 1774; x_wconf 87' lang='lat' dir='ltr'>du-</span> 
     </span>
     <span class='ocr_line' id='line_1_20' title="bbox 416 1810 1816 1870; baseline 0.001 -17"><span class='ocrx_word' id='word_1_143' title='bbox 416 1811 488 1854; x_wconf 84' lang='lat' dir='ltr'>cit.</span> <span class='ocrx_word' id='word_1_144' title='bbox 513 1811 667 1868; x_wconf 86' lang='lat' dir='ltr'>Quum</span> <span class='ocrx_word' id='word_1_145' title='bbox 693 1810 876 1870; x_wconf 86' lang='lat' dir='ltr'>propius</span> <span class='ocrx_word' id='word_1_146' title='bbox 899 1810 1048 1853; x_wconf 87' lang='lat' dir='ltr'>hostes</span> <span class='ocrx_word' id='word_1_147' title='bbox 1077 1811 1350 1866; x_wconf 86' lang='lat' dir='ltr'>accessisset,</span> <span class='ocrx_word' id='word_1_148' title='bbox 1376 1811 1429 1853; x_wconf 88' lang='lat' dir='ltr'>ab</span> <span class='ocrx_word' id='word_1_149' title='bbox 1463 1810 1816 1870; x_wconf 77' lang='lat' dir='ltr'>exploratoribus</span> 
     </span>
     <span class='ocr_line' id='line_1_21' title="bbox 414 1891 1815 1952; baseline 0.001 -19"><span class='ocrx_word' id='word_1_150' title='bbox 414 1908 524 1952; x_wconf 89' lang='lat' dir='ltr'>quos</span> <span class='ocrx_word' id='word_1_151' title='bbox 565 1891 836 1951; x_wconf 83' lang='lat' dir='ltr'>praemiserat</span> <span class='ocrx_word' id='word_1_152' title='bbox 878 1891 1106 1951; x_wconf 85' lang='lat' dir='ltr'>cognoscit</span> <span class='ocrx_word' id='word_1_153' title='bbox 1137 1900 1279 1934; x_wconf 89' lang='lat' dir='ltr'>castra</span> <span class='ocrx_word' id='word_1_154' title='bbox 1314 1907 1489 1946; x_wconf 88' lang='lat' dir='ltr'>eorum,</span> <span class='ocrx_word' id='word_1_155' title='bbox 1526 1901 1575 1934; x_wconf 87' lang='lat' dir='ltr'>ut</span> <span class='ocrx_word' id='word_1_156' title='bbox 1604 1891 1815 1935; x_wconf 88' lang='lat' dir='ltr'>barbaro-</span> 
     </span>
     <span class='ocr_line' id='line_1_22' title="bbox 415 1969 1816 2032; baseline 0.001 -18"><span class='ocrx_word' id='word_1_157' title='bbox 415 1988 515 2015; x_wconf 87' lang='lat' dir='ltr'>rum</span> <span class='ocrx_word' id='word_1_158' title='bbox 537 1970 620 2014; x_wconf 83' lang='lat' dir='ltr'>fert</span> <span class='ocrx_word' id='word_1_159' title='bbox 641 1970 937 2027; x_wconf 87' lang='lat' dir='ltr'>consuetudo,</span> <span class='ocrx_word' id='word_1_160' title='bbox 962 1969 1126 2014; x_wconf 90' lang='lat' dir='ltr'>relictis</span> <span class='ocrx_word' id='word_1_161' title='bbox 1150 1970 1257 2015; x_wconf 90' lang='lat' dir='ltr'>locis</span> <span class='ocrx_word' id='word_1_162' title='bbox 1277 1971 1602 2031; x_wconf 87' lang='lat' dir='ltr'>superioribus,</span> <span class='ocrx_word' id='word_1_163' title='bbox 1623 1972 1678 2015; x_wconf 87' lang='lat' dir='ltr'>ad</span> <span class='ocrx_word' id='word_1_164' title='bbox 1698 1972 1816 2032; x_wconf 87' lang='lat' dir='ltr'>ripas</span> 
     </span>
     <span class='ocr_line' id='line_1_23' title="bbox 415 2051 1814 2113; baseline 0.001 -18"><span class='ocrx_word' id='word_1_165' title='bbox 415 2051 609 2095; x_wconf 89' lang='lat' dir='ltr'>fluminis</span> <span class='ocrx_word' id='word_1_166' title='bbox 641 2068 732 2095; x_wconf 86' lang='lat' dir='ltr'>esse</span> <span class='ocrx_word' id='word_1_167' title='bbox 762 2051 974 2105; x_wconf 78' lang='lat' dir='ltr'>demissa3</span> <span class='ocrx_word' id='word_1_168' title='bbox 1001 2062 1045 2095; x_wconf 91' lang='lat' dir='ltr'>at</span> <span class='ocrx_word' id='word_1_169' title='bbox 1075 2054 1322 2096; x_wconf 85' lang='lat' dir='ltr'>Germanos</span> <span class='ocrx_word' id='word_1_170' title='bbox 1355 2053 1612 2113; x_wconf 86' lang='lat' dir='ltr'>equitesque</span> <span class='ocrx_word' id='word_1_171' title='bbox 1642 2053 1814 2113; x_wconf 84' lang='lat' dir='ltr'>impru-</span> 
     </span>
     <span class='ocr_line' id='line_1_24' title="bbox 416 2132 1815 2194; baseline 0.001 -17"><span class='ocrx_word' id='word_1_172' title='bbox 416 2132 621 2177; x_wconf 83' lang='lat' dir='ltr'>dentibus</span> <span class='ocrx_word' id='word_1_173' title='bbox 654 2132 859 2176; x_wconf 90' lang='lat' dir='ltr'>onmibus</span> <span class='ocrx_word' id='word_1_174' title='bbox 888 2132 942 2175; x_wconf 89' lang='lat' dir='ltr'>de</span> <span class='ocrx_word' id='word_1_175' title='bbox 977 2133 1219 2193; x_wconf 86' lang='lat' dir='ltr'>improviso</span> <span class='ocrx_word' id='word_1_176' title='bbox 1258 2132 1509 2189; x_wconf 89' lang='lat' dir='ltr'>advolasse,</span> <span class='ocrx_word' id='word_1_177' title='bbox 1539 2143 1582 2176; x_wconf 84' lang='lat' dir='ltr'>et</span> <span class='ocrx_word' id='word_1_178' title='bbox 1609 2133 1815 2194; x_wconf 84' lang='lat' dir='ltr'>proelium</span> 
     </span>
     <span class='ocr_line' id='line_1_25' title="bbox 417 2212 1814 2274; baseline 0 -16"><span class='ocrx_word' id='word_1_179' title='bbox 417 2214 697 2258; x_wconf 87' lang='lat' dir='ltr'>commisisse.</span> <span class='ocrx_word' id='word_1_180' title='bbox 719 2213 820 2270; x_wconf 87' lang='lat' dir='ltr'>Qua</span> <span class='ocrx_word' id='word_1_181' title='bbox 843 2229 890 2257; x_wconf 88' lang='lat' dir='ltr'>re</span> <span class='ocrx_word' id='word_1_182' title='bbox 913 2214 1108 2274; x_wconf 83' lang='lat' dir='ltr'>cognita,</span> <span class='ocrx_word' id='word_1_183' title='bbox 1133 2212 1350 2274; x_wconf 83' lang='lat' dir='ltr'>legionem</span> <span class='ocrx_word' id='word_1_184' title='bbox 1380 2224 1595 2257; x_wconf 84' lang='lat' dir='ltr'>armatam</span> <span class='ocrx_word' id='word_1_185' title='bbox 1623 2214 1814 2258; x_wconf 90' lang='lat' dir='ltr'>instruc-</span> 
     </span>
     <span class='ocr_line' id='line_1_26' title="bbox 418 2294 1814 2356; baseline -0.001 -17"><span class='ocrx_word' id='word_1_186' title='bbox 418 2306 596 2356; x_wconf 83' lang='lat' dir='ltr'>tamque</span> <span class='ocrx_word' id='word_1_187' title='bbox 619 2294 814 2338; x_wconf 86' lang='lat' dir='ltr'>adducit.</span> <span class='ocrx_word' id='word_1_188' title='bbox 840 2296 928 2349; x_wconf 82' lang='lat' dir='ltr'>Ita,</span> <span class='ocrx_word' id='word_1_189' title='bbox 951 2304 1134 2355; x_wconf 85' lang='lat' dir='ltr'>repente</span> <span class='ocrx_word' id='word_1_190' title='bbox 1156 2295 1360 2338; x_wconf 90' lang='lat' dir='ltr'>omnibus</span> <span class='ocrx_word' id='word_1_191' title='bbox 1384 2311 1435 2338; x_wconf 83' lang='lat' dir='ltr'>ex</span> <span class='ocrx_word' id='word_1_192' title='bbox 1461 2296 1661 2355; x_wconf 90' lang='lat' dir='ltr'>partibus</span> <span class='ocrx_word' id='word_1_193' title='bbox 1689 2296 1814 2356; x_wconf 86' lang='lat' dir='ltr'>signo</span> 
     </span>
     <span class='ocr_line' id='line_1_27' title="bbox 418 2374 1813 2435; baseline -0.001 -15"><span class='ocrx_word' id='word_1_194' title='bbox 418 2376 540 2432; x_wconf 86' lang='lat' dir='ltr'>dato,</span> <span class='ocrx_word' id='word_1_195' title='bbox 571 2375 667 2419; x_wconf 86' lang='lat' dir='ltr'>loca</span> <span class='ocrx_word' id='word_1_196' title='bbox 696 2374 923 2435; x_wconf 86' lang='lat' dir='ltr'>superiora</span> <span class='ocrx_word' id='word_1_197' title='bbox 952 2375 1202 2435; x_wconf 87' lang='lat' dir='ltr'>capiuntur.</span> <span class='ocrx_word' id='word_1_198' title='bbox 1234 2374 1369 2432; x_wconf 85' lang='lat' dir='ltr'>Quod</span> <span class='ocrx_word' id='word_1_199' title='bbox 1395 2375 1472 2418; x_wconf 90' lang='lat' dir='ltr'>ubi</span> <span class='ocrx_word' id='word_1_200' title='bbox 1496 2375 1676 2433; x_wconf 87' lang='lat' dir='ltr'>accidit,</span> <span class='ocrx_word' id='word_1_201' title='bbox 1700 2377 1813 2419; x_wconf 85' lang='lat' dir='ltr'>Ger-</span> 
     </span>
     <span class='ocr_line' id='line_1_28' title="bbox 418 2454 1812 2517; baseline -0.001 -17"><span class='ocrx_word' id='word_1_202' title='bbox 418 2458 537 2501; x_wconf 89' lang='lat' dir='ltr'>mani</span> <span class='ocrx_word' id='word_1_203' title='bbox 567 2457 850 2517; x_wconf 86' lang='lat' dir='ltr'>equitesque,</span> <span class='ocrx_word' id='word_1_204' title='bbox 888 2456 1022 2516; x_wconf 83' lang='lat' dir='ltr'>signis</span> <span class='ocrx_word' id='word_1_205' title='bbox 1060 2454 1245 2516; x_wconf 82' lang='lat' dir='ltr'>legionis</span> <span class='ocrx_word' id='word_1_206' title='bbox 1274 2456 1399 2510; x_wconf 86' lang='lat' dir='ltr'>visis,</span> <span class='ocrx_word' id='word_1_207' title='bbox 1436 2455 1812 2499; x_wconf 81' lang='lat' dir='ltr'>vehementissime</span> 
     </span>
     <span class='ocr_line' id='line_1_29' title="bbox 419 2535 1811 2598; baseline -0.002 -16"><span class='ocrx_word' id='word_1_208' title='bbox 419 2536 680 2598; x_wconf 87' lang='lat' dir='ltr'>proeliantur</span> <span class='ocrx_word' id='word_1_209' title='bbox 704 2554 712 2580; x_wconf 90' lang='lat'>:</span> <span class='ocrx_word' id='word_1_210' title='bbox 739 2536 972 2580; x_wconf 83' lang='lat' dir='ltr'>confestim</span> <span class='ocrx_word' id='word_1_211' title='bbox 989 2553 1141 2579; x_wconf 89' lang='lat' dir='ltr'>omnes</span> <span class='ocrx_word' id='word_1_212' title='bbox 1161 2536 1366 2579; x_wconf 77' lang='lat' dir='ltr'>cohortes</span> <span class='ocrx_word' id='word_1_213' title='bbox 1386 2535 1581 2595; x_wconf 89' lang='lat' dir='ltr'>undique</span> <span class='ocrx_word' id='word_1_214' title='bbox 1599 2536 1811 2596; x_wconf 87' lang='lat' dir='ltr'>impetum</span> 
     </span>
     <span class='ocr_line' id='line_1_30' title="bbox 420 2615 1812 2677; baseline -0.001 -16"><span class='ocrx_word' id='word_1_215' title='bbox 420 2618 608 2675; x_wconf 79' lang='lat' dir='ltr'>faciunt3</span> <span class='ocrx_word' id='word_1_216' title='bbox 636 2617 932 2677; x_wconf 87' lang='lat' dir='ltr'>omnibusque</span> <span class='ocrx_word' id='word_1_217' title='bbox 961 2626 1038 2660; x_wconf 85' lang='lat' dir='ltr'>aut</span> <span class='ocrx_word' id='word_1_218' title='bbox 1070 2616 1329 2673; x_wconf 84' lang='lat' dir='ltr'>interfectis,</span> <span class='ocrx_word' id='word_1_219' title='bbox 1365 2626 1440 2659; x_wconf 89' lang='lat' dir='ltr'>aut</span> <span class='ocrx_word' id='word_1_220' title='bbox 1466 2615 1624 2674; x_wconf 83' lang='lat' dir='ltr'>captis,</span> <span class='ocrx_word' id='word_1_221' title='bbox 1655 2632 1812 2676; x_wconf 83' lang='lat' dir='ltr'>magna</span> 
     </span>
     <span class='ocr_line' id='line_1_31' title="bbox 421 2695 1669 2760; baseline -0.004 -17"><span class='ocrx_word' id='word_1_222' title='bbox 421 2698 565 2759; x_wconf 85' lang='lat' dir='ltr'>praeda</span> <span class='ocrx_word' id='word_1_223' title='bbox 591 2699 837 2760; x_wconf 86' lang='lat' dir='ltr'>potiuntur.</span> <span class='ocrx_word' id='word_1_224' title='bbox 865 2698 1052 2758; x_wconf 84' lang='lat' dir='ltr'>Capitur</span> <span class='ocrx_word' id='word_1_225' title='bbox 1076 2699 1168 2758; x_wconf 88' lang='lat' dir='ltr'>ipse</span> <span class='ocrx_word' id='word_1_226' title='bbox 1199 2714 1250 2740; x_wconf 96' lang='lat' dir='ltr'>eo</span> <span class='ocrx_word' id='word_1_227' title='bbox 1276 2695 1431 2757; x_wconf 88' lang='lat' dir='ltr'>proelio</span> <span class='ocrx_word' id='word_1_228' title='bbox 1456 2697 1669 2756; x_wconf 89' lang='lat' dir='ltr'>Drappes.</span> 
     </span>
    </p>
   </div>
  </div>
 </body>
</html>
