1972 3356
310 179 356 214 58
516 180 553 215 C.
579 181 706 215 JULII
739 179 959 213 CAESARIS
988 178 1481 215 COMMENTARIORUM

306 280 484 306 suarum
518 264 714 305 omnium
743 261 1023 305 fortunarum
1052 272 1257 306 eventum
1282 264 1520 306 consistere
1548 266 1695 308 existi-

307 352 457 386 maret.
490 344 603 387 Nam
629 352 672 386 et
702 342 873 386 honesti
899 359 947 386 ex
968 344 1227 404 juventute,
1253 353 1295 387 et
1321 343 1536 404 cujusque
1560 347 1695 389 aetatis

307 422 588 483 amplissimi,
629 424 890 467 nominatim
931 424 1098 467 evocati
1133 433 1263 483 atque
1289 423 1531 477 obsecrati,
1569 440 1697 468 naves

304 503 673 559 conscenderant3
699 514 764 559 ut,
791 505 824 548 si
851 504 958 566 quid
985 504 1154 548 adversi
1175 503 1424 558 accidisset,
1454 520 1507 547 ne
1544 503 1599 547 ad
1632 521 1700 548 co-

308 584 503 635 nandum
528 585 706 646 quidem
733 587 813 630 sibi
837 586 1078 647 quidquam
1107 585 1261 646 reliqui
1288 585 1380 629 fore
1418 584 1642 641 viderent;
1667 587 1700 629 si

307 666 651 726 superavissent,
683 666 749 710 vel
779 666 1026 711 domesticis
1060 666 1240 728 opibus,
1267 665 1333 709 vel
1362 666 1551 710 externis
1575 666 1699 710 auxi-

308 744 394 802 liis,
418 746 472 790 de
492 746 631 791 salute
652 748 772 792 urbis
802 748 1085 792 confiderent.

371 830 446 871 VI.
500 830 745 873 Commisso
781 828 960 890 proelio,
995 828 1342 873 Massiliensibus
1383 847 1449 874 res
1488 829 1606 874 nulla
1646 829 1700 874 ad

307 910 511 952 virtutem
544 908 682 953 defuit
705 928 714 953 ε
740 910 815 954 sed
835 927 1047 954 memores
1075 927 1226 954 eorum
1242 920 1585 971 praeceptorum,
1605 927 1701 972 quae

307 989 438 1050 paulo
464 1000 565 1034 ante
596 991 650 1034 ab
677 993 764 1034 suis
792 1001 1073 1052 acceperant,
1102 992 1185 1034 lioc
1213 992 1359 1035 animo
1397 991 1701 1048 decertabant,

309 1081 355 1114 ut
381 1069 552 1114 nullum
583 1070 702 1114 aliud
728 1081 898 1132 tempus
927 1071 981 1115 ad
1000 1071 1250 1115 conandum
1279 1071 1470 1115 habituri
1500 1072 1699 1116 videren—

309 1162 406 1207 tur,
434 1161 475 1195 et
496 1152 658 1212 quibus
684 1153 727 1195 in
754 1169 902 1213 pugna
931 1154 1030 1195 vitae
1058 1150 1305 1212 periculum
1334 1152 1576 1208 accideret,
1615 1170 1702 1197 non

308 1234 366 1276 ita
393 1232 532 1277 multo
558 1250 602 1278 se
626 1233 898 1295 reliquorum
925 1235 1084 1278 civium
1110 1233 1246 1277 fatum
1275 1233 1530 1278 antecedere
1555 1234 1704 1278 existi-

309 1325 501 1365 marcilt,
542 1315 724 1375 quibus,
755 1316 861 1359 urbe
891 1326 1036 1377 capta,
1070 1316 1220 1360 eadem
1249 1325 1359 1360 esset
1387 1314 1488 1360 belli
1527 1316 1703 1360 fortuna

308 1395 526 1456 patienda.
559 1396 849 1457 Diductisque
874 1399 1032 1441 nostris
1061 1397 1270 1458 paulatim
1297 1398 1505 1453 navibus,
1530 1407 1571 1441 et
1598 1399 1703 1442 arti-

306 1476 405 1520 ficio
431 1477 778 1538 gubernatorum
803 1477 1035 1522 mobilitati
1059 1479 1236 1522 navium
1258 1477 1377 1523 locus
1407 1478 1607 1535 dabatur,
1635 1488 1702 1532 et,

307 1558 340 1600 si
372 1558 550 1618 quando
580 1560 718 1602 nostri
743 1558 990 1603 facultatem
1019 1561 1158 1616 nacti,
1187 1559 1336 1604 ferreis
1360 1560 1562 1603 manibus
1591 1560 1699 1620 inje-

307 1639 410 1694 ctis,
436 1656 590 1683 navem
609 1638 920 1700 religaverant,
951 1639 1143 1701 undique
1170 1642 1257 1684 suis
1282 1640 1584 1684 laborantibus
1609 1657 1703 1685 suc-

309 1720 561 1763 currebant.
602 1721 758 1780 Neque
795 1737 896 1763 vero
934 1721 1160 1780 conjuncti
1194 1720 1357 1765 Albicis
1392 1722 1591 1765 cominus
1619 1738 1701 1782 pu—

309 1801 484 1861 gnando
509 1800 793 1855 deficiebaiit3
820 1818 960 1861 neque
985 1801 1173 1846 multum
1200 1801 1415 1846 cedebant
1443 1803 1605 1846 virtute
1623 1820 1702 1847 no—

308 1883 406 1926 stris
436 1899 444 1925 :
482 1881 610 1925 simul
640 1898 691 1925 ex
733 1883 978 1926 minoribus
1015 1882 1198 1926 navibus
1237 1899 1396 1943 magna
1431 1884 1492 1927 vis
1531 1885 1702 1927 eminus

311 1964 437 2007 inissa
463 1962 672 2019 telorum,
704 1962 843 2007 multa
870 1965 1030 2008 nostris
1059 1964 1112 2007 de
1143 1965 1383 2025 improviso
1410 1964 1703 2026 imprudenti·

309 2045 388 2089 bus
416 2055 546 2105 atque
582 2044 802 2106 impeditis
833 2044 1013 2089 vulnera
1041 2046 1285 2090 inferebant
1312 2063 1320 2088 :
1350 2046 1703 2107 conspicataeque

311 2141 442 2169 naves
464 2126 661 2169 triremes
689 2125 786 2168 duae
811 2142 967 2169 navem
990 2129 1045 2171 D.
1070 2129 1220 2182 Bruti,
1248 2143 1344 2187 quae
1370 2144 1420 2171 ex
1450 2128 1608 2188 insigni
1639 2127 1701 2171 fa-

309 2205 389 2250 cile
413 2208 591 2268 agnosci
617 2217 811 2267 poterat,
832 2206 1003 2251 duabus
1027 2225 1077 2251 ex
1101 2208 1298 2269 partibus
1323 2225 1414 2252 sese
1437 2209 1480 2252 in
1511 2224 1606 2252 eam
1635 2209 1701 2251 in-

309 2289 579 2342 citaverant3
620 2288 694 2332 sed
725 2298 920 2344 tantum,
961 2305 1006 2332 re
1037 2290 1237 2349 provisa,
1278 2291 1438 2333 Brutus
1477 2288 1700 2333 celeritate

312 2371 431 2414 navis
469 2370 614 2413 enisus
653 2380 743 2425 est,
770 2378 819 2412 ut
858 2386 994 2430 parvo
1031 2379 1253 2413 momento
1288 2368 1579 2413 antecederet.
1610 2366 1702 2412 lllae

312 2452 418 2495 adeo
436 2453 626 2512 graviter
646 2453 760 2495 inter
778 2467 821 2494 se
846 2451 1033 2495 incitatae
1058 2451 1375 2507 conflixerunt,
1398 2460 1443 2494 ut
1467 2450 1703 2493 veliemen-

312 2534 473 2577 tissime
489 2542 684 2593 utraeque
700 2550 751 2576 ex
767 2548 985 2576 concursu
1005 2531 1275 2588 laborarent,
1292 2531 1427 2575 altera
1443 2548 1545 2574 vero
1556 2565 1566 2582 ‚
1590 2547 1701 2591 prae-

311 2624 441 2674 rupto
457 2624 623 2669 rostro,
641 2624 730 2659 tota
750 2613 1055 2658 collabefierct.
1084 2618 1243 2672 Quare
1258 2612 1579 2669 animadversa,
1602 2629 1628 2673 q
1638 2630 1700 2657 uae
