1972 3356
508 200 574 235 DE
603 200 766 235 BELLo
799 199 1022 235 GALLlco
1052 199 1197 233 LIB.1.
1508 197 1550 232 ,5
1602 187 1607 198 ·‘

149 286 225 346 qui
254 284 315 328 rei
350 284 552 327 militaris
582 284 873 345 peritissimus
903 283 1174 337 habebatur,
1204 291 1247 325 et
1277 282 1321 324 in
1355 282 1550 326 exercitu

149 368 200 410 L.
233 364 385 421 Sullae,
428 375 469 409 et
499 375 650 426 postea
680 366 724 408 in
756 367 819 409 M.
851 364 999 409 Crassi
1031 363 1196 416 fuerat,
1224 379 1324 406 cum
1353 361 1552 423 explora-

151 447 321 490 toribus
342 446 639 506 praemittitur.

215 529 360 571 XXII.
388 527 538 570 Prima
566 524 683 580 luce,
708 541 846 585 quum
869 541 1068 568 summus
1094 541 1221 568 mons
1239 541 1263 568 a
1282 526 1331 568 T.
1354 524 1553 568 Labieno

150 617 394 662 teneretur,
425 607 516 666 ipse
552 606 606 648 ab
632 606 826 648 hostium
857 605 1011 648 castris
1038 621 1128 648 non
1156 603 1332 665 longius
1367 603 1488 648 mille
1511 615 1555 648 et

148 686 401 749 quingentis
421 686 622 747 passibus
643 686 832 741 abesset,
858 701 1002 746 neque
1017 720 1028 738 ,
1049 694 1098 728 ut
1123 694 1273 746 postea
1295 702 1347 728 ex
1369 686 1554 746 captivis

147 768 384 829 comperit,
423 776 500 811 aut
535 767 673 828 ipsius
712 765 948 821 adventus,
986 775 1061 809 aut
1101 765 1309 823 Labieni,
1351 766 1554 827 cognitus

147 858 277 905 esset,
308 848 563 904 Considius,
598 864 713 908 equo
748 847 961 902 admisso,
988 846 1044 890 ad
1074 863 1175 890 eum
1207 846 1417 902 accurrit3
1447 847 1555 892 dicit

147 940 364 977 montem,
388 945 521 990 quem
541 946 565 972 a
583 928 785 972 Labieno
806 928 1015 988 occupari
1035 926 1250 983 voluerit,
1275 928 1329 971 ab
1352 927 1554 973 hostibus

147 1012 312 1067 teneri3
350 1011 394 1054 id
424 1028 468 1055 se
498 1027 522 1054 a
557 1009 737 1054 Gallicis
776 1010 909 1053 armis
940 1018 1072 1070 atque
1105 1008 1352 1070 insignibus
1390 1026 1555 1070 cogno-

148 1093 273 1136 visse.
303 1094 450 1136 Caesar
478 1108 578 1135 suas
602 1091 751 1152 copias
782 1091 826 1133 in
850 1091 1104 1151 proximum
1133 1088 1292 1134 collem
1321 1089 1554 1142 subducit;

147 1173 286 1216 aciem
320 1172 514 1216 instruit.
548 1171 789 1224 Labienus,
822 1180 872 1214 ut
907 1180 1002 1214 erat
1033 1171 1073 1214 ei
1109 1180 1379 1232 praeceptum
1406 1187 1430 1214 a
1461 1173 1556 1216 Cae-

147 1270 262 1309 sare,
291 1270 346 1296 ne
374 1252 581 1313 proelium
609 1252 930 1307 committeret,
960 1251 1044 1294 nisi
1071 1251 1210 1311 ipsius
1246 1251 1383 1311 copiae
1416 1268 1555 1312 prope

148 1334 343 1378 hostium
372 1343 515 1377 castra
542 1333 643 1376 visae
667 1341 830 1387 essent,
860 1341 908 1374 ut
938 1331 1135 1391 undique
1162 1349 1253 1374 uno
1281 1341 1483 1391 tempore
1509 1332 1556 1375 in

147 1415 292 1459 hostes
317 1416 508 1475 impetus
531 1413 657 1457 fieret
673 1447 684 1469 ,
708 1421 860 1456 monte
885 1421 1103 1472 occupato
1126 1421 1303 1456 nostros
1327 1421 1556 1473 exspecta-

145 1497 240 1553 bat,
278 1494 523 1557 proelioque
557 1493 819 1538 abstinebat.
850 1491 998 1536 Multo
1038 1491 1230 1553 denique
1267 1492 1338 1536 die
1373 1509 1453 1553 per
1485 1509 1557 1536 ex-

145 1576 391 1638 ploratores
420 1579 565 1622 Caesar
590 1576 819 1638 cognovit,
848 1585 892 1619 et
924 1585 1124 1620 montem
1154 1592 1179 1618 a
1202 1576 1291 1619 suis
1320 1576 1481 1632 teneri,
1511 1586 1557 1620 et

144 1657 371 1703 Helvetios
402 1668 546 1702 castra
570 1657 779 1713 movisse,
813 1667 856 1701 et
886 1656 1172 1713 Considium,
1201 1657 1362 1700 timore
1388 1666 1556 1717 perter-

145 1740 302 1797 ritum,
330 1739 450 1801 quod
479 1756 569 1783 non
599 1739 802 1794 vidisset,
833 1755 915 1800 pro
939 1739 1033 1782 viso
1062 1738 1144 1782 sibi
1168 1738 1464 1782 renunciasse.
1490 1739 1555 1782 Eo

146 1820 236 1877 die,
264 1838 352 1882 quo
381 1830 617 1864 consuerat
645 1819 900 1875 intervallo,
929 1819 1078 1863 hostes
1105 1819 1323 1879 sequitur,
1348 1828 1392 1862 et
1416 1817 1556 1862 millia

146 1888 352 1961 passuum
378 1902 463 1945 tria
487 1901 541 1944 ab
566 1917 721 1944 eorum
747 1900 900 1943 castris
922 1909 1065 1943 castra
1087 1900 1226 1959 ponit.

211 1984 382 2026 XXIII.
412 1981 633 2025 Postridie
657 1982 750 2041 ejus
781 1980 867 2024 diei
891 1979 1041 2041 (quod
1065 1981 1249 2024 omnino
1272 1980 1459 2024 biduum
1480 1997 1556 2024 su-

149 2073 343 2124 pererat,
371 2079 511 2124 quum
538 2063 735 2106 exercitu
764 2062 1041 2106 frumentum
1066 2062 1214 2105 metiri
1239 2070 1485 2122 oporteret,
1511 2071 1556 2105 et

148 2144 268 2205 quod
302 2161 326 2188 a
360 2145 584 2200 Bibracte,
622 2144 787 2205 oppido
824 2143 1069 2188 AEduorum
1109 2142 1240 2205 longe
1275 2143 1469 2187 maximo
1503 2158 1554 2187 ac

146 2226 470 2286 copiosissimo,
506 2241 594 2269 non
624 2224 814 2287 amplius
843 2224 1040 2269 millibus
1073 2241 1284 2285 passuum
1308 2240 1423 2268 xvnl
1456 2224 1556 2269 abe-

146 2306 257 2367 rat),
284 2307 345 2350 rei
370 2306 669 2351 frumentariae
691 2306 1049 2368 prospiciendum
1075 2306 1368 2359 existimavit,
1396 2306 1478 2349 iter
1499 2306 1552 2349 ab

146 2387 362 2431 Helvetiis
394 2389 574 2445 avertit,
598 2405 647 2432 ac
676 2388 881 2432 Bibracte
911 2388 974 2432 ire
1009 2387 1253 2444 contendit.
1284 2389 1347 2431 Ea
1377 2403 1445 2430 res
1476 2403 1554 2447 per

148 2468 357 2529 fugitivos
384 2471 433 2512 L.
460 2468 645 2525 AEmilii,
675 2469 927 2514 decurionis
951 2469 1152 2530 equitum
1176 2467 1434 2523 Gallorum,
1459 2468 1552 2511 lios-

151 2549 267 2593 tibus
303 2551 556 2594 nunciatur.
596 2549 808 2607 Helvetii,
841 2567 915 2594 seu
946 2550 1067 2611 quod
1101 2550 1259 2592 timore
1294 2549 1552 2609 perterritos

149 2631 374 2673 Romanos
414 2630 639 2674 discedere
672 2646 697 2672 a
727 2647 770 2673 se
801 2631 1128 2686 existimarent,
1158 2646 1209 2672 eo
1242 2629 1401 2689 magis,
1432 2627 1551 2688 quod
