1972 3356
336 169 405 207 152
523 174 562 208 C.
594 172 727 208 JULII
756 172 979 207 CAESARIS
1008 173 1500 211 COMMENTARIORUM

331 257 366 299 si
394 271 525 299 nemo
552 263 799 315 premeret,
828 253 1136 299 Macedoniam
1165 265 1314 300 tenere
1349 268 1599 316 conaretur,
1630 263 1721 306 exi-

329 335 499 379 stimari
516 350 604 378 non
618 343 807 396 poterat.
822 336 922 396 Ipse
937 333 992 378 ad
1010 335 1249 380 anchoram
1266 353 1352 380 una
1365 346 1494 382 nocte
1505 341 1722 399 constitit,

331 424 374 459 et
399 415 565 459 vocatis
585 414 640 459 ad
665 431 710 460 se
729 414 985 478 Amphipoli
1011 416 1281 477 hospitibus,
1308 426 1349 461 et
1372 419 1558 480 pecunia
1580 419 1635 464 ad
1655 438 1724 465 ne-

328 497 538 541 cessarios
564 507 768 558 sumptus
800 507 1031 559 corrogata
1048 533 1059 553 ‚
1090 499 1269 560 cognito
1295 499 1477 543 Caesaris
1503 498 1692 546 adventu
1711 537 1722 558 ,

328 595 379 622 ex
403 595 455 624 eo
475 576 575 624 loco
589 578 808 634 discessit,
828 589 870 624 et
885 577 1120 641 Mytilenas
1145 580 1296 642 paucis
1317 579 1470 626 diebus
1495 582 1630 627 venit.
1658 584 1724 627 Bi-

327 659 466 704 duum
497 670 754 722 tempestate
785 670 1006 717 retentus,
1031 661 1307 722 navibusque
1333 660 1428 705 aliis
1460 661 1620 708 additis
1649 680 1720 708 ac-

327 741 509 799 tuariis,
538 742 583 786 in
625 741 826 788 Ciliciam
861 752 992 803 atque
1032 741 1132 786 inde
1161 744 1355 804 Cyprum
1399 745 1611 804 pervenit.
1655 745 1721 790 Ibi

326 823 578 884 cognoscit,
601 840 818 868 consensu
847 823 1047 867 omnium
1079 822 1442 868 Antiochensium
1469 826 1722 887 civiumque

325 919 613 948 romanorum
630 939 641 960 ,
659 905 734 966 qui
755 902 843 948 illic
865 905 1214 965 negotiarentur,
1239 920 1384 949 arcem
1408 914 1581 967 captam
1605 924 1719 962 esse,

324 982 585 1029 excludendi
620 986 687 1029 sui
721 1001 849 1029 causa
867 1019 878 1039 ‚
907 986 1177 1046 nuntiosque
1205 983 1407 1030 dimissos
1434 985 1487 1030 ad
1515 1003 1613 1044 eos,
1643 990 1718 1049 qui

324 1081 369 1108 se
396 1081 449 1109 ex
470 1064 576 1127 fuga
602 1067 646 1110 in
670 1065 879 1110 finitimas
901 1066 1098 1109 civitates
1124 1067 1340 1126 recepisse
1369 1065 1637 1122 dicerentur,
1664 1086 1717 1114 ne

321 1146 603 1191 Antiochiam
631 1145 805 1192 adirent
835 1164 844 1190 :
875 1146 918 1190 id
947 1147 981 1191 si
1011 1146 1243 1199 fecissent,
1273 1163 1435 1209 magno
1465 1164 1621 1192 eorum
1645 1166 1719 1194 ca·

321 1227 427 1287 pitis
459 1227 654 1288 periculo
683 1228 897 1272 futurum.
921 1226 1042 1271 Idem
1067 1228 1150 1272 hoc
1173 1230 1221 1272 L.
1249 1227 1438 1273 Lentulo
1454 1265 1465 1284 ‚
1494 1231 1570 1290 qui
1594 1247 1720 1292 supe-

321 1308 437 1351 riore
470 1325 587 1353 anno
623 1309 777 1354 consul
812 1309 978 1365 fuerat,
1012 1319 1054 1353 ct
1087 1311 1132 1353 P.
1165 1308 1353 1353 Lentulo
1389 1309 1634 1365 consulari,
1668 1328 1718 1356 ac

321 1389 546 1434 nonnullis
569 1390 664 1435 aliis
685 1390 907 1436 acciderat
930 1389 1077 1436 Rhodi
1102 1408 1110 1433 :
1139 1407 1239 1434 nam
1265 1391 1517 1452 quicunque
1538 1408 1590 1436 ex
1615 1392 1718 1455 fuga

320 1470 578 1530 Pompeium
600 1482 905 1532 sequerentur,
934 1481 1064 1531 atque
1092 1472 1135 1514 in
1163 1470 1349 1515 insulam
1377 1473 1618 1529 venissent,
1645 1490 1720 1535 op-

319 1549 424 1609 pido
454 1567 504 1595 ac
532 1561 665 1612 portu
690 1553 854 1614 recepti
885 1569 972 1596 non
1001 1561 1127 1596 erant
1149 1569 1157 1594 :
1181 1552 1410 1613 missisque
1436 1552 1491 1597 ad
1516 1569 1589 1598 eos
1611 1571 1718 1598 nun-

319 1630 415 1687 tiis,
439 1640 486 1675 ut
510 1633 630 1676 exiis
652 1631 757 1677 locis
778 1632 1074 1689 discederent,
1101 1641 1255 1676 contra
1287 1631 1560 1679 voluntatem
1587 1651 1713 1679 suam

319 1726 450 1755 naves
485 1712 722 1757 solverunt.
754 1716 940 1774 Jamque
973 1712 1026 1755 de
1056 1714 1241 1757 Caesaris
1277 1712 1470 1757 adventu
1513 1713 1625 1759 fama
1660 1714 1715 1759 ad

317 1792 513 1836 civitates
543 1793 856 1854 perferebatur.

381 1873 501 1917 CIII.
529 1874 704 1931 Quibus
730 1875 919 1936 cognitis
945 1874 1073 1918 rebus
1091 1909 1102 1931 ,
1128 1876 1387 1936 Pompeius,
1420 1874 1621 1937 deposito
1643 1875 1714 1921 ad-

316 1953 471 1998 eundae
499 1955 633 2016 Syriae
670 1954 882 2012 consilio,
919 1956 1106 2016 pecunia
1140 1957 1358 2001 societatis
1388 1955 1586 2012 sublata,
1615 1967 1660 2001 et
1687 1975 1711 2002 a

315 2035 579 2095 quibusdam
601 2038 783 2098 privatis
806 2047 980 2098 sumpta
996 2073 1006 2092 ‚
1032 2038 1127 2081 aeris
1149 2054 1310 2099 magno
1336 2037 1530 2099 pondere
1551 2037 1606 2082 ad
1631 2039 1711 2082 mi-

315 2115 488 2161 litarem
524 2133 653 2161 usum
688 2119 730 2161 in
770 2133 902 2162 naves
941 2118 1173 2180 imposito,
1213 2117 1474 2180 duobusque
1514 2117 1708 2164 millibus

315 2196 546 2243 hominum
581 2200 786 2256 armatis,
815 2200 975 2261 partim
1008 2216 1118 2260 quos
1155 2215 1208 2244 ex
1245 2198 1418 2244 familiis
1447 2201 1708 2245 societatum

315 2276 563 2340 delegerat,
591 2280 752 2341 partim
773 2297 797 2324 a
824 2281 1172 2342 negotiatoribus
1194 2290 1420 2342 coegerat,
1442 2297 1639 2342 quosque
1655 2297 1708 2325 ex

313 2359 401 2403 suis
422 2360 608 2422 quisque
632 2361 687 2405 ad
708 2361 822 2406 hanc
843 2377 931 2406 rem
960 2361 1140 2406 idoneos
1163 2361 1462 2416 existimabat,
1482 2360 1707 2407 Pelusium

314 2440 529 2498 pervenit.
556 2440 622 2485 Ibi
647 2458 749 2486 casu
780 2457 854 2486 rex
881 2451 975 2486 erat
1002 2441 1282 2498 Ptolemaeus,
1305 2458 1417 2503 puer
1438 2450 1588 2497 aetate,
1617 2457 1708 2485 ma-

314 2520 411 2580 gnis
431 2522 592 2583 copiis,
617 2539 717 2567 cum
742 2538 892 2567 sorore
914 2520 1151 2584 Cleopatra
1173 2538 1328 2585 gerens
1355 2520 1543 2578 bellum;
1572 2538 1705 2583 quam

314 2602 464 2660 paucis
489 2612 589 2647 ante
614 2603 837 2647 mensibus
864 2619 941 2664 per
966 2620 1066 2648 suos
1090 2604 1362 2665 propinquos
1382 2611 1515 2661 atque
1542 2603 1706 2648 amicos
