1972 3356
323 292 394 329 152
530 296 568 330 C.
601 294 727 329 JULII
759 293 976 332 CAESARIS
1007 294 1491 331 COMMENTARIORUM

320 378 364 422 in
388 377 710 440 longitudinem
731 378 897 440 patet),
917 382 965 424 L.
991 380 1240 423 Minucium
1253 378 1448 423 Basilum
1466 396 1566 423 cum
1591 383 1710 426 omni

319 458 517 518 equitatu
545 460 792 520 praemittit,
825 461 859 504 si
886 460 994 520 quid
1023 459 1246 505 celeritate
1278 460 1447 504 itineris
1469 469 1600 520 atque
1634 478 1712 522 op-

319 539 594 599 portunitate
628 541 840 602 temporis
873 541 1088 602 proficere
1115 543 1253 603 possit
1283 559 1292 586 :
1324 552 1476 586 monet
1506 551 1555 586 ut
1589 542 1712 604 ignes

319 617 414 662 fieri
445 619 491 663 in
527 621 678 665 castris
716 622 967 683 prohibeat,
998 639 1053 666 ne
1083 639 1169 684 qua
1196 623 1288 684 ejus
1317 622 1529 667 adventus
1558 621 1711 683 procul

319 699 584 761 significatio
608 701 684 746 fiat
710 719 718 745 :
746 719 836 747 sese
861 703 1092 747 confestim
1116 704 1324 764 subsequi
1350 703 1470 747 dicit.

383 782 527 824 XXX.
571 780 763 840 Basilus,
804 793 854 827 ut
892 784 1158 845 imperatum
1192 794 1281 841 est,
1320 784 1424 828 facit
1464 801 1472 827 :
1512 782 1716 827 celeriter

319 869 563 921 contraque
598 864 796 906 omnium
830 864 1086 925 opinionem
1114 864 1314 909 confecto
1344 865 1521 921 itinere,
1552 863 1715 908 multos

320 940 365 983 in
393 942 510 1002 agris
538 944 819 1004 inopinantes
847 944 1163 1006 deprehenditz,
1188 962 1341 989 eorum
1372 944 1535 989 indicio
1571 945 1626 989 ad
1653 945 1717 1005 ip-

320 1037 418 1065 sum
454 1022 757 1084 Ambiorigem
793 1025 1040 1082 contendit,
1072 1042 1160 1086 quo
1202 1027 1246 1069 in
1285 1024 1383 1069 loco
1429 1042 1529 1069 cum
1566 1026 1716 1086 paucis

321 1102 541 1162 equitibus
569 1119 660 1146 esse
686 1103 930 1148 dicebatur.
958 1104 1154 1149 Multum
1181 1122 1319 1166 quum
1346 1107 1390 1149 in
1415 1105 1620 1150 omnibus
1647 1122 1717 1148 re-

320 1182 424 1239 bus,
455 1192 548 1227 tum
569 1184 614 1227 in
635 1201 682 1228 re
705 1183 885 1229 militari
908 1196 1052 1247 potest
1075 1186 1264 1231 fortuna.
1291 1188 1406 1232 Nam
1427 1187 1539 1231 sieut
1555 1202 1717 1247 magno

320 1262 481 1308 accidit
515 1281 641 1320 casu,
684 1275 734 1309 ut
770 1267 815 1310 in
851 1267 996 1327 ipsum
1035 1268 1263 1312 incautum
1297 1277 1429 1328 atque
1468 1267 1600 1311 etiam
1636 1267 1718 1309 im-

320 1355 525 1406 paratum
563 1346 799 1403 incideret,
826 1349 1038 1409 priusque
1067 1350 1160 1410 ejus
1197 1348 1413 1392 adventus
1442 1348 1496 1392 ab
1531 1346 1720 1392 homini-

321 1426 402 1470 bus
417 1426 642 1470 videretur
657 1463 668 1484 ,
682 1444 814 1488 quam
824 1428 940 1472 fama
955 1445 1004 1472 ac
1017 1430 1184 1473 nuntiis
1198 1429 1432 1473 afferretur
1449 1463 1460 1484 ,
1476 1429 1538 1472 sic
1551 1443 1720 1488 magnae

322 1505 406 1550 fuit
440 1505 646 1563 fortunae,
682 1509 806 1551 omni
839 1508 1021 1553 militari
1049 1510 1365 1565 instrumento,
1398 1508 1517 1570 quod
1551 1509 1718 1554 circum

325 1603 369 1630 se
399 1586 608 1643 habebat,
643 1598 816 1649 erept0‚
850 1589 999 1634 rhedis
1036 1591 1247 1651 equisque
1276 1590 1629 1650 comprehensis,
1658 1589 1719 1649 ip-

324 1683 421 1711 sum
459 1667 654 1730 effugere
684 1679 886 1714 mortem.
922 1669 1008 1714 Sed
1044 1670 1130 1722 hoc
1162 1687 1213 1714 eo
1252 1670 1416 1714 factum
1452 1680 1535 1726 est,
1578 1669 1718 1729 quod,

323 1747 507 1792 aedificio
537 1749 808 1794 circumdato
838 1749 946 1794 silva
969 1750 1040 1802 (ut
1068 1761 1171 1795 sunt
1200 1751 1288 1795 fere
1317 1749 1538 1794 domicilia
1567 1749 1720 1794 Gallo-

324 1845 448 1886 rum,
480 1830 575 1890 qui,
603 1830 772 1874 vitandi
799 1842 927 1875 aestus
961 1848 1112 1887 causa,
1146 1830 1406 1892 plerumque
1436 1829 1646 1874 silvarum
1673 1848 1722 1874 ac

325 1909 559 1954 fluminum
587 1921 743 1972 petunt
769 1912 1162 1973 propinquitates),
1190 1913 1372 1956 comites
1401 1910 1721 1972 familiaresque

325 1991 419 2051 ejus
447 2001 634 2052 angusto
668 1993 713 2035 in
746 1991 843 2037 loco
875 1992 1099 2054 paulisper
1121 1994 1320 2054 equitum
1350 2003 1604 2037 nostrorum
1632 1992 1722 2035 vim

325 2073 645 2118 sustinuerunt.
678 2075 756 2118 His
780 2075 1101 2136 pugnantibus,
1125 2074 1249 2117 illum
1278 2076 1322 2117 in
1347 2090 1510 2134 equum
1542 2072 1721 2134 quidam

328 2171 383 2198 ex
406 2155 495 2199 suis
520 2154 673 2199 intulit
694 2173 702 2198 :
728 2155 972 2217 fugientem
993 2155 1112 2199 silvae
1132 2165 1350 2199 texerunt.
1372 2156 1445 2199 Sic
1468 2165 1511 2198 et
1540 2154 1594 2198 ad
1621 2154 1722 2198 sub-

328 2235 524 2279 eundum
561 2235 836 2296 periculum,
868 2247 912 2280 et
942 2237 997 2280 ad
1032 2235 1286 2292 vitandum,
1317 2235 1508 2279 multum
1545 2235 1721 2279 fortuna

329 2315 478 2360 valuit.

393 2399 560 2443 XXXI.
583 2400 813 2443 Ambiorix
836 2401 983 2460 copias
1010 2417 1108 2444 suas
1135 2399 1361 2460 judicione
1387 2415 1473 2442 non
1501 2395 1724 2440 conduxe-

332 2479 406 2535 rit,
421 2478 541 2539 quod
555 2478 712 2540 proelio
728 2480 1031 2524 dimicandum
1049 2498 1137 2524 non
1154 2480 1433 2535 existimarit,
1449 2495 1504 2521 au
1526 2487 1723 2536 tempore

333 2558 549 2616 exclusus,
579 2570 621 2603 et
650 2563 882 2621 repentino
909 2562 1108 2622 equitum
1134 2561 1326 2605 adventu
1352 2558 1602 2620 prohibitus
1630 2557 1723 2600 fuc-

335 2638 409 2691 rit,
429 2656 566 2698 quum
580 2640 800 2701 reliquum
821 2643 1063 2685 exercitum
1083 2643 1289 2700 subsequi
1307 2639 1523 2692 crederet,
1541 2638 1723 2681 dubium

340 2728 424 2761 est:
442 2719 516 2762 sed
529 2732 665 2778 certe,
687 2722 798 2766 clam
823 2723 1012 2767 dimissis
1030 2741 1106 2784 per
1126 2740 1252 2783 agros
1274 2722 1462 2771 nuntiis,
1479 2720 1560 2763 sibi
1575 2735 1726 2780 quem-
