1972 3356
324 288 373 321 80
531 286 569 319 C.
601 285 728 320 JULIl
761 286 978 321 CAESARIS
1007 286 1493 323 COMMENTARIORUM

324 368 610 422 transierunt,
641 376 795 427 atque,
825 368 1031 412 omuibus
1060 385 1211 413 eorum
1242 369 1436 413 aedificiis
1463 369 1706 429 occupatis,

323 445 533 506 reliquam
555 455 724 507 partem
742 447 897 491 hiemis
915 465 958 491 se
975 465 1129 492 eorum
1154 449 1290 510 copiis
1310 448 1528 493 aluerunt.

386 528 439 570 V.
473 527 549 570 His
576 526 629 570 de
652 527 782 571 rebus
807 529 950 573 Caesar
975 529 1136 572 certior
1159 528 1318 584 factus,
1343 539 1385 573 et
1409 528 1706 575 infirmitatem

321 604 552 651 Gallorum
582 608 770 664 veritus,
798 608 918 668 quod
943 618 1046 653 sunt
1072 611 1117 653 in
1145 608 1339 653 consiliis
1367 609 1589 670 capiendis
1619 626 1709 653 mo-

320 684 446 740 biles,
476 696 518 730 et
539 688 663 731 novis
690 686 950 749 plerumque
973 689 1103 733 rebus
1131 689 1331 745 student,
1362 687 1469 732 nihil
1500 689 1566 732 his
1590 705 1708 732 com-

320 766 585 811 mittendum
621 768 896 812 existimavit.
933 771 1009 813 Est
1037 779 1184 813 autem
1219 769 1303 813 hoc
1332 767 1499 830 gallicae
1531 785 1708 812 consue-

319 846 503 903 tudinis,
532 849 596 891 uti
615 857 657 891 et
671 851 884 903 viatores,
906 849 1038 892 etiam
1063 850 1242 905 invitos,
1266 850 1502 893 consistere
1526 858 1706 910 cogant,

319 935 382 978 et,
402 927 520 987 quod
540 929 723 989 quisque
743 945 896 972 eorum
917 928 970 972 de
988 945 1162 990 quaque
1182 947 1228 972 re
1246 929 1435 973 audierit
1452 939 1525 972 aut
1547 945 1707 990 cogno-

319 1007 451 1063 verit,
475 1018 689 1068 quaerant,
714 1019 757 1053 et
779 1019 1042 1053 mercatores
1066 1010 1111 1052 in
1140 1008 1312 1070 oppidis
1341 1007 1497 1069 vulgus
1520 1010 1707 1053 circum-

318 1090 462 1144 sistat,
487 1088 733 1149 quibusque
757 1105 808 1132 ex
835 1089 1087 1150 regionibus
1115 1090 1314 1145 veniant,
1340 1105 1534 1149 quasque
1557 1089 1616 1132 ibi
1640 1105 1707 1133 res

318 1169 627 1228 cognoverint,
656 1171 949 1230 pronunciare
978 1179 1150 1230 cogant.
1183 1169 1261 1212 His
1294 1169 1545 1212 rumoribus
1575 1178 1705 1229 atque

315 1248 616 1293 auditionibus
653 1251 862 1310 permoti,
901 1250 955 1293 de
994 1250 1176 1293 summis
1214 1265 1324 1310 saepe
1360 1249 1490 1292 rebus
1525 1248 1705 1292 consilia

316 1329 488 1384 ineunt,
508 1346 698 1390 quorum
717 1346 789 1374 605
808 1347 830 1374 6
844 1330 1028 1391 vestigio
1046 1331 1260 1390 poenitere
1276 1344 1449 1374 necesse
1464 1338 1548 1383 est,
1572 1343 1705 1387 quum

316 1409 493 1452 incertis
521 1410 774 1453 rumoribus
807 1411 1020 1465 serviant,
1050 1419 1092 1453 et
1123 1408 1320 1470 plerique
1348 1408 1401 1452 ad
1432 1407 1703 1453 voluntatem

314 1504 467 1532 eorum
492 1487 593 1533 ficta
616 1489 921 1550 respondeant.
1617 1479 1624 1489 Ι

378 1570 456 1612 VI.
473 1571 576 1627 Qua
590 1570 908 1614 consuetudine
923 1572 1120 1632 cognita,
1134 1572 1301 1627 Caesar,
1317 1588 1371 1615 ne
1385 1572 1576 1633 graviori
1590 1571 1706 1616 bello

314 1660 589 1705 occurreret,
626 1651 867 1707 maturius,
908 1668 1040 1711 quam
1082 1662 1337 1709 consuerat,
1374 1652 1429 1695 ad
1463 1653 1704 1696 exercitum

314 1728 618 1789 proficiscitur.
643 1733 706 1774 Eo
730 1748 866 1791 quum
894 1733 1103 1787 venisset,
1127 1749 1196 1785 ea,
1223 1749 1318 1792 quae
1341 1732 1433 1776 fore
1458 1733 1705 1793 suspicatus

313 1819 429 1866 erat,
459 1810 571 1854 facta
599 1813 827 1872 cognovit3
852 1813 1004 1855 missas
1034 1811 1274 1874 legationes
1297 1830 1318 1856 a
1350 1812 1573 1856 nonnullis
1600 1813 1705 1856 civi-

315 1891 473 1934 tatibus
513 1892 568 1934 ad
607 1894 873 1947 Germanos,
911 1894 1205 1954 invitatosque
1251 1910 1343 1950 cos,
1381 1895 1443 1937 uti
1466 1893 1519 1937 ab
1548 1893 1704 1937 Rheno

313 1971 608 2028 discedere11t3
628 1973 884 2033 omniaque,
910 1990 1006 2033 quae
1032 1973 1344 2034 postulassent,
1369 1975 1422 2018 ab
1451 1991 1494 2018 se
1518 1974 1609 2018 fore
1632 1991 1704 2034 pa-

312 2062 418 2095 rata.
439 2054 536 2109 Qua
553 2069 628 2113 spe
648 2053 828 2098 adducti
847 2056 1061 2098 Germani
1086 2054 1215 2099 latius
1233 2056 1323 2116 jam
1351 2055 1638 2117 vagabantur,
1660 2065 1702 2099 et

314 2134 355 2175 in
378 2132 483 2177 fines
517 2134 777 2178 Eburonum
812 2146 854 2179 ct
887 2136 1243 2193 Condrusorum,
1276 2138 1350 2197 qui
1377 2147 1479 2180 sunt
1501 2137 1703 2181 Treviro-

313 2229 408 2256 rum
433 2212 636 2269 clientes,
662 2226 967 2276 pervenerant.
992 2218 1274 2279 Principibus
1313 2216 1468 2262 Galliae
1492 2218 1702 2272 evocatis,

313 2295 457 2337 Caesar
482 2310 552 2350 ea,
584 2311 678 2355 quae
710 2307 1000 2358 cognoverat,
1028 2297 1343 2342 dissimulanda
1372 2299 1455 2342 sibi
1483 2299 1701 2343 existima-

312 2374 395 2428 x>i.t;
430 2391 672 2435 eorumque
698 2377 855 2420 animis
885 2377 1116 2438 permulsis
1145 2389 1185 2422 ct
1216 2379 1504 2433 confirmatis,
1533 2380 1700 2438 equita-

315 2463 446 2514 tuque
467 2455 702 2515 imperato,
724 2456 888 2501 bellum
907 2475 1007 2502 cum
1026 2460 1261 2503 Germanis
1285 2476 1436 2521 gerere
1456 2459 1699 2503 constituit.

375 2537 472 2578 VII.
504 2538 567 2579 Re
594 2536 879 2582 frumentaria
913 2549 1188 2599 comparata,
1218 2540 1525 2600 equitibusque
1561 2538 1702 2583 delec-

313 2616 386 2670 tis,
404 2616 485 2658 itcr
509 2617 550 2659 in
571 2633 618 2660 ca
643 2616 735 2661 loca
758 2617 898 2662 facere
927 2621 1078 2680 coepit,
1101 2621 1260 2680 quibus
1286 2621 1328 2663 in
1352 2619 1457 2663 locis
1480 2636 1570 2664 esse
1588 2622 1699 2665 Ger-

313 2711 461 2740 manos
484 2697 702 2741 audiebat.
735 2700 773 2742 A
802 2699 962 2758 quibus
985 2716 1121 2760 quum
1145 2715 1387 2760 paucorum
1417 2699 1586 2745 dierum
1618 2702 1701 2746 iter
