1972 3356
576 254 643 289 DE
670 254 835 289 BELLO
864 251 1083 288 GALLICO
1114 251 1205 286 LIB.
1229 249 1273 282 V.
1556 259 1622 281 121

222 340 365 385 tuitur
396 356 560 394 sermo,
589 337 806 400 paulatim
838 338 1167 381 circumventus
1199 332 1479 379 interficitur.
1510 333 1625 375 Tum

223 437 328 465 vero
362 437 442 464 suo
473 437 596 464 more
626 419 861 463 victoriam
887 416 1198 469 conclamant,
1235 424 1368 476 atque
1404 412 1626 458 ululatum

223 499 410 557 tollunt3
436 502 695 562 impetuque
718 500 763 542 in
789 507 964 542 nostros
984 496 1120 553 facto,
1143 496 1319 540 ordines
1343 495 1623 557 perturbant.

222 582 290 626 Ibi
313 585 364 627 L.
387 584 518 627 Cotta
537 597 741 642 pugnans
764 577 1032 623 interficitur
1058 594 1160 621 cum
1181 577 1373 620 maxima
1397 586 1522 637 parte
1545 576 1628 619 mi-

224 662 367 707 litum.
387 660 565 723 Reliqui
588 677 633 705 se
652 661 698 704 in
719 669 859 704 castra
886 659 1126 720 recipiunt,
1146 656 1265 701 unde
1289 666 1416 700 erant
1440 656 1624 717 egressi:

223 761 276 788 ex
301 743 460 804 quibus
496 745 545 787 L.
575 741 848 786 Petrosidius
875 739 1101 801 aquilifer,
1127 755 1265 800 quum
1289 753 1451 798 magna
1475 736 1628 780 multi-

225 823 377 869 tudine
404 822 601 868 hostium
631 831 929 884 premeretur,
959 820 1154 882 aquilam
1186 821 1304 863 intra
1329 817 1494 862 vallum
1526 834 1630 878 pro·

219 906 348 967 jecit,
378 905 471 966 ipse
500 921 582 966 pro
608 905 761 948 castris
794 903 1030 947 fortissime
1058 917 1263 964 pugnans
1292 899 1524 944 occiditur.
1560 897 1631 942 Illi

222 1003 336 1048 aegre
370 986 426 1030 ad
460 995 637 1030 noctem
674 985 1054 1047 oppugnationem
1091 983 1313 1027 sustinent
1354 999 1362 1025 :
1403 991 1539 1026 noctu
1576 979 1632 1024 ad

224 1085 365 1114 unum
383 1085 560 1123 omnes,
580 1067 812 1128 desperata
832 1065 994 1121 salute,
1018 1082 1062 1110 se
1084 1065 1168 1127 ipsi
1189 1063 1478 1108 interficiunt.
1494 1062 1633 1106 Pauci

224 1167 277 1194 ex
300 1149 458 1212 proelio
485 1149 643 1211 elapsi,
667 1148 845 1193 incertis
871 1147 1102 1192 itineribus
1126 1163 1203 1209 per
1231 1145 1360 1191 silvas
1385 1144 1441 1189 ad
1468 1146 1518 1188 T.
1546 1146 1632 1188 La-

223 1233 407 1277 bienum
442 1232 640 1294 legatum
673 1232 718 1275 in
750 1231 936 1274 hiberna
966 1230 1255 1291 perveniunt,
1284 1237 1416 1289 atque
1446 1243 1548 1271 eum
1578 1225 1633 1268 de

224 1314 357 1358 rebus
386 1315 519 1376 gestis
547 1314 785 1357 certiorem
812 1312 995 1356 faciunt.

288 1397 544 1441 XXXVIII.
583 1397 678 1438 Hac
714 1394 902 1438 victoria
943 1392 1143 1437 sublatus
1183 1392 1445 1446 Ambiorix,
1484 1391 1634 1436 statim

225 1493 327 1522 cum
360 1477 563 1538 equitatu
596 1477 641 1520 in
678 1474 957 1531 Aduatucos,
983 1474 1060 1535 qui
1087 1482 1213 1517 erant
1243 1473 1337 1533 ejus
1365 1489 1502 1534 regno
1533 1472 1635 1516 fini-

224 1560 350 1617 timi,
373 1558 699 1621 proficiscitur3
727 1573 871 1617 neque
896 1566 1074 1600 noctem
1103 1571 1245 1616 neque
1271 1554 1387 1599 diem
1412 1554 1635 1598 intermit-

226 1641 307 1697 tit,
337 1639 674 1702 peditatumque
711 1655 755 1682 sc
787 1638 997 1699 subsequi
1029 1637 1170 1698 jubet.
1208 1639 1274 1681 Re
1303 1636 1634 1689 demonstrata,

227 1721 561 1783 Aduatucisque
592 1720 846 1775 concitatis,
875 1728 1054 1781 postero
1083 1719 1153 1763 die
1183 1720 1228 1763 in
1261 1719 1451 1763 Nervios
1478 1733 1635 1779 perve-

226 1803 318 1860 nit,
345 1803 662 1864 hortaturque,
688 1818 743 1846 ne
768 1803 835 1846 sui
860 1801 905 1845 in
934 1811 1202 1863 perpetuum
1231 1798 1475 1856 liberandi,
1503 1808 1638 1860 atque

226 1884 467 1929 ulciscendi
501 1887 746 1939 Romanos,
782 1899 864 1944 pro
898 1883 971 1938 iis,
999 1899 1107 1943 quas
1140 1882 1412 1943 acceperint,
1441 1881 1637 1942 injuriis,

227 1966 508 2009 occasionem
530 1964 786 2008 dimittant:
815 1963 1070 2007 interfectos
1093 1979 1186 2007 esse
1217 1961 1387 2024 legatos
1415 1962 1524 2016 duo,
1550 1978 1639 2005 ma-

229 2062 451 2107 gnamque
466 2055 639 2107 partem
656 2045 875 2090 exercitus
890 2045 1091 2089 interisse
1105 2043 1403 2099 demonstrat3
1419 2042 1530 2088 nihil
1545 2060 1638 2087 esse

229 2128 417 2190 negotii,
449 2127 597 2171 subito
622 2143 879 2188 oppressam
903 2125 1148 2188 legionem,
1172 2142 1271 2187 quae
1297 2142 1399 2169 cum
1421 2125 1639 2170 Cicerone

228 2210 416 2263 hiemet,
443 2207 662 2264 interfici3
690 2224 735 2252 se
758 2207 814 2251 ad
846 2224 942 2251 eam
976 2224 1071 2252 rem
1102 2207 1341 2269 profitetur
1368 2206 1635 2269 adjutorem.

228 2289 374 2335 Facile
401 2290 484 2334 hac
507 2290 709 2334 oratione
736 2290 912 2335 Nerviis
937 2288 1186 2351 persuadet.

293 2373 506 2417 XXXIX.
543 2374 724 2433 Itaque,
753 2371 986 2416 confestim
1015 2371 1206 2416 dimissis
1235 2372 1406 2416 nuntiis
1437 2371 1494 2415 ad
1520 2374 1638 2417 Ceu-

229 2455 417 2510 triones,
442 2452 663 2509 Grudios,
694 2455 913 2508 Levacos,
940 2451 1246 2509 Pleumoxios,
1276 2452 1533 2506 Geidunos,
1561 2453 1635 2513 qui

230 2552 385 2583 omnes
409 2535 489 2580 sub
519 2551 674 2579 eorum
703 2535 890 2596 imperio
917 2545 1042 2589 sunt,
1072 2551 1205 2595 quam
1239 2535 1454 2578 maximas
1481 2550 1640 2578 manus

231 2627 439 2680 possunt,
466 2626 660 2677 cogunt,
687 2624 729 2659 et
758 2616 812 2659 de
840 2617 1082 2677 improviso
1111 2616 1167 2659 ad
1194 2616 1423 2661 Ciceronis
1453 2615 1638 2659 hiberna

232 2698 468 2755 advolant,
500 2697 701 2742 nondum
734 2697 788 2741 ad
821 2714 921 2741 eum
947 2697 1063 2741 fama
1094 2696 1147 2741 de
1177 2698 1338 2741 Titurii
1368 2705 1510 2740 morte
1540 2712 1640 2758 per-
