1972 3356
585 231 652 267 DE
679 229 846 265 BELLo
876 229 1031 265 Civ1L1
1064 229 1156 264 [ΑΒ.
1189 229 1255 264 111.
1574 243 1618 278 91

232 333 302 361 sar
319 316 500 360 omnino
519 330 582 360 x11
601 331 732 359 naves
762 313 913 375 longas
941 312 1141 375 praesidio
1165 313 1378 372 duxisset,
1398 315 1441 358 in
1463 315 1623 376 quibus

232 406 359 441 crant
383 405 613 441 constratae
643 404 834 457 quatuor
862 412 871 438 :
905 410 1046 455 neque
1066 394 1249 440 Bibulus
1265 430 1277 451 ,
1299 393 1535 457 impeditus
1558 412 1626 440 na-

233 479 359 522 vibus
378 477 669 539 dispersisque
682 475 943 537 remigibuS‚
959 476 1061 520 satis
1084 485 1256 521 mature
1276 478 1489 532 occurrit,
1503 477 1624 539 quod

231 559 354 620 prius
376 557 430 603 ad
452 558 749 602 continentem
777 557 894 600 visus
919 564 984 599 est
1003 556 1164 612 Caesar,
1192 573 1325 617 quam
1353 557 1407 602 de
1431 558 1523 619 ejus
1548 558 1625 603 ad-

233 649 366 684 ventu
392 638 508 683 fama
536 637 718 681 omnino
747 637 791 681 in
814 652 884 680 eas
910 637 1110 697 regiones
1134 636 1415 698 perferretur.

298 721 419 764 VIII.
448 718 668 780 Expositis
692 716 925 772 militibus,
946 733 1077 761 naves
1103 716 1255 763 eadem
1283 729 1412 764 nocte
1436 720 1625 765 Brundi-

231 803 344 845 sium
371 815 395 843 a
421 800 594 844 Caesare
619 798 922 854 remittuntur,
952 808 1002 842 ut
1031 797 1208 859 reliquae
1238 798 1432 861 legiones
1455 802 1627 862 equita-

232 892 390 941 tusque
415 880 708 941 transportari
733 888 924 941 possent.
945 880 1060 923 Huic
1084 879 1231 925 officio
1250 881 1511 943 praepositus
1531 893 1626 927 erat

229 961 380 1006 Fufius
404 959 621 1018 Calenus,
650 959 821 1022 legatus
837 996 848 1018 ,
874 961 948 1022 qui
977 960 1246 1006 celeritatem
1265 962 1308 1006 in
1329 971 1628 1025 transportan-

226 1042 294 1087 dis
318 1041 566 1104 legionibus
587 1041 829 1087 adhiberet.
849 1041 934 1086 Sed
955 1042 1094 1087 serius
1115 1059 1141 1086 a
1168 1053 1285 1087 terra
1309 1053 1530 1104 provectae
1550 1061 1626 1089 na«

228 1139 301 1168 ves
316 1158 327 1179 ,
349 1139 492 1184 neque
508 1139 596 1167 usae
619 1132 836 1168 nocturna
861 1140 989 1181 aura,
1010 1123 1054 1167 in
1079 1123 1305 1169 redeundo
1330 1123 1623 1169 offenderunt.

228 1203 412 1248 Bibulus
440 1204 580 1261 enim,
605 1205 809 1266 Corcyrae
832 1204 994 1249 certior
1019 1203 1161 1249 factus
1187 1203 1240 1249 de
1266 1205 1456 1250 adventu
1488 1207 1627 1251 Caesa-

228 1286 313 1343 ris,
333 1301 514 1347 sperans
530 1319 541 1340 ‚
562 1283 692 1329 alicui
714 1302 758 1330 se
778 1287 895 1348 parti
913 1295 1173 1330 onustarum
1195 1288 1374 1331 navium
1393 1303 1627 1332 occurrere

226 1383 354 1428 posse
369 1401 382 1422 ‚
409 1364 853 1422 inanibusoccurrit,
873 1377 940 1423 et,
967 1377 1123 1411 nactus
1146 1368 1321 1412 circiter
1345 1385 1432 1412 xxx
1448 1403 1459 1425 ‚
1483 1368 1528 1411 in
1555 1385 1626 1412 eas

228 1445 513 1509 indiligentiae
540 1463 628 1491 suae
655 1463 707 1491 ac
737 1446 900 1492 doloris
928 1447 1160 1492 iracundia
1183 1449 1358 1509 erupit,
1386 1464 1627 1508 omnesque

227 1527 451 1583 incendit3
476 1527 718 1588 eodemque
737 1528 837 1590 igne
857 1537 1011 1572 nautas
1036 1527 1332 1589 dominosque
1355 1530 1536 1572 navium
1563 1530 1629 1572 in-

227 1608 422 1664 terfecit,
447 1608 752 1670 magnitudine
784 1626 923 1670 poenae
952 1608 1146 1670 reliquos
1179 1609 1400 1654 deterrere
1431 1627 1626 1672 sperans.

226 1692 321 1734 Hoc
345 1689 545 1734 consecto
570 1691 746 1752 negotio
764 1725 775 1746 ,
800 1707 824 1734 a
852 1689 1026 1735 Salonis
1049 1690 1103 1734 ad
1126 1691 1250 1735 Orici
1274 1701 1453 1753 portum
1475 1693 1628 1737 statio-

226 1787 302 1815 nes
329 1770 549 1832 litoraque
576 1773 725 1815 omnia
758 1771 888 1832 longe
918 1770 1092 1831 lateque
1123 1771 1334 1817 classibus
1364 1774 1628 1834 occupavit;

227 1850 525 1912 custodiisque
544 1850 800 1913 diligentius
818 1851 1067 1913 dispositis,
1094 1853 1187 1913 ipse
1207 1853 1465 1915 gravissima
1487 1855 1629 1898 hieme

230 1933 275 1976 in
299 1933 484 1977 navibus
512 1933 784 1989 excubabat,
806 1949 948 1994 neque
974 1932 1114 1977 ullum
1141 1932 1335 1979 laborem
1364 1944 1439 1979 aut
1468 1950 1628 1980 munus

228 2014 501 2075 despiciens,
529 2030 672 2074 neque
706 2014 952 2059 subsidium
987 2025 1271 2076 exspectans,
1299 2017 1334 2060 si
1368 2018 1411 2060 in
1447 2017 1629 2061 Caesaris

228 2094 507 2156 complexum
529 2096 679 2141 venire
705 2107 864 2159 posset.

292 2175 371 2220 IX.
420 2178 624 2221 Discessu
665 2176 940 2223 liburuarum
985 2196 1036 2224 ex
1076 2179 1251 2241 Illyrico
1267 2214 1278 2236 ,
1318 2181 1380 2224 M.
1418 2180 1630 2225 Octavius

229 2273 329 2300 cum
357 2257 436 2313 iis,
472 2273 580 2318 quas
614 2258 832 2313 habebat,
865 2260 1052 2305 navibus
1090 2260 1275 2305 Salonas
1312 2261 1526 2323 pervenit.
1557 2260 1628 2304 Ibi

228 2338 457 2382 concitatis
470 2337 686 2384 Dalmatis
702 2339 969 2403 reliquisque
990 2342 1219 2399 Barbaris‚
1241 2344 1378 2387 Issam
1403 2359 1426 2387 a
1446 2341 1629 2388 Caesaris

228 2419 419 2463 amicitia
434 2420 615 2464 avertit:
631 2431 901 2467 conventum
916 2422 1087 2468 Salonis
1102 2440 1238 2484 quum
1259 2439 1400 2485 neque
1415 2421 1630 2485 pollicita-

229 2499 443 2556 tionibus,
468 2518 610 2562 neque
633 2501 968 2549 denuntiatione
986 2503 1170 2566 periculi
1187 2520 1444 2566 permovere
1464 2511 1628 2564 posset,

231 2580 444 2642 oppidum
469 2598 732 2644 oppugnare
748 2584 941 2630 instituit
960 2596 1049 2631 :est
1075 2595 1221 2630 autem
1244 2585 1457 2647 oppidum
1480 2594 1522 2629 et
1544 2583 1627 2628 loci

233 2669 416 2719 natura,
448 2673 490 2707 et
516 2663 626 2709 colle
653 2666 876 2710 munitum
904 2684 912 2711 :
950 2667 1024 2712 sed
1054 2666 1254 2713 celeriter
1283 2667 1397 2711 cives
1425 2665 1626 2721 romani,
