<?xml version="1.0" encoding="UTF-8"?>
<!DOCTYPE html PUBLIC "-//W3C//DTD XHTML 1.0 Transitional//EN"
    "http://www.w3.org/TR/xhtml1/DTD/xhtml1-transitional.dtd">
<html xmlns="http://www.w3.org/1999/xhtml" xml:lang="en" lang="en">
 <head>
  <title>
</title>
<meta http-equiv="Content-Type" content="text/html;charset=utf-8" />
  <meta name='ocr-system' content='tesseract 3.04.00' />
  <meta name='ocr-capabilities' content='ocr_page ocr_carea ocr_par ocr_line ocrx_word'/>
</head>
<body>
  <div class='ocr_page' id='page_1' title='image "./operajoh0102caesuoft_0492.png"; bbox 0 0 1972 3356; ppageno 0'>
   <div class='ocr_carea' id='block_1_1' title="bbox 459 251 1586 290">
    <p class='ocr_par' dir='ltr' id='par_1_1' title="bbox 459 251 1586 290">
     <span class='ocr_line' id='line_1_1' title="bbox 459 251 1586 290; baseline -0.001 0"><span class='ocrx_word' id='word_1_1' title='bbox 459 256 528 290; x_wconf 72' lang='lat'>186</span> <span class='ocrx_word' id='word_1_2' title='bbox 685 255 723 289; x_wconf 92' lang='lat' dir='ltr'>C.</span> <span class='ocrx_word' id='word_1_3' title='bbox 749 254 877 289; x_wconf 88' lang='lat' dir='ltr'><strong>JULII</strong></span> <span class='ocrx_word' id='word_1_4' title='bbox 907 253 1121 288; x_wconf 88' lang='lat' dir='ltr'><strong>CAESARIS</strong></span> <span class='ocrx_word' id='word_1_5' title='bbox 1150 251 1406 286; x_wconf 83' lang='lat' dir='ltr'>COMMENT.</span> <span class='ocrx_word' id='word_1_6' title='bbox 1444 254 1586 289; x_wconf 89' lang='lat' dir='ltr'>LIBER</span> 
     </span>
    </p>
   </div>
   <div class='ocr_carea' id='block_1_2' title="bbox 453 332 1843 2706">
    <p class='ocr_par' dir='ltr' id='par_1_2' title="bbox 454 332 1821 477">
     <span class='ocr_line' id='line_1_2' title="bbox 455 332 1821 396; baseline 0.001 -16"><span class='ocrx_word' id='word_1_7' title='bbox 455 338 560 380; x_wconf 84' lang='lat' dir='ltr'>fines</span> <span class='ocrx_word' id='word_1_8' title='bbox 603 336 788 389; x_wconf 84' lang='lat' dir='ltr'>veniret,</span> <span class='ocrx_word' id='word_1_9' title='bbox 835 334 978 396; x_wconf 84' lang='lat' dir='ltr'>praeda</span> <span class='ocrx_word' id='word_1_10' title='bbox 1017 333 1261 395; x_wconf 86' lang='lat' dir='ltr'>diripienda</span> <span class='ocrx_word' id='word_1_11' title='bbox 1296 332 1452 377; x_wconf 77' lang='lat' dir='ltr'>milites</span> <span class='ocrx_word' id='word_1_12' title='bbox 1484 334 1821 394; x_wconf 79' lang='lat' dir='ltr'>dissiparentur,</span> 
     </span>
     <span class='ocr_line' id='line_1_3' title="bbox 454 415 1028 477; baseline -0.002 -17"><span class='ocrx_word' id='word_1_13' title='bbox 454 417 720 477; x_wconf 86' lang='lat' dir='ltr'>dispersique</span> <span class='ocrx_word' id='word_1_14' title='bbox 747 415 1028 461; x_wconf 66' lang='lat' dir='ltr'>caederentur.</span> 
     </span>
    </p>

    <p class='ocr_par' dir='ltr' id='par_1_3' title="bbox 453 494 1833 1657">
     <span class='ocr_line' id='line_1_4' title="bbox 514 494 1820 557; baseline 0.001 -18"><span class='ocrx_word' id='word_1_15' title='bbox 514 497 747 542; x_wconf 90' lang='lat' dir='ltr'><strong>XXXVII.</strong></span> <span class='ocrx_word' id='word_1_16' title='bbox 778 498 879 541; x_wconf 85' lang='lat' dir='ltr'>Haec</span> <span class='ocrx_word' id='word_1_17' title='bbox 903 512 1038 557; x_wconf 89' lang='lat' dir='ltr'>quum</span> <span class='ocrx_word' id='word_1_18' title='bbox 1064 494 1408 550; x_wconf 78' lang='lat' dir='ltr'><strong>administraret,</strong></span> <span class='ocrx_word' id='word_1_19' title='bbox 1432 511 1656 555; x_wconf 88' lang='lat' dir='ltr'>nunquam</span> <span class='ocrx_word' id='word_1_20' title='bbox 1679 504 1820 541; x_wconf 83' lang='lat' dir='ltr'>tamen</span> 
     </span>
     <span class='ocr_line' id='line_1_5' title="bbox 454 575 1822 638; baseline 0 -18"><span class='ocrx_word' id='word_1_21' title='bbox 454 576 768 621; x_wconf 82' lang='lat' dir='ltr'>intermittebat</span> <span class='ocrx_word' id='word_1_22' title='bbox 795 576 959 638; x_wconf 81' lang='lat' dir='ltr'>legatos</span> <span class='ocrx_word' id='word_1_23' title='bbox 988 575 1040 620; x_wconf 88' lang='lat' dir='ltr'>de</span> <span class='ocrx_word' id='word_1_24' title='bbox 1067 592 1172 638; x_wconf 86' lang='lat' dir='ltr'>pace</span> <span class='ocrx_word' id='word_1_25' title='bbox 1198 585 1328 636; x_wconf 85' lang='lat' dir='ltr'>atque</span> <span class='ocrx_word' id='word_1_26' title='bbox 1356 575 1543 619; x_wconf 88' lang='lat' dir='ltr'>amicitia</span> <span class='ocrx_word' id='word_1_27' title='bbox 1570 575 1740 619; x_wconf 89' lang='lat' dir='ltr'>mittere</span> <span class='ocrx_word' id='word_1_28' title='bbox 1768 576 1822 620; x_wconf 91' lang='lat' dir='ltr'>ad</span> 
     </span>
     <span class='ocr_line' id='line_1_6' title="bbox 453 654 1824 718; baseline -0.001 -17"><span class='ocrx_word' id='word_1_29' title='bbox 453 658 722 714; x_wconf 89' lang='lat' dir='ltr'>Domitium,</span> <span class='ocrx_word' id='word_1_30' title='bbox 747 674 882 718; x_wconf 90' lang='lat' dir='ltr'>quum</span> <span class='ocrx_word' id='word_1_31' title='bbox 912 657 995 701; x_wconf 91' lang='lat' dir='ltr'>hoc</span> <span class='ocrx_word' id='word_1_32' title='bbox 1021 657 1115 718; x_wconf 91' lang='lat' dir='ltr'>ipso</span> <span class='ocrx_word' id='word_1_33' title='bbox 1140 655 1337 700; x_wconf 78' lang='lat' dir='ltr'>crederet</span> <span class='ocrx_word' id='word_1_34' title='bbox 1364 671 1463 699; x_wconf 89' lang='lat' dir='ltr'>eum</span> <span class='ocrx_word' id='word_1_35' title='bbox 1489 654 1657 699; x_wconf 85' lang='lat' dir='ltr'>facilius</span> <span class='ocrx_word' id='word_1_36' title='bbox 1683 654 1824 716; x_wconf 87' lang='lat' dir='ltr'>decipi</span> 
     </span>
     <span class='ocr_line' id='line_1_7' title="bbox 453 733 1825 798; baseline -0.003 -17"><span class='ocrx_word' id='word_1_37' title='bbox 453 753 593 798; x_wconf 88' lang='lat' dir='ltr'>posse.</span> <span class='ocrx_word' id='word_1_38' title='bbox 629 739 686 783; x_wconf 89' lang='lat' dir='ltr'>At</span> <span class='ocrx_word' id='word_1_39' title='bbox 713 746 864 781; x_wconf 84' lang='lat' dir='ltr'>contra</span> <span class='ocrx_word' id='word_1_40' title='bbox 892 753 989 798; x_wconf 91' lang='lat' dir='ltr'>spes</span> <span class='ocrx_word' id='word_1_41' title='bbox 1021 737 1139 798; x_wconf 85' lang='lat' dir='ltr'>pacis</span> <span class='ocrx_word' id='word_1_42' title='bbox 1167 735 1361 780; x_wconf 91' lang='lat' dir='ltr'>Domitio</span> <span class='ocrx_word' id='word_1_43' title='bbox 1396 736 1439 778; x_wconf 92' lang='lat' dir='ltr'>in</span> <span class='ocrx_word' id='word_1_44' title='bbox 1476 733 1636 778; x_wconf 87' lang='lat' dir='ltr'>eisdem</span> <span class='ocrx_word' id='word_1_45' title='bbox 1675 736 1825 778; x_wconf 85' lang='lat' dir='ltr'>castris</span> 
     </span>
     <span class='ocr_line' id='line_1_8' title="bbox 455 815 1825 875; baseline -0.002 -15"><span class='ocrx_word' id='word_1_46' title='bbox 455 816 652 861; x_wconf 87' lang='lat' dir='ltr'>morandi</span> <span class='ocrx_word' id='word_1_47' title='bbox 678 816 825 861; x_wconf 87' lang='lat' dir='ltr'>attulit</span> <span class='ocrx_word' id='word_1_48' title='bbox 849 834 1035 862; x_wconf 86' lang='lat' dir='ltr'>causam.</span> <span class='ocrx_word' id='word_1_49' title='bbox 1065 819 1129 861; x_wconf 88' lang='lat' dir='ltr'>Ita</span> <span class='ocrx_word' id='word_1_50' title='bbox 1157 816 1418 871; x_wconf 88' lang='lat' dir='ltr'>Pharnaces,</span> <span class='ocrx_word' id='word_1_51' title='bbox 1446 816 1602 858; x_wconf 89' lang='lat' dir='ltr'>amissa</span> <span class='ocrx_word' id='word_1_52' title='bbox 1639 815 1825 875; x_wconf 75' lang='lat' dir='ltr'>proximi</span> 
     </span>
     <span class='ocr_line' id='line_1_9' title="bbox 454 893 1825 958; baseline -0.002 -18"><span class='ocrx_word' id='word_1_53' title='bbox 454 898 658 958; x_wconf 85' lang='lat' dir='ltr'>temporis</span> <span class='ocrx_word' id='word_1_54' title='bbox 678 899 928 952; x_wconf 82' lang='lat' dir='ltr'>occasione,</span> <span class='ocrx_word' id='word_1_55' title='bbox 955 898 1138 950; x_wconf 85' lang='lat' dir='ltr'>veritus,</span> <span class='ocrx_word' id='word_1_56' title='bbox 1164 913 1217 939; x_wconf 88' lang='lat' dir='ltr'>ne</span> <span class='ocrx_word' id='word_1_57' title='bbox 1241 905 1608 956; x_wconf 84' lang='lat' dir='ltr'>cognoscerentur</span> <span class='ocrx_word' id='word_1_58' title='bbox 1630 893 1793 938; x_wconf 82' lang='lat' dir='ltr'>insidiae</span> <span class='ocrx_word' id='word_1_59' title='bbox 1815 929 1825 950; x_wconf 88' lang='lat'><strong><em>‚</em></strong></span> 
     </span>
     <span class='ocr_line' id='line_1_10' title="bbox 453 974 1826 1036; baseline -0.002 -16"><span class='ocrx_word' id='word_1_60' title='bbox 453 994 553 1021; x_wconf 90' lang='lat' dir='ltr'>suos</span> <span class='ocrx_word' id='word_1_61' title='bbox 583 979 626 1022; x_wconf 92' lang='lat' dir='ltr'>in</span> <span class='ocrx_word' id='word_1_62' title='bbox 653 988 795 1022; x_wconf 84' lang='lat' dir='ltr'>castra</span> <span class='ocrx_word' id='word_1_63' title='bbox 822 978 1053 1022; x_wconf 87' lang='lat' dir='ltr'>revocavit.</span> <span class='ocrx_word' id='word_1_64' title='bbox 1091 976 1310 1020; x_wconf 87' lang='lat' dir='ltr'>Domitius</span> <span class='ocrx_word' id='word_1_65' title='bbox 1339 985 1513 1036; x_wconf 89' lang='lat' dir='ltr'>postero</span> <span class='ocrx_word' id='word_1_66' title='bbox 1541 974 1610 1018; x_wconf 89' lang='lat' dir='ltr'>die</span> <span class='ocrx_word' id='word_1_67' title='bbox 1646 975 1826 1035; x_wconf 88' lang='lat' dir='ltr'>propius</span> 
     </span>
     <span class='ocr_line' id='line_1_11' title="bbox 454 1052 1825 1118; baseline -0.004 -17"><span class='ocrx_word' id='word_1_68' title='bbox 454 1055 701 1118; x_wconf 90' lang='lat' dir='ltr'>Nicopolim</span> <span class='ocrx_word' id='word_1_69' title='bbox 725 1057 922 1111; x_wconf 83' lang='lat' dir='ltr'>accessit,</span> <span class='ocrx_word' id='word_1_70' title='bbox 944 1065 1169 1115; x_wconf 87' lang='lat' dir='ltr'>castraque</span> <span class='ocrx_word' id='word_1_71' title='bbox 1189 1053 1350 1114; x_wconf 90' lang='lat' dir='ltr'>oppido</span> <span class='ocrx_word' id='word_1_72' title='bbox 1370 1052 1567 1098; x_wconf 87' lang='lat' dir='ltr'>contulit.</span> <span class='ocrx_word' id='word_1_73' title='bbox 1592 1054 1702 1110; x_wconf 86' lang='lat' dir='ltr'>Quae</span> <span class='ocrx_word' id='word_1_74' title='bbox 1724 1053 1825 1097; x_wconf 90' lang='lat' dir='ltr'>dum</span> 
     </span>
     <span class='ocr_line' id='line_1_12' title="bbox 455 1133 1832 1189; baseline -0.004 -9"><span class='ocrx_word' id='word_1_75' title='bbox 455 1138 660 1180; x_wconf 88' lang='lat' dir='ltr'>muniunt</span> <span class='ocrx_word' id='word_1_76' title='bbox 685 1137 819 1180; x_wconf 81' lang='lat' dir='ltr'>nostri</span> <span class='ocrx_word' id='word_1_77' title='bbox 836 1171 847 1189; x_wconf 87' lang='lat'>‚</span> <span class='ocrx_word' id='word_1_78' title='bbox 871 1135 1116 1179; x_wconf 85' lang='lat' dir='ltr'>Pharnaces</span> <span class='ocrx_word' id='word_1_79' title='bbox 1137 1135 1275 1178; x_wconf 83' lang='lat' dir='ltr'>aciem</span> <span class='ocrx_word' id='word_1_80' title='bbox 1299 1133 1504 1176; x_wconf 84' lang='lat' dir='ltr'>instruxit</span> <span class='ocrx_word' id='word_1_81' title='bbox 1527 1149 1605 1176; x_wconf 92' lang='lat' dir='ltr'>suo</span> <span class='ocrx_word' id='word_1_82' title='bbox 1630 1149 1749 1176; x_wconf 87' lang='lat' dir='ltr'>more</span> <span class='ocrx_word' id='word_1_83' title='bbox 1774 1142 1832 1176; x_wconf 87' lang='lat' dir='ltr'>at-</span> 
     </span>
     <span class='ocr_line' id='line_1_13' title="bbox 454 1212 1823 1276; baseline -0.004 -16"><span class='ocrx_word' id='word_1_84' title='bbox 454 1232 538 1276; x_wconf 87' lang='lat' dir='ltr'>que</span> <span class='ocrx_word' id='word_1_85' title='bbox 565 1216 763 1260; x_wconf 87' lang='lat' dir='ltr'>instituto</span> <span class='ocrx_word' id='word_1_86' title='bbox 790 1232 799 1258; x_wconf 88' lang='lat'>:</span> <span class='ocrx_word' id='word_1_87' title='bbox 828 1216 872 1258; x_wconf 89' lang='lat' dir='ltr'>in</span> <span class='ocrx_word' id='word_1_88' title='bbox 897 1214 1039 1258; x_wconf 84' lang='lat' dir='ltr'>fronte</span> <span class='ocrx_word' id='word_1_89' title='bbox 1061 1215 1176 1258; x_wconf 86' lang='lat' dir='ltr'>enim</span> <span class='ocrx_word' id='word_1_90' title='bbox 1200 1212 1385 1273; x_wconf 83' lang='lat' dir='ltr'>simplici</span> <span class='ocrx_word' id='word_1_91' title='bbox 1407 1212 1570 1256; x_wconf 89' lang='lat' dir='ltr'>directa</span> <span class='ocrx_word' id='word_1_92' title='bbox 1591 1214 1703 1268; x_wconf 85' lang='lat' dir='ltr'>acie,</span> <span class='ocrx_word' id='word_1_93' title='bbox 1728 1228 1823 1256; x_wconf 90' lang='lat' dir='ltr'>cor-</span> 
     </span>
     <span class='ocr_line' id='line_1_14' title="bbox 455 1291 1829 1340; baseline -0.002 -2"><span class='ocrx_word' id='word_1_94' title='bbox 455 1313 543 1340; x_wconf 87' lang='lat' dir='ltr'>nua</span> <span class='ocrx_word' id='word_1_95' title='bbox 588 1296 712 1339; x_wconf 87' lang='lat' dir='ltr'>trinis</span> <span class='ocrx_word' id='word_1_96' title='bbox 754 1294 1045 1339; x_wconf 82' lang='lat' dir='ltr'>firmabantur</span> <span class='ocrx_word' id='word_1_97' title='bbox 1077 1292 1294 1337; x_wconf 89' lang='lat' dir='ltr'>subsidiis.</span> <span class='ocrx_word' id='word_1_98' title='bbox 1343 1291 1504 1337; x_wconf 82' lang='lat' dir='ltr'>Eadem</span> <span class='ocrx_word' id='word_1_99' title='bbox 1542 1293 1708 1336; x_wconf 87' lang='lat' dir='ltr'>ratione</span> <span class='ocrx_word' id='word_1_100' title='bbox 1740 1291 1829 1335; x_wconf 87' lang='lat' dir='ltr'>haec</span> 
     </span>
     <span class='ocr_line' id='line_1_15' title="bbox 456 1372 1833 1432; baseline -0.003 -13"><span class='ocrx_word' id='word_1_101' title='bbox 456 1375 595 1419; x_wconf 88' lang='lat' dir='ltr'>media</span> <span class='ocrx_word' id='word_1_102' title='bbox 635 1374 966 1419; x_wconf 86' lang='lat' dir='ltr'>collocabantur</span> <span class='ocrx_word' id='word_1_103' title='bbox 1003 1374 1115 1429; x_wconf 89' lang='lat' dir='ltr'>acie,</span> <span class='ocrx_word' id='word_1_104' title='bbox 1160 1373 1329 1417; x_wconf 89' lang='lat' dir='ltr'>duobus</span> <span class='ocrx_word' id='word_1_105' title='bbox 1379 1372 1528 1416; x_wconf 88' lang='lat' dir='ltr'>dextra</span> <span class='ocrx_word' id='word_1_106' title='bbox 1574 1372 1833 1432; x_wconf 87' lang='lat' dir='ltr'>sinistraque</span> 
     </span>
     <span class='ocr_line' id='line_1_16' title="bbox 457 1450 1832 1515; baseline -0.003 -17"><span class='ocrx_word' id='word_1_107' title='bbox 457 1453 714 1511; x_wconf 85' lang='lat' dir='ltr'>intervallis,</span> <span class='ocrx_word' id='word_1_108' title='bbox 740 1453 1009 1515; x_wconf 85' lang='lat' dir='ltr'>simplicibus</span> <span class='ocrx_word' id='word_1_109' title='bbox 1033 1453 1260 1497; x_wconf 90' lang='lat' dir='ltr'>ordinibus</span> <span class='ocrx_word' id='word_1_110' title='bbox 1285 1452 1520 1496; x_wconf 85' lang='lat' dir='ltr'>instructis.</span> <span class='ocrx_word' id='word_1_111' title='bbox 1558 1450 1744 1495; x_wconf 87' lang='lat' dir='ltr'>Perfecit</span> <span class='ocrx_word' id='word_1_112' title='bbox 1767 1451 1832 1493; x_wconf 85' lang='lat' dir='ltr'>in-</span> 
     </span>
     <span class='ocr_line' id='line_1_17' title="bbox 456 1532 1833 1595; baseline -0.003 -18"><span class='ocrx_word' id='word_1_113' title='bbox 456 1544 628 1595; x_wconf 89' lang='lat' dir='ltr'>ceptum</span> <span class='ocrx_word' id='word_1_114' title='bbox 653 1543 894 1578; x_wconf 88' lang='lat' dir='ltr'>castrorum</span> <span class='ocrx_word' id='word_1_115' title='bbox 920 1550 1029 1593; x_wconf 93' lang='lat' dir='ltr'>opus</span> <span class='ocrx_word' id='word_1_116' title='bbox 1052 1533 1294 1588; x_wconf 80' lang='lat' dir='ltr'>Domitius,</span> <span class='ocrx_word' id='word_1_117' title='bbox 1321 1542 1440 1592; x_wconf 85' lang='lat' dir='ltr'>parte</span> <span class='ocrx_word' id='word_1_118' title='bbox 1481 1532 1706 1591; x_wconf 90' lang='lat' dir='ltr'>copiarum</span> <span class='ocrx_word' id='word_1_119' title='bbox 1754 1546 1833 1590; x_wconf 88' lang='lat' dir='ltr'>pro</span> 
     </span>
     <span class='ocr_line' id='line_1_18' title="bbox 456 1613 803 1657; baseline 0.006 -2"><span class='ocrx_word' id='word_1_120' title='bbox 456 1613 568 1657; x_wconf 88' lang='lat' dir='ltr'>vallo</span> <span class='ocrx_word' id='word_1_121' title='bbox 592 1615 803 1657; x_wconf 86' lang='lat' dir='ltr'>instituta.</span> 
     </span>
    </p>

    <p class='ocr_par' dir='ltr' id='par_1_4' title="bbox 456 1691 1843 2706">
     <span class='ocr_line' id='line_1_19' title="bbox 520 1691 1833 1751; baseline -0.002 -14"><span class='ocrx_word' id='word_1_122' title='bbox 520 1695 771 1738; x_wconf 79' lang='lat' dir='ltr'><strong>XXXVIII.</strong></span> <span class='ocrx_word' id='word_1_123' title='bbox 808 1693 1007 1737; x_wconf 78' lang='lat' dir='ltr'>Proxima</span> <span class='ocrx_word' id='word_1_124' title='bbox 1036 1701 1160 1736; x_wconf 90' lang='lat' dir='ltr'>nocte</span> <span class='ocrx_word' id='word_1_125' title='bbox 1193 1691 1456 1748; x_wconf 87' lang='lat' dir='ltr'>Pharnaces,</span> <span class='ocrx_word' id='word_1_126' title='bbox 1484 1692 1733 1751; x_wconf 89' lang='lat' dir='ltr'>interceptis</span> <span class='ocrx_word' id='word_1_127' title='bbox 1769 1700 1833 1734; x_wconf 87' lang='lat' dir='ltr'>ta-</span> 
     </span>
     <span class='ocr_line' id='line_1_20' title="bbox 456 1769 1833 1833; baseline -0.003 -17"><span class='ocrx_word' id='word_1_128' title='bbox 456 1772 646 1817; x_wconf 87' lang='lat' dir='ltr'>bellariis</span> <span class='ocrx_word' id='word_1_129' title='bbox 660 1807 671 1828; x_wconf 82' lang='lat'>,</span> <span class='ocrx_word' id='word_1_130' title='bbox 692 1774 766 1833; x_wconf 89' lang='lat' dir='ltr'>qui</span> <span class='ocrx_word' id='word_1_131' title='bbox 788 1772 841 1816; x_wconf 88' lang='lat' dir='ltr'>de</span> <span class='ocrx_word' id='word_1_132' title='bbox 860 1771 1152 1815; x_wconf 84' lang='lat' dir='ltr'>alexandrinis</span> <span class='ocrx_word' id='word_1_133' title='bbox 1173 1771 1302 1814; x_wconf 85' lang='lat' dir='ltr'>rebus</span> <span class='ocrx_word' id='word_1_134' title='bbox 1322 1769 1485 1814; x_wconf 89' lang='lat' dir='ltr'>litteras</span> <span class='ocrx_word' id='word_1_135' title='bbox 1508 1770 1561 1813; x_wconf 88' lang='lat' dir='ltr'>ad</span> <span class='ocrx_word' id='word_1_136' title='bbox 1591 1770 1833 1814; x_wconf 85' lang='lat' dir='ltr'>Domitium</span> 
     </span>
     <span class='ocr_line' id='line_1_21' title="bbox 459 1848 1835 1913; baseline -0.003 -18"><span class='ocrx_word' id='word_1_137' title='bbox 459 1852 677 1909; x_wconf 80' lang='lat' dir='ltr'>ferebant,</span> <span class='ocrx_word' id='word_1_138' title='bbox 705 1852 952 1913; x_wconf 79' lang='lat' dir='ltr'>cognoscit,</span> <span class='ocrx_word' id='word_1_139' title='bbox 982 1852 1196 1893; x_wconf 83' lang='lat' dir='ltr'>Caesarem</span> <span class='ocrx_word' id='word_1_140' title='bbox 1224 1866 1382 1910; x_wconf 83' lang='lat' dir='ltr'>magno</span> <span class='ocrx_word' id='word_1_141' title='bbox 1418 1850 1461 1893; x_wconf 89' lang='lat' dir='ltr'>in</span> <span class='ocrx_word' id='word_1_142' title='bbox 1502 1848 1695 1910; x_wconf 88' lang='lat' dir='ltr'>periculo</span> <span class='ocrx_word' id='word_1_143' title='bbox 1742 1866 1835 1892; x_wconf 87' lang='lat' dir='ltr'>ver—</span> 
     </span>
     <span class='ocr_line' id='line_1_22' title="bbox 458 1928 1839 1992; baseline -0.003 -17"><span class='ocrx_word' id='word_1_144' title='bbox 458 1933 570 1986; x_wconf 84' lang='lat' dir='ltr'>sari,</span> <span class='ocrx_word' id='word_1_145' title='bbox 596 1931 869 1992; x_wconf 82' lang='lat' dir='ltr'>flagitarique</span> <span class='ocrx_word' id='word_1_146' title='bbox 893 1948 917 1975; x_wconf 91' lang='lat' dir='ltr'>a</span> <span class='ocrx_word' id='word_1_147' title='bbox 941 1931 1159 1985; x_wconf 79' lang='lat' dir='ltr'>Domitio,</span> <span class='ocrx_word' id='word_1_148' title='bbox 1187 1939 1233 1973; x_wconf 85' lang='lat' dir='ltr'>ut</span> <span class='ocrx_word' id='word_1_149' title='bbox 1259 1946 1389 1989; x_wconf 89' lang='lat' dir='ltr'>quam</span> <span class='ocrx_word' id='word_1_150' title='bbox 1420 1929 1608 1990; x_wconf 84' lang='lat' dir='ltr'>primum</span> <span class='ocrx_word' id='word_1_151' title='bbox 1632 1929 1712 1972; x_wconf 90' lang='lat' dir='ltr'>sibi</span> <span class='ocrx_word' id='word_1_152' title='bbox 1737 1928 1839 1972; x_wconf 91' lang='lat' dir='ltr'>sub—</span> 
     </span>
     <span class='ocr_line' id='line_1_23' title="bbox 459 2008 1835 2072; baseline -0.004 -17"><span class='ocrx_word' id='word_1_153' title='bbox 459 2012 564 2055; x_wconf 90' lang='lat' dir='ltr'>sidia</span> <span class='ocrx_word' id='word_1_154' title='bbox 591 2013 803 2061; x_wconf 81' lang='lat' dir='ltr'>mitteret,</span> <span class='ocrx_word' id='word_1_155' title='bbox 830 2012 1098 2072; x_wconf 89' lang='lat' dir='ltr'>propiusque</span> <span class='ocrx_word' id='word_1_156' title='bbox 1118 2011 1208 2070; x_wconf 92' lang='lat' dir='ltr'>ipse</span> <span class='ocrx_word' id='word_1_157' title='bbox 1233 2008 1539 2053; x_wconf 81' lang='lat' dir='ltr'>Alexandriam</span> <span class='ocrx_word' id='word_1_158' title='bbox 1568 2025 1644 2069; x_wconf 88' lang='lat' dir='ltr'>per</span> <span class='ocrx_word' id='word_1_159' title='bbox 1669 2009 1835 2068; x_wconf 84' lang='lat' dir='ltr'>Syriam</span> 
     </span>
     <span class='ocr_line' id='line_1_24' title="bbox 461 2086 1837 2151; baseline -0.004 -15"><span class='ocrx_word' id='word_1_160' title='bbox 461 2091 698 2136; x_wconf 87' lang='lat' dir='ltr'>accederet.</span> <span class='ocrx_word' id='word_1_161' title='bbox 726 2092 827 2148; x_wconf 86' lang='lat' dir='ltr'>Qua</span> <span class='ocrx_word' id='word_1_162' title='bbox 852 2090 1024 2151; x_wconf 85' lang='lat' dir='ltr'>cognita</span> <span class='ocrx_word' id='word_1_163' title='bbox 1050 2106 1120 2146; x_wconf 83' lang='lat' dir='ltr'>re,</span> <span class='ocrx_word' id='word_1_164' title='bbox 1151 2089 1393 2132; x_wconf 85' lang='lat' dir='ltr'>Pharnaces</span> <span class='ocrx_word' id='word_1_165' title='bbox 1422 2088 1611 2132; x_wconf 87' lang='lat' dir='ltr'>victoriae</span> <span class='ocrx_word' id='word_1_166' title='bbox 1639 2086 1735 2130; x_wconf 88' lang='lat' dir='ltr'>loco</span> <span class='ocrx_word' id='word_1_167' title='bbox 1763 2087 1837 2130; x_wconf 90' lang='lat' dir='ltr'>du·</span> 
     </span>
     <span class='ocr_line' id='line_1_25' title="bbox 460 2166 1841 2230; baseline -0.005 -14"><span class='ocrx_word' id='word_1_168' title='bbox 460 2173 609 2227; x_wconf 87' lang='lat' dir='ltr'>cebat‚</span> <span class='ocrx_word' id='word_1_169' title='bbox 634 2173 668 2215; x_wconf 90' lang='lat' dir='ltr'>si</span> <span class='ocrx_word' id='word_1_170' title='bbox 693 2171 866 2215; x_wconf 87' lang='lat' dir='ltr'>trahere</span> <span class='ocrx_word' id='word_1_171' title='bbox 889 2181 1060 2230; x_wconf 88' lang='lat' dir='ltr'>tempus</span> <span class='ocrx_word' id='word_1_172' title='bbox 1086 2178 1253 2229; x_wconf 78' lang='lat' dir='ltr'>posset,</span> <span class='ocrx_word' id='word_1_173' title='bbox 1282 2184 1418 2229; x_wconf 90' lang='lat' dir='ltr'>quum</span> <span class='ocrx_word' id='word_1_174' title='bbox 1444 2166 1751 2211; x_wconf 86' lang='lat' dir='ltr'>discedendum</span> <span class='ocrx_word' id='word_1_175' title='bbox 1779 2183 1841 2210; x_wconf 87' lang='lat' dir='ltr'>cc-</span> 
     </span>
     <span class='ocr_line' id='line_1_26' title="bbox 462 2245 1837 2312; baseline -0.004 -18"><span class='ocrx_word' id='word_1_176' title='bbox 462 2251 608 2296; x_wconf 88' lang='lat' dir='ltr'>leriter</span> <span class='ocrx_word' id='word_1_177' title='bbox 634 2252 830 2296; x_wconf 89' lang='lat' dir='ltr'>Domitio</span> <span class='ocrx_word' id='word_1_178' title='bbox 856 2260 1041 2312; x_wconf 83' lang='lat' dir='ltr'>putaret.</span> <span class='ocrx_word' id='word_1_179' title='bbox 1075 2252 1228 2310; x_wconf 88' lang='lat' dir='ltr'>Itaque</span> <span class='ocrx_word' id='word_1_180' title='bbox 1256 2249 1308 2293; x_wconf 89' lang='lat' dir='ltr'>ab</span> <span class='ocrx_word' id='word_1_181' title='bbox 1336 2248 1526 2309; x_wconf 88' lang='lat' dir='ltr'>oppido,</span> <span class='ocrx_word' id='word_1_182' title='bbox 1562 2264 1648 2308; x_wconf 90' lang='lat' dir='ltr'>qua</span> <span class='ocrx_word' id='word_1_183' title='bbox 1684 2245 1837 2290; x_wconf 89' lang='lat' dir='ltr'>facilli-</span> 
     </span>
     <span class='ocr_line' id='line_1_27' title="bbox 463 2326 1839 2390; baseline -0.005 -15"><span class='ocrx_word' id='word_1_184' title='bbox 463 2349 583 2375; x_wconf 88' lang='lat' dir='ltr'>mum</span> <span class='ocrx_word' id='word_1_185' title='bbox 605 2348 825 2375; x_wconf 88' lang='lat' dir='ltr'>accessum</span> <span class='ocrx_word' id='word_1_186' title='bbox 847 2340 889 2374; x_wconf 84' lang='lat' dir='ltr'>et</span> <span class='ocrx_word' id='word_1_187' title='bbox 915 2330 1210 2390; x_wconf 85' lang='lat' dir='ltr'>aequissimum</span> <span class='ocrx_word' id='word_1_188' title='bbox 1252 2328 1308 2372; x_wconf 91' lang='lat' dir='ltr'>ad</span> <span class='ocrx_word' id='word_1_189' title='bbox 1346 2327 1640 2371; x_wconf 90' lang='lat' dir='ltr'>dimicandum</span> <span class='ocrx_word' id='word_1_190' title='bbox 1679 2326 1839 2369; x_wconf 84' lang='lat' dir='ltr'>nostris</span> 
     </span>
     <span class='ocr_line' id='line_1_28' title="bbox 465 2402 1838 2468; baseline -0.005 -15"><span class='ocrx_word' id='word_1_191' title='bbox 465 2411 665 2467; x_wconf 83' lang='lat' dir='ltr'>videbat,</span> <span class='ocrx_word' id='word_1_192' title='bbox 693 2410 825 2454; x_wconf 89' lang='lat' dir='ltr'>fossas</span> <span class='ocrx_word' id='word_1_193' title='bbox 855 2410 961 2454; x_wconf 91' lang='lat' dir='ltr'>duas</span> <span class='ocrx_word' id='word_1_194' title='bbox 989 2408 1195 2465; x_wconf 83' lang='lat' dir='ltr'>directas,</span> <span class='ocrx_word' id='word_1_195' title='bbox 1224 2424 1312 2451; x_wconf 91' lang='lat' dir='ltr'>non</span> <span class='ocrx_word' id='word_1_196' title='bbox 1338 2409 1398 2451; x_wconf 85' lang='lat' dir='ltr'>ita</span> <span class='ocrx_word' id='word_1_197' title='bbox 1424 2423 1584 2468; x_wconf 86' lang='lat' dir='ltr'>magno</span> <span class='ocrx_word' id='word_1_198' title='bbox 1610 2402 1838 2449; x_wconf 88' lang='lat' dir='ltr'>intervallo</span> 
     </span>
     <span class='ocr_line' id='line_1_29' title="bbox 463 2482 1839 2551; baseline -0.007 -16"><span class='ocrx_word' id='word_1_199' title='bbox 463 2490 607 2535; x_wconf 87' lang='lat' dir='ltr'>medio</span> <span class='ocrx_word' id='word_1_200' title='bbox 633 2489 808 2547; x_wconf 83' lang='lat' dir='ltr'>relicto⁷</span> <span class='ocrx_word' id='word_1_201' title='bbox 832 2498 1022 2551; x_wconf 82' lang='lat' dir='ltr'>quatuor</span> <span class='ocrx_word' id='word_1_202' title='bbox 1043 2488 1203 2549; x_wconf 87' lang='lat' dir='ltr'>pedum</span> <span class='ocrx_word' id='word_1_203' title='bbox 1230 2486 1470 2531; x_wconf 87' lang='lat' dir='ltr'>altitudinis</span> <span class='ocrx_word' id='word_1_204' title='bbox 1500 2487 1541 2529; x_wconf 92' lang='lat' dir='ltr'>in</span> <span class='ocrx_word' id='word_1_205' title='bbox 1571 2501 1670 2529; x_wconf 89' lang='lat' dir='ltr'>eum</span> <span class='ocrx_word' id='word_1_206' title='bbox 1695 2482 1839 2527; x_wconf 90' lang='lat' dir='ltr'>locum</span> 
     </span>
     <span class='ocr_line' id='line_1_30' title="bbox 465 2562 1841 2630; baseline -0.007 -17"><span class='ocrx_word' id='word_1_207' title='bbox 465 2569 670 2625; x_wconf 83' lang='lat' dir='ltr'>deduxit,</span> <span class='ocrx_word' id='word_1_208' title='bbox 697 2586 785 2630; x_wconf 88' lang='lat' dir='ltr'>quo</span> <span class='ocrx_word' id='word_1_209' title='bbox 812 2569 982 2630; x_wconf 87' lang='lat' dir='ltr'>longius</span> <span class='ocrx_word' id='word_1_210' title='bbox 1009 2569 1293 2612; x_wconf 89' lang='lat' dir='ltr'>constituerat</span> <span class='ocrx_word' id='word_1_211' title='bbox 1330 2582 1453 2610; x_wconf 86' lang='lat' dir='ltr'>suam</span> <span class='ocrx_word' id='word_1_212' title='bbox 1480 2581 1566 2609; x_wconf 90' lang='lat' dir='ltr'>non</span> <span class='ocrx_word' id='word_1_213' title='bbox 1603 2562 1841 2624; x_wconf 85' lang='lat' dir='ltr'>producere</span> 
     </span>
     <span class='ocr_line' id='line_1_31' title="bbox 466 2641 1843 2706; baseline -0.005 -16"><span class='ocrx_word' id='word_1_214' title='bbox 466 2650 615 2692; x_wconf 83' lang='lat' dir='ltr'>aciem.</span> <span class='ocrx_word' id='word_1_215' title='bbox 638 2650 755 2692; x_wconf 88' lang='lat' dir='ltr'>Inter</span> <span class='ocrx_word' id='word_1_216' title='bbox 777 2648 853 2692; x_wconf 89' lang='lat' dir='ltr'>has</span> <span class='ocrx_word' id='word_1_217' title='bbox 878 2647 1009 2692; x_wconf 89' lang='lat' dir='ltr'>fossas</span> <span class='ocrx_word' id='word_1_218' title='bbox 1035 2647 1168 2690; x_wconf 85' lang='lat' dir='ltr'>aciem</span> <span class='ocrx_word' id='word_1_219' title='bbox 1195 2661 1363 2706; x_wconf 85' lang='lat' dir='ltr'>semper</span> <span class='ocrx_word' id='word_1_220' title='bbox 1386 2644 1637 2688; x_wconf 87' lang='lat' dir='ltr'>instruebat.</span> <span class='ocrx_word' id='word_1_221' title='bbox 1667 2641 1843 2702; x_wconf 82' lang='lat' dir='ltr'>Equita-</span> 
     </span>
    </p>
   </div>
  </div>
 </body>
</html>
