1972 3356
575 232 642 267 DE
672 232 829 269 BELLO
859 233 1131 269 AFRICANO.
1471 234 1544 279 273

155 320 365 361 Faustum
391 316 728 376 Afraniumque,
755 317 829 377 qui
859 333 953 360 eam
982 333 1161 361 manum
1190 317 1434 373 habebant,
1458 335 1543 379 qua

157 399 334 443 Uticam
361 397 662 459 diripuerant,
687 399 853 457 iterque
877 398 920 441 in
948 398 1206 458 Hispaniam
1235 399 1544 457 intendebant,

156 489 198 523 ct
222 489 346 523 erant
374 495 558 522 numero
586 479 758 522 circiter
787 494 871 522 MD.
906 480 1060 538 Itaque
1097 478 1295 523 celeriter
1326 491 1545 526 nocturno

156 570 356 621 tempore
381 559 548 603 insidiis
573 559 816 619 dispositis,
845 574 917 601 eos
932 558 1075 617 prima
1094 557 1189 602 luce
1207 559 1386 604 adortus
1403 596 1414 618 ,
1434 579 1545 622 prae-

157 650 224 685 ter
246 657 409 701 paucos
434 640 627 700 equites,
652 639 726 699 qui
752 654 803 681 ex
827 639 970 698 primo
993 639 1166 700 agmine
1189 639 1420 701 fugerant,
1441 643 1543 687 reli-

157 738 266 782 quos
289 730 366 765 aut.
391 719 616 775 interficit,
643 729 718 763 aut
743 719 787 762 in
812 717 1080 764 deditionem
1108 721 1291 781 accipit;
1314 721 1546 767 Afranium

156 812 198 846 et
219 805 428 846 Faustum
452 801 575 844 vivos
600 801 716 861 capit
760 817 858 845 cum
896 802 1082 863 conjuge
1117 812 1161 846 et
1196 801 1358 847 liberis,
1391 805 1547 848 Paucis

156 892 255 943 post
278 881 456 936 diebus,
485 881 754 926 dissensione
796 882 841 925 in
888 883 1079 927 exercitu
1117 893 1242 940 orta,
1292 887 1479 928 Faustus
1507 894 1549 928 et

155 961 361 1007 Afranius
402 962 757 1018 interficiuntur3
809 964 1028 1024 Pompeiae
1065 981 1166 1008 cum
1214 967 1361 1010 Fausti
1400 965 1548 1010 liberis

156 1046 302 1090 Caesar
328 1042 679 1088 incolumitatem
709 1060 873 1105 suaque
897 1046 1045 1089 omnia
1070 1047 1297 1090 concessit.

220 1127 381 1171 XCVI.
408 1126 555 1187 Scipio
582 1126 757 1170 interim
775 1142 877 1170 cum
900 1128 1174 1188 Damasippo
1200 1137 1242 1171 et
1261 1130 1490 1189 Torquato
1511 1138 1552 1172 et

156 1206 361 1252 Plaetorio
393 1208 633 1264 Rustiano,
661 1208 845 1251 navibus
876 1207 1046 1269 longis,
1078 1208 1155 1252 diu
1186 1208 1464 1269 multumque
1493 1210 1553 1270 ja-

159 1288 286 1344 ctati,
310 1306 448 1350 quum
475 1290 731 1350 Hispaniam
766 1299 990 1350 peterent,
1018 1289 1073 1333 ad
1099 1290 1353 1351 Hipponem
1383 1291 1552 1351 regium

159 1370 435 1428 deferuntur,
458 1371 532 1415 ubi
555 1370 703 1415 classis
726 1373 773 1415 P.
797 1372 893 1416 Sitii
918 1388 995 1432 per
1013 1371 1056 1414 id
1082 1381 1253 1432 tempus
1276 1381 1370 1416 erat
1398 1388 1449 1416 :a
1466 1388 1554 1432 qua

158 1452 367 1513 pauciora
391 1452 444 1496 ab
471 1451 758 1513 amplioribus
785 1452 1084 1497 circumventa
1108 1453 1284 1514 navigia
1302 1452 1555 1513 deprimun-

161 1542 255 1590 tur,
282 1533 430 1594 ibique
467 1533 614 1594 Scipio
642 1550 741 1577 cum
778 1533 966 1594 quibus,
996 1550 1105 1594 quos
1137 1533 1268 1594 paulo
1301 1533 1554 1587 nominavi,

162 1614 341 1658 interiit.

224 1697 411 1741 XCVII.
448 1697 594 1740 Caesar
629 1696 828 1751 interim,
857 1698 1000 1740 Zamae
1038 1697 1243 1742 auctione
1274 1698 1392 1758 regia
1422 1698 1556 1754 facta,

160 1777 378 1838 bonisque
402 1792 557 1820 eorum
582 1776 788 1830 venditis,
810 1777 886 1836 qui
911 1777 1027 1820 cives
1041 1778 1214 1821 romani
1245 1787 1399 1822 contra
1420 1795 1558 1840 popu-

163 1856 258 1902 lum
282 1874 516 1902 romanum
543 1873 663 1901 arma
694 1855 912 1913 tulerant,
934 1858 1212 1919 praemiisque
1241 1860 1557 1917 Zamensibus,

163 1940 239 2001 qui
270 1939 323 1983 de
360 1955 462 2001 rege
502 1937 774 1982 excludendo
811 1937 1042 1983 consilium
1082 1948 1319 2000 ceperant,
1356 1940 1558 1997 tributis,

162 2020 540 2083 vectigalibusque
567 2020 695 2082 regiis
717 2020 965 2081 abrogatis,
996 2036 1048 2063 ex
1077 2036 1303 2081 regnoque
1332 2021 1560 2082 provincia

164 2103 298 2161 facta,
327 2113 457 2164 atque
482 2103 543 2146 ibi
566 2102 723 2163 Crispo
738 2100 944 2145 Sallustio
959 2100 1222 2163 proconsule
1241 2119 1340 2146 cum
1373 2102 1560 2163 imperio

166 2184 318 2229 relicto
334 2220 345 2242 ,
370 2186 462 2246 ipse
484 2187 615 2229 Zama
636 2200 834 2245 egressus
859 2184 1038 2228 Uticam
1064 2200 1108 2227 se
1135 2183 1314 2245 recepit.
1340 2183 1406 2227 Ibi
1434 2184 1560 2228 bonis

166 2265 358 2310 venditis
388 2282 565 2323 eorum,
594 2266 668 2325 qui
699 2265 779 2309 sub
804 2264 915 2309 Juba
941 2265 1200 2326 Petreioque
1229 2264 1404 2309 ordines
1428 2264 1563 2309 duxe-

169 2356 294 2403 rant,
332 2347 435 2391 item
478 2347 758 2408 Thapsitanis
793 2362 848 2391 Hs
890 2347 1087 2404 vicesies,
1126 2347 1366 2390 conventui
1412 2363 1563 2390 eorum

169 2446 226 2474 Hs
268 2429 481 2485 tricesies,
531 2428 832 2472 Adrumetinis
874 2445 931 2473 Hs
962 2428 1181 2483 tricesies,
1220 2428 1457 2473 conventui
1491 2444 1565 2472 eo-

170 2527 270 2554 rum
291 2527 348 2555 Hs
373 2510 664 2571 quinquagies
681 2545 692 2566 ,
717 2508 864 2554 multae
893 2510 1071 2554 nomine
1101 2510 1292 2571 imponit
1327 2527 1336 2554 :
1367 2510 1564 2554 civitates

171 2592 377 2654 bonaque
414 2608 568 2636 eorum
607 2591 662 2635 ab
690 2592 811 2636 omni
855 2591 1015 2653 injuria
1055 2592 1311 2653 rapinisque
1352 2591 1561 2635 defendit.

173 2674 454 2734 Leptitanos,
483 2690 673 2734 quorum
701 2673 1002 2734 superioribus
1026 2673 1154 2717 annis
1177 2673 1287 2717 Juba
1314 2673 1429 2716 bona
1457 2672 1563 2716 diri-

366 2771 412 2799 11.
1329 2755 1381 2800 18
