1972 3356
399 295 470 343 196
605 295 644 330 C.
678 295 808 330 JULII
835 294 1052 331 CAESARIS
1085 294 1573 332 COMMENTARIORUM

397 390 617 435 creverat,
647 389 695 424 ut
720 380 904 424 omnino
928 379 1040 423 vado
1070 397 1160 423 non
1190 397 1316 440 posse
1347 381 1522 424 transiri
1554 380 1790 425 videretur.

460 464 574 506 LVI.
604 461 779 519 Quibus
806 461 937 505 rebus
960 461 1168 522 cognitis,
1199 463 1346 505 Caesar
1370 461 1686 505 maturandum
1712 462 1794 506 sibi

397 543 585 598 censuit,
612 543 645 586 si
678 552 789 586 esset
813 543 857 585 in
887 541 1164 603 perficiendis
1192 542 1402 602 pontibus
1432 541 1793 603 periclitandum,

396 633 446 667 ut
477 624 604 684 prius
638 639 769 685 quam
807 634 950 667 essent
984 624 1173 685 majores
1208 640 1259 667 eo
1298 633 1459 668 coactae
1487 624 1624 685 copiae
1665 623 1795 667 dimi-

398 714 531 748 caret.
558 707 673 749 Nam
711 715 774 765 ut,
807 715 1078 750 commutato
1101 703 1304 761 consilio,
1335 706 1417 749 iter
1441 705 1484 747 in
1514 705 1794 748 Provinciam

397 795 701 842 converteret,
749 786 793 830 id
837 803 891 829 ne
940 795 1062 831 metu
1114 785 1294 846 quidem
1340 786 1586 829 necessario
1635 785 1796 829 facien-

399 866 504 910 ‹lum
537 867 816 911 existimabat
848 884 856 910 :
897 881 1036 928 quum
1069 865 1247 910 infamia
1276 875 1407 927 atque
1438 866 1677 928 indignitas
1713 867 1796 923 rei,

398 957 442 991 et
466 949 696 1009 oppositus
721 965 848 992 mons
864 950 1096 1004 Cevenna,
1121 948 1383 1008 viarumque
1406 945 1641 991 difficultas
1661 949 1799 1008 impe-

399 1028 569 1082 diebat,
605 1038 698 1072 tum
728 1029 922 1072 maxime
948 1028 1068 1088 quod
1098 1029 1306 1088 abjuncto
1337 1028 1554 1083 Labieno,
1585 1038 1715 1089 atque
1748 1029 1798 1072 iis

398 1108 646 1170 legionibus
679 1126 787 1168 quas
818 1125 905 1152 una
933 1108 1133 1163 miserat,
1167 1108 1452 1152 vehementer
1480 1109 1674 1153 timebat.
1707 1113 1798 1154 Ita-

397 1206 502 1250 que,
530 1188 770 1233 admodum
801 1189 972 1250 magnis
1002 1188 1171 1233 diurnis
1205 1199 1337 1249 atque
1374 1190 1603 1233 nocturnis
1636 1190 1800 1234 itineri-

397 1271 478 1314 bus
514 1270 755 1325 confectis,
790 1280 945 1314 contra
981 1271 1183 1314 omnium
1221 1271 1476 1331 opinionem
1515 1270 1570 1314 ad
1604 1271 1799 1332 Ligerim

401 1353 630 1413 pervenit;
654 1351 856 1412 vadoque
886 1368 965 1412 per
988 1352 1158 1412 equites
1189 1353 1393 1408 invento,
1418 1368 1498 1412 pro
1527 1352 1589 1395 rei
1615 1353 1802 1396 necessi-

402 1444 491 1478 tate
514 1443 793 1495 opportuno,
822 1443 871 1477 ut
901 1433 1081 1477 brachia
1106 1432 1239 1476 modo
1274 1443 1405 1494 atque
1432 1433 1604 1477 humeri
1627 1432 1681 1476 ad
1707 1449 1802 1477 sus-

403 1514 583 1558 tinenda
604 1531 726 1557 arma
747 1513 875 1557 liberi
894 1515 946 1557 ab
971 1531 1086 1575 aqua
1110 1531 1203 1559 esse
1222 1524 1425 1576 possent,
1449 1514 1661 1575 disposito
1682 1515 1804 1574 equi-

402 1604 496 1639 tatu
519 1596 595 1655 qui
622 1596 712 1638 vim
742 1594 936 1638 fluminis
961 1595 1243 1657 refringeret,
1277 1605 1408 1655 atque
1431 1596 1632 1640 hostibus
1658 1596 1802 1656 primo

402 1686 582 1738 aspectu
619 1677 910 1737 perturbatis,
946 1676 1215 1721 incolumem
1250 1678 1489 1721 exercitum
1524 1678 1803 1733 transduxit3

404 1758 767 1817 frumentumque
803 1757 848 1800 in
884 1758 1000 1818 agris
1037 1767 1081 1801 et
1111 1758 1285 1818 copiam
1320 1758 1490 1818 pecoris
1528 1768 1705 1813 nactus,
1735 1775 1803 1801 re-

403 1837 524 1899 pleto
550 1839 600 1882 iis
624 1838 753 1881 rebus
778 1838 998 1895 exercitu,
1024 1839 1108 1881 iter
1134 1840 1177 1881 in
1202 1840 1395 1882 Senones
1420 1838 1564 1883 facere
1594 1840 1799 1883 instituit.

468 1921 605 1964 LVII.
635 1921 755 1963 Dum
788 1918 882 1962 haec
907 1918 1026 1979 apud
1047 1921 1263 1963 Caesarem
1294 1929 1531 1980 geruntur,
1555 1920 1803 1977 Labienus,

404 2018 455 2045 eo
496 1999 805 2061 supplemento
840 2000 960 2060 quod
1002 2017 1144 2061 nuper
1180 2017 1232 2044 ex
1271 1999 1399 2044 Italia
1431 2012 1612 2044 venerat
1650 2001 1804 2047 relicto

403 2081 638 2143 Agendici,
664 2090 711 2124 ut
735 2091 846 2125 esset
870 2081 1199 2142 impedimentis
1219 2081 1444 2142 praesidio,
1475 2098 1577 2125 cum
1599 2099 1644 2126 lv
1668 2082 1804 2145 legio-

406 2163 533 2206 nibus
565 2163 789 2207 Lutetiam
826 2161 1136 2223 proficiscitur.
1178 2161 1229 2205 ld
1263 2172 1326 2206 est
1362 2162 1576 2224 oppidum
1615 2165 1805 2209 Parisio-

406 2261 525 2299 rum,
545 2244 739 2304 positum
765 2245 808 2287 in
835 2242 978 2287 insula
1000 2244 1195 2288 fluminis
1209 2245 1436 2304 Sequanae.
1454 2245 1592 2305 Cujus
1611 2244 1804 2290 adventu

404 2324 458 2368 ab
486 2325 684 2369 hostibus
715 2325 894 2387 cognito
913 2360 924 2378 ‚
949 2342 1119 2387 magnae
1149 2342 1199 2369 ex
1229 2324 1429 2369 finitimis
1455 2326 1708 2371 civitatibus
1731 2344 1804 2371 co-

405 2406 486 2466 piae
514 2416 835 2449 convenerunt.
863 2407 1044 2450 Summa
1076 2406 1249 2467 imperii
1285 2406 1476 2451 traditur
1501 2406 1804 2468 Camulogeno

403 2485 613 2543 Aulerco,
634 2488 729 2548 qui,
754 2504 892 2549 prope
913 2487 1140 2531 confectus
1164 2497 1309 2543 aetate,
1336 2498 1483 2531 tamen
1508 2498 1691 2548 propter
1713 2489 1802 2531 sin-

405 2566 605 2628 gularem
629 2569 854 2612 scientiam
880 2569 942 2612 rei
964 2567 1166 2612 militaris
1185 2567 1238 2611 ad
1259 2585 1360 2612 eum
1381 2577 1445 2612 est
1463 2568 1679 2611 honorem
1701 2585 1803 2612 evo-

404 2657 540 2692 catus.
576 2651 617 2692 Is
658 2666 796 2709 quum
833 2648 1214 2693 animadvertisset
1245 2658 1504 2710 perpetuam
1545 2665 1637 2692 csse
1675 2648 1801 2710 palu-

404 2725 504 2769 dem
534 2744 630 2787 quae
664 2729 870 2773 influeret
905 2730 948 2773 in
983 2731 1253 2791 Sequanam,
1290 2740 1422 2789 atque
1463 2728 1589 2773 illum
1626 2747 1803 2774 omnem
