<?xml version="1.0" encoding="UTF-8"?>
<!DOCTYPE html PUBLIC "-//W3C//DTD XHTML 1.0 Transitional//EN"
    "http://www.w3.org/TR/xhtml1/DTD/xhtml1-transitional.dtd">
<html xmlns="http://www.w3.org/1999/xhtml" xml:lang="en" lang="en">
 <head>
  <title>
</title>
<meta http-equiv="Content-Type" content="text/html;charset=utf-8" />
  <meta name='ocr-system' content='tesseract 3.04.00' />
  <meta name='ocr-capabilities' content='ocr_page ocr_carea ocr_par ocr_line ocrx_word'/>
</head>
<body>
  <div class='ocr_page' id='page_1' title='image "./operajoh0102caesuoft_0223.png"; bbox 0 0 1972 3356; ppageno 0'>
   <div class='ocr_carea' id='block_1_1' title="bbox 566 243 1635 282">
    <p class='ocr_par' dir='ltr' id='par_1_1' title="bbox 566 243 1635 282">
     <span class='ocr_line' id='line_1_1' title="bbox 566 243 1635 282; baseline -0.007 0"><span class='ocrx_word' id='word_1_1' title='bbox 566 247 633 282; x_wconf 92' lang='lat' dir='ltr'>DE</span> <span class='ocrx_word' id='word_1_2' title='bbox 664 244 825 280; x_wconf 90' lang='lat' dir='ltr'>BELLO</span> <span class='ocrx_word' id='word_1_3' title='bbox 856 243 1073 279; x_wconf 90' lang='lat' dir='ltr'>GALLICO</span> <span class='ocrx_word' id='word_1_4' title='bbox 1104 244 1196 280; x_wconf 83' lang='lat' dir='ltr'><strong>LIB.</strong></span> <span class='ocrx_word' id='word_1_5' title='bbox 1222 244 1306 279; x_wconf 75' lang='lat' dir='ltr'><strong>VII.</strong></span> <span class='ocrx_word' id='word_1_6' title='bbox 1565 252 1635 275; x_wconf 80' lang='lat'>201</span> 
     </span>
    </p>
   </div>
   <div class='ocr_carea' id='block_1_2' title="bbox 236 328 1648 2668">
    <p class='ocr_par' dir='ltr' id='par_1_2' title="bbox 237 328 1646 1509">
     <span class='ocr_line' id='line_1_2' title="bbox 245 328 1640 391; baseline -0.003 -18"><span class='ocrx_word' id='word_1_7' title='bbox 245 330 438 374; x_wconf 77' lang='lat' dir='ltr'>tionibus</span> <span class='ocrx_word' id='word_1_8' title='bbox 466 330 919 391; x_wconf 83' lang='lat' dir='ltr'>pabulationibusque</span> <span class='ocrx_word' id='word_1_9' title='bbox 954 333 1180 374; x_wconf 88' lang='lat' dir='ltr'>Romanos</span> <span class='ocrx_word' id='word_1_10' title='bbox 1210 328 1445 390; x_wconf 87' lang='lat' dir='ltr'>prohibere</span> <span class='ocrx_word' id='word_1_11' title='bbox 1476 345 1484 370; x_wconf 93' lang='lat'>:</span> <span class='ocrx_word' id='word_1_12' title='bbox 1515 342 1640 387; x_wconf 86' lang='lat' dir='ltr'>aequo</span> 
     </span>
     <span class='ocr_line' id='line_1_3' title="bbox 238 408 1641 472; baseline -0.002 -18"><span class='ocrx_word' id='word_1_13' title='bbox 238 411 373 455; x_wconf 88' lang='lat' dir='ltr'>modo</span> <span class='ocrx_word' id='word_1_14' title='bbox 402 412 550 456; x_wconf 87' lang='lat' dir='ltr'>animo</span> <span class='ocrx_word' id='word_1_15' title='bbox 576 429 653 456; x_wconf 92' lang='lat' dir='ltr'>sua</span> <span class='ocrx_word' id='word_1_16' title='bbox 679 412 762 472; x_wconf 89' lang='lat' dir='ltr'>ipsi</span> <span class='ocrx_word' id='word_1_17' title='bbox 784 411 1008 455; x_wconf 83' lang='lat' dir='ltr'>frumenta</span> <span class='ocrx_word' id='word_1_18' title='bbox 1036 420 1345 471; x_wconf 80' lang='lat' dir='ltr'>corrumpant,</span> <span class='ocrx_word' id='word_1_19' title='bbox 1370 408 1641 468; x_wconf 78' lang='lat' dir='ltr'>aedificiaque</span> 
     </span>
     <span class='ocr_line' id='line_1_4' title="bbox 239 490 1642 553; baseline -0.002 -18"><span class='ocrx_word' id='word_1_20' title='bbox 239 492 508 548; x_wconf 79' lang='lat' dir='ltr'>incendant,</span> <span class='ocrx_word' id='word_1_21' title='bbox 541 509 627 553; x_wconf 89' lang='lat' dir='ltr'>qua</span> <span class='ocrx_word' id='word_1_22' title='bbox 659 493 721 535; x_wconf 90' lang='lat' dir='ltr'>rei</span> <span class='ocrx_word' id='word_1_23' title='bbox 752 490 980 535; x_wconf 88' lang='lat' dir='ltr'>familiaris</span> <span class='ocrx_word' id='word_1_24' title='bbox 1002 492 1178 552; x_wconf 87' lang='lat' dir='ltr'>jactura</span> <span class='ocrx_word' id='word_1_25' title='bbox 1208 500 1474 551; x_wconf 87' lang='lat' dir='ltr'>perpetuum</span> <span class='ocrx_word' id='word_1_26' title='bbox 1505 490 1642 550; x_wconf 88' lang='lat' dir='ltr'>impe-</span> 
     </span>
     <span class='ocr_line' id='line_1_5' title="bbox 238 570 1642 633; baseline -0.004 -16"><span class='ocrx_word' id='word_1_27' title='bbox 238 575 355 617; x_wconf 88' lang='lat' dir='ltr'>rium</span> <span class='ocrx_word' id='word_1_28' title='bbox 387 573 728 633; x_wconf 82' lang='lat' dir='ltr'>libertatemque</span> <span class='ocrx_word' id='word_1_29' title='bbox 760 589 804 616; x_wconf 87' lang='lat' dir='ltr'>se</span> <span class='ocrx_word' id='word_1_30' title='bbox 846 573 1057 632; x_wconf 85' lang='lat' dir='ltr'>consequi</span> <span class='ocrx_word' id='word_1_31' title='bbox 1093 570 1285 614; x_wconf 88' lang='lat' dir='ltr'>videant.</span> <span class='ocrx_word' id='word_1_32' title='bbox 1311 591 1330 612; x_wconf 67' lang='lat'>&gt;1</span> <span class='ocrx_word' id='word_1_33' title='bbox 1370 571 1450 614; x_wconf 90' lang='lat' dir='ltr'>His</span> <span class='ocrx_word' id='word_1_34' title='bbox 1479 570 1642 614; x_wconf 88' lang='lat' dir='ltr'>consti-</span> 
     </span>
     <span class='ocr_line' id='line_1_6' title="bbox 239 651 1643 715; baseline -0.004 -16"><span class='ocrx_word' id='word_1_35' title='bbox 239 656 345 699; x_wconf 87' lang='lat' dir='ltr'>tutis</span> <span class='ocrx_word' id='word_1_36' title='bbox 368 654 523 711; x_wconf 86' lang='lat' dir='ltr'>rebus,</span> <span class='ocrx_word' id='word_1_37' title='bbox 547 653 701 698; x_wconf 86' lang='lat' dir='ltr'>AEduis</span> <span class='ocrx_word' id='word_1_38' title='bbox 726 653 1088 715; x_wconf 81' lang='lat' dir='ltr'>Segusiauisque,</span> <span class='ocrx_word' id='word_1_39' title='bbox 1110 652 1186 713; x_wconf 92' lang='lat' dir='ltr'>qui</span> <span class='ocrx_word' id='word_1_40' title='bbox 1205 661 1308 695; x_wconf 86' lang='lat' dir='ltr'>sunt</span> <span class='ocrx_word' id='word_1_41' title='bbox 1330 651 1509 694; x_wconf 83' lang='lat' dir='ltr'>finitimi</span> <span class='ocrx_word' id='word_1_42' title='bbox 1533 653 1643 694; x_wconf 89' lang='lat' dir='ltr'>Pro-</span> 
     </span>
     <span class='ocr_line' id='line_1_7' title="bbox 237 731 1644 795; baseline -0.004 -16"><span class='ocrx_word' id='word_1_43' title='bbox 237 736 418 791; x_wconf 77' lang='lat' dir='ltr'>vinciae,</span> <span class='ocrx_word' id='word_1_44' title='bbox 460 752 490 778; x_wconf 77' lang='grc' dir='ltr'>Χ</span> <span class='ocrx_word' id='word_1_45' title='bbox 524 733 665 778; x_wconf 87' lang='lat' dir='ltr'>millia</span> <span class='ocrx_word' id='word_1_46' title='bbox 700 734 901 795; x_wconf 89' lang='lat' dir='ltr'>peditum</span> <span class='ocrx_word' id='word_1_47' title='bbox 941 735 1150 794; x_wconf 74' lang='lat' dir='ltr'>imperat3</span> <span class='ocrx_word' id='word_1_48' title='bbox 1184 732 1272 776; x_wconf 85' lang='lat' dir='ltr'>hue</span> <span class='ocrx_word' id='word_1_49' title='bbox 1310 731 1433 775; x_wconf 88' lang='lat' dir='ltr'>addit</span> <span class='ocrx_word' id='word_1_50' title='bbox 1474 731 1644 791; x_wconf 80' lang='lat' dir='ltr'>equites</span> 
     </span>
     <span class='ocr_line' id='line_1_8' title="bbox 237 812 1645 877; baseline -0.004 -16"><span class='ocrx_word' id='word_1_51' title='bbox 237 832 370 861; x_wconf 85' lang='lat' dir='ltr'>DCCC.</span> <span class='ocrx_word' id='word_1_52' title='bbox 397 816 476 860; x_wconf 84' lang='lat' dir='ltr'>His</span> <span class='ocrx_word' id='word_1_53' title='bbox 506 816 693 877; x_wconf 86' lang='lat' dir='ltr'>praeficit</span> <span class='ocrx_word' id='word_1_54' title='bbox 719 815 902 859; x_wconf 86' lang='lat' dir='ltr'>fratrem</span> <span class='ocrx_word' id='word_1_55' title='bbox 929 813 1265 876; x_wconf 83' lang='lat' dir='ltr'>Eporedorigis,</span> <span class='ocrx_word' id='word_1_56' title='bbox 1293 812 1551 873; x_wconf 86' lang='lat' dir='ltr'>bellumque</span> <span class='ocrx_word' id='word_1_57' title='bbox 1579 812 1645 855; x_wconf 89' lang='lat' dir='ltr'>in-</span> 
     </span>
     <span class='ocr_line' id='line_1_9' title="bbox 237 893 1645 959; baseline -0.002 -19"><span class='ocrx_word' id='word_1_58' title='bbox 237 897 350 941; x_wconf 86' lang='lat' dir='ltr'>ferre</span> <span class='ocrx_word' id='word_1_59' title='bbox 368 896 684 959; x_wconf 82' lang='lat' dir='ltr'>Allobrogibus</span> <span class='ocrx_word' id='word_1_60' title='bbox 702 897 841 958; x_wconf 86' lang='lat' dir='ltr'>jubet.</span> <span class='ocrx_word' id='word_1_61' title='bbox 867 896 1020 941; x_wconf 82' lang='lat' dir='ltr'>Altera</span> <span class='ocrx_word' id='word_1_62' title='bbox 1043 913 1094 940; x_wconf 83' lang='lat' dir='ltr'>ex</span> <span class='ocrx_word' id='word_1_63' title='bbox 1117 905 1262 956; x_wconf 81' lang='lat' dir='ltr'>parte,</span> <span class='ocrx_word' id='word_1_64' title='bbox 1281 893 1477 939; x_wconf 88' lang='lat' dir='ltr'>Gabalos</span> <span class='ocrx_word' id='word_1_65' title='bbox 1498 894 1645 955; x_wconf 76' lang='lat' dir='ltr'>proxi-</span> 
     </span>
     <span class='ocr_line' id='line_1_10' title="bbox 239 975 1644 1040; baseline -0.003 -18"><span class='ocrx_word' id='word_1_66' title='bbox 239 994 421 1038; x_wconf 91' lang='lat' dir='ltr'>mosque</span> <span class='ocrx_word' id='word_1_67' title='bbox 454 994 592 1040; x_wconf 83' lang='lat' dir='ltr'>pagos</span> <span class='ocrx_word' id='word_1_68' title='bbox 627 981 934 1023; x_wconf 90' lang='lat' dir='ltr'>Arvernorum</span> <span class='ocrx_word' id='word_1_69' title='bbox 970 979 1015 1021; x_wconf 84' lang='lat' dir='ltr'>in</span> <span class='ocrx_word' id='word_1_70' title='bbox 1052 975 1261 1032; x_wconf 82' lang='lat' dir='ltr'>Helvios,</span> <span class='ocrx_word' id='word_1_71' title='bbox 1302 977 1408 1020; x_wconf 89' lang='lat' dir='ltr'>item</span> <span class='ocrx_word' id='word_1_72' title='bbox 1445 979 1644 1021; x_wconf 82' lang='lat' dir='ltr'>Rutenos</span> 
     </span>
     <span class='ocr_line' id='line_1_11' title="bbox 239 1057 1644 1120; baseline -0.002 -17"><span class='ocrx_word' id='word_1_73' title='bbox 239 1059 555 1120; x_wconf 86' lang='lat' dir='ltr'>Cadurcosque</span> <span class='ocrx_word' id='word_1_74' title='bbox 579 1059 634 1103; x_wconf 88' lang='lat' dir='ltr'>ad</span> <span class='ocrx_word' id='word_1_75' title='bbox 657 1060 766 1104; x_wconf 88' lang='lat' dir='ltr'>fines</span> <span class='ocrx_word' id='word_1_76' title='bbox 786 1058 1029 1104; x_wconf 87' lang='lat' dir='ltr'>Volcarum</span> <span class='ocrx_word' id='word_1_77' title='bbox 1052 1059 1417 1103; x_wconf 88' lang='lat' dir='ltr'>Arecomicorum</span> <span class='ocrx_word' id='word_1_78' title='bbox 1445 1057 1644 1118; x_wconf 86' lang='lat' dir='ltr'>depopu-</span> 
     </span>
     <span class='ocr_line' id='line_1_12' title="bbox 238 1137 1645 1200; baseline -0.001 -17"><span class='ocrx_word' id='word_1_79' title='bbox 238 1139 393 1184; x_wconf 88' lang='lat' dir='ltr'>landos</span> <span class='ocrx_word' id='word_1_80' title='bbox 420 1141 572 1184; x_wconf 85' lang='lat' dir='ltr'>mittit.</span> <span class='ocrx_word' id='word_1_81' title='bbox 606 1140 912 1186; x_wconf 87' lang='lat' dir='ltr'>Nihilominus</span> <span class='ocrx_word' id='word_1_82' title='bbox 944 1139 1230 1184; x_wconf 85' lang='lat' dir='ltr'>clandestinis</span> <span class='ocrx_word' id='word_1_83' title='bbox 1264 1140 1432 1183; x_wconf 86' lang='lat' dir='ltr'>nuntiis</span> <span class='ocrx_word' id='word_1_84' title='bbox 1460 1137 1645 1200; x_wconf 88' lang='lat' dir='ltr'>legatio-</span> 
     </span>
     <span class='ocr_line' id='line_1_13' title="bbox 238 1219 1643 1283; baseline -0.001 -19"><span class='ocrx_word' id='word_1_85' title='bbox 238 1221 457 1282; x_wconf 89' lang='lat' dir='ltr'>nibusque</span> <span class='ocrx_word' id='word_1_86' title='bbox 480 1220 748 1283; x_wconf 85' lang='lat' dir='ltr'>Allobrogas</span> <span class='ocrx_word' id='word_1_87' title='bbox 773 1220 1001 1277; x_wconf 86' lang='lat' dir='ltr'>sollicitat,</span> <span class='ocrx_word' id='word_1_88' title='bbox 1025 1237 1220 1282; x_wconf 89' lang='lat' dir='ltr'>quorum</span> <span class='ocrx_word' id='word_1_89' title='bbox 1248 1230 1418 1264; x_wconf 86' lang='lat' dir='ltr'>mentes</span> <span class='ocrx_word' id='word_1_90' title='bbox 1441 1219 1643 1263; x_wconf 85' lang='lat' dir='ltr'>nondum</span> 
     </span>
     <span class='ocr_line' id='line_1_14' title="bbox 238 1301 1644 1364; baseline -0.002 -18"><span class='ocrx_word' id='word_1_91' title='bbox 238 1302 292 1346; x_wconf 88' lang='lat' dir='ltr'>ab</span> <span class='ocrx_word' id='word_1_92' title='bbox 311 1303 541 1364; x_wconf 86' lang='lat' dir='ltr'>superiore</span> <span class='ocrx_word' id='word_1_93' title='bbox 562 1301 678 1346; x_wconf 91' lang='lat' dir='ltr'>bello</span> <span class='ocrx_word' id='word_1_94' title='bbox 699 1302 911 1346; x_wconf 87' lang='lat' dir='ltr'>resedisse</span> <span class='ocrx_word' id='word_1_95' title='bbox 932 1302 1151 1363; x_wconf 87' lang='lat' dir='ltr'>sperabat.</span> <span class='ocrx_word' id='word_1_96' title='bbox 1175 1305 1346 1346; x_wconf 88' lang='lat' dir='ltr'>Horum</span> <span class='ocrx_word' id='word_1_97' title='bbox 1367 1301 1644 1362; x_wconf 90' lang='lat' dir='ltr'>principibus</span> 
     </span>
     <span class='ocr_line' id='line_1_15' title="bbox 240 1380 1646 1444; baseline -0.002 -17"><span class='ocrx_word' id='word_1_98' title='bbox 240 1384 448 1444; x_wconf 85' lang='lat' dir='ltr'>pecunias</span> <span class='ocrx_word' id='word_1_99' title='bbox 463 1418 474 1440; x_wconf 90' lang='lat'>,</span> <span class='ocrx_word' id='word_1_100' title='bbox 497 1384 667 1428; x_wconf 83' lang='lat' dir='ltr'>civitati</span> <span class='ocrx_word' id='word_1_101' title='bbox 687 1393 836 1427; x_wconf 82' lang='lat' dir='ltr'>autem</span> <span class='ocrx_word' id='word_1_102' title='bbox 861 1383 1097 1443; x_wconf 86' lang='lat' dir='ltr'>imperium</span> <span class='ocrx_word' id='word_1_103' title='bbox 1120 1383 1257 1426; x_wconf 88' lang='lat' dir='ltr'>totius</span> <span class='ocrx_word' id='word_1_104' title='bbox 1282 1383 1528 1426; x_wconf 82' lang='lat' dir='ltr'>Provinciae</span> <span class='ocrx_word' id='word_1_105' title='bbox 1552 1380 1646 1443; x_wconf 90' lang='lat' dir='ltr'>pol-</span> 
     </span>
     <span class='ocr_line' id='line_1_16' title="bbox 238 1463 409 1509; baseline 0.018 -3"><span class='ocrx_word' id='word_1_106' title='bbox 238 1463 409 1509; x_wconf 85' lang='lat' dir='ltr'>licetur.</span> 
     </span>
    </p>

    <p class='ocr_par' dir='ltr' id='par_1_3' title="bbox 236 1544 1648 2668">
     <span class='ocr_line' id='line_1_17' title="bbox 301 1544 1645 1607; baseline -0.001 -18"><span class='ocrx_word' id='word_1_107' title='bbox 301 1548 441 1590; x_wconf 89' lang='lat' dir='ltr'><strong>LXV.</strong></span> <span class='ocrx_word' id='word_1_108' title='bbox 479 1546 548 1591; x_wconf 82' lang='lat' dir='ltr'>Ad</span> <span class='ocrx_word' id='word_1_109' title='bbox 589 1547 669 1591; x_wconf 90' lang='lat' dir='ltr'>hos</span> <span class='ocrx_word' id='word_1_110' title='bbox 706 1563 859 1591; x_wconf 86' lang='lat' dir='ltr'>omnes</span> <span class='ocrx_word' id='word_1_111' title='bbox 900 1563 1025 1591; x_wconf 87' lang='lat' dir='ltr'>casus</span> <span class='ocrx_word' id='word_1_112' title='bbox 1066 1547 1240 1607; x_wconf 87' lang='lat' dir='ltr'>provisa</span> <span class='ocrx_word' id='word_1_113' title='bbox 1278 1555 1403 1589; x_wconf 84' lang='lat' dir='ltr'>erant</span> <span class='ocrx_word' id='word_1_114' title='bbox 1442 1544 1645 1606; x_wconf 81' lang='lat' dir='ltr'>praesidia</span> 
     </span>
     <span class='ocr_line' id='line_1_18' title="bbox 237 1627 1645 1690; baseline -0.001 -19"><span class='ocrx_word' id='word_1_115' title='bbox 237 1627 489 1672; x_wconf 89' lang='lat' dir='ltr'>cohortium</span> <span class='ocrx_word' id='word_1_116' title='bbox 521 1628 711 1672; x_wconf 86' lang='lat' dir='ltr'>duarum</span> <span class='ocrx_word' id='word_1_117' title='bbox 739 1639 782 1672; x_wconf 92' lang='lat' dir='ltr'>et</span> <span class='ocrx_word' id='word_1_118' title='bbox 812 1629 992 1690; x_wconf 87' lang='lat' dir='ltr'>viginti,</span> <span class='ocrx_word' id='word_1_119' title='bbox 1024 1645 1121 1689; x_wconf 84' lang='lat' dir='ltr'>quae</span> <span class='ocrx_word' id='word_1_120' title='bbox 1146 1646 1197 1672; x_wconf 85' lang='lat' dir='ltr'>ex</span> <span class='ocrx_word' id='word_1_121' title='bbox 1232 1629 1323 1689; x_wconf 86' lang='lat' dir='ltr'>ipsa</span> <span class='ocrx_word' id='word_1_122' title='bbox 1353 1637 1504 1672; x_wconf 87' lang='lat' dir='ltr'>coacta</span> <span class='ocrx_word' id='word_1_123' title='bbox 1535 1629 1645 1670; x_wconf 87' lang='lat' dir='ltr'>Pro-</span> 
     </span>
     <span class='ocr_line' id='line_1_19' title="bbox 236 1709 1647 1772; baseline -0.001 -20"><span class='ocrx_word' id='word_1_124' title='bbox 236 1709 382 1753; x_wconf 87' lang='lat' dir='ltr'>vincia</span> <span class='ocrx_word' id='word_1_125' title='bbox 411 1709 465 1753; x_wconf 88' lang='lat' dir='ltr'>ab</span> <span class='ocrx_word' id='word_1_126' title='bbox 489 1711 540 1754; x_wconf 94' lang='lat' dir='ltr'>L.</span> <span class='ocrx_word' id='word_1_127' title='bbox 564 1712 737 1754; x_wconf 81' lang='lat' dir='ltr'>Caesare</span> <span class='ocrx_word' id='word_1_128' title='bbox 759 1709 904 1772; x_wconf 87' lang='lat' dir='ltr'>legato</span> <span class='ocrx_word' id='word_1_129' title='bbox 927 1710 983 1754; x_wconf 83' lang='lat' dir='ltr'>ad</span> <span class='ocrx_word' id='word_1_130' title='bbox 1007 1727 1161 1754; x_wconf 88' lang='lat' dir='ltr'>omncs</span> <span class='ocrx_word' id='word_1_131' title='bbox 1188 1719 1336 1771; x_wconf 87' lang='lat' dir='ltr'>partes</span> <span class='ocrx_word' id='word_1_132' title='bbox 1359 1709 1647 1771; x_wconf 83' lang='lat' dir='ltr'>opponeban-</span> 
     </span>
     <span class='ocr_line' id='line_1_20' title="bbox 237 1790 1645 1852; baseline 0 -18"><span class='ocrx_word' id='word_1_133' title='bbox 237 1801 325 1834; x_wconf 85' lang='lat' dir='ltr'>tur.</span> <span class='ocrx_word' id='word_1_134' title='bbox 356 1790 524 1847; x_wconf 82' lang='lat' dir='ltr'>Helvii,</span> <span class='ocrx_word' id='word_1_135' title='bbox 556 1808 634 1835; x_wconf 88' lang='lat' dir='ltr'>sua</span> <span class='ocrx_word' id='word_1_136' title='bbox 663 1801 821 1852; x_wconf 89' lang='lat' dir='ltr'>sponte</span> <span class='ocrx_word' id='word_1_137' title='bbox 849 1808 950 1835; x_wconf 84' lang='lat' dir='ltr'>cuin</span> <span class='ocrx_word' id='word_1_138' title='bbox 982 1791 1181 1835; x_wconf 86' lang='lat' dir='ltr'>finitimis</span> <span class='ocrx_word' id='word_1_139' title='bbox 1211 1790 1370 1852; x_wconf 87' lang='lat' dir='ltr'>proelio</span> <span class='ocrx_word' id='word_1_140' title='bbox 1399 1791 1645 1852; x_wconf 88' lang='lat' dir='ltr'>congressi,</span> 
     </span>
     <span class='ocr_line' id='line_1_21' title="bbox 237 1870 1648 1933; baseline 0 -18"><span class='ocrx_word' id='word_1_141' title='bbox 237 1870 486 1933; x_wconf 90' lang='lat' dir='ltr'>pelluntur,</span> <span class='ocrx_word' id='word_1_142' title='bbox 514 1881 558 1916; x_wconf 86' lang='lat' dir='ltr'>et</span> <span class='ocrx_word' id='word_1_143' title='bbox 585 1874 634 1916; x_wconf 91' lang='lat' dir='ltr'>C.</span> <span class='ocrx_word' id='word_1_144' title='bbox 664 1871 845 1917; x_wconf 88' lang='lat' dir='ltr'>Valerio</span> <span class='ocrx_word' id='word_1_145' title='bbox 874 1875 1159 1928; x_wconf 85' lang='lat' dir='ltr'>Donotauro,</span> <span class='ocrx_word' id='word_1_146' title='bbox 1189 1873 1353 1917; x_wconf 82' lang='lat' dir='ltr'>Caburi</span> <span class='ocrx_word' id='word_1_147' title='bbox 1383 1872 1494 1928; x_wconf 80' lang='lat' dir='ltr'>filio,</span> <span class='ocrx_word' id='word_1_148' title='bbox 1526 1873 1648 1933; x_wconf 84' lang='lat' dir='ltr'>prin-</span> 
     </span>
     <span class='ocr_line' id='line_1_22' title="bbox 237 1952 1647 2014; baseline 0 -18"><span class='ocrx_word' id='word_1_149' title='bbox 237 1953 333 2014; x_wconf 89' lang='lat' dir='ltr'>cipe</span> <span class='ocrx_word' id='word_1_150' title='bbox 357 1953 567 2008; x_wconf 86' lang='lat' dir='ltr'>civitatis,</span> <span class='ocrx_word' id='word_1_151' title='bbox 593 1952 988 2014; x_wconf 88' lang='lat' dir='ltr'>compluribusque</span> <span class='ocrx_word' id='word_1_152' title='bbox 1012 1953 1108 1998; x_wconf 89' lang='lat' dir='ltr'>aliis</span> <span class='ocrx_word' id='word_1_153' title='bbox 1136 1953 1399 2011; x_wconf 85' lang='lat' dir='ltr'>interfectis,</span> <span class='ocrx_word' id='word_1_154' title='bbox 1427 1955 1545 1997; x_wconf 86' lang='lat' dir='ltr'>intra</span> <span class='ocrx_word' id='word_1_155' title='bbox 1569 1971 1647 2014; x_wconf 88' lang='lat' dir='ltr'>op-</span> 
     </span>
     <span class='ocr_line' id='line_1_23' title="bbox 238 2033 1646 2096; baseline 0.001 -19"><span class='ocrx_word' id='word_1_156' title='bbox 238 2033 343 2095; x_wconf 87' lang='lat' dir='ltr'>pida</span> <span class='ocrx_word' id='word_1_157' title='bbox 386 2050 626 2095; x_wconf 87' lang='lat' dir='ltr'>murosque</span> <span class='ocrx_word' id='word_1_158' title='bbox 671 2033 1013 2095; x_wconf 85' lang='lat' dir='ltr'>compelluntur.</span> <span class='ocrx_word' id='word_1_159' title='bbox 1060 2033 1341 2096; x_wconf 81' lang='lat' dir='ltr'>Allobroges,</span> <span class='ocrx_word' id='word_1_160' title='bbox 1387 2035 1554 2080; x_wconf 87' lang='lat' dir='ltr'>crebris</span> <span class='ocrx_word' id='word_1_161' title='bbox 1591 2036 1646 2079; x_wconf 80' lang='lat' dir='ltr'>ad</span> 
     </span>
     <span class='ocr_line' id='line_1_24' title="bbox 237 2114 1646 2178; baseline 0 -18"><span class='ocrx_word' id='word_1_162' title='bbox 237 2114 508 2160; x_wconf 86' lang='lat' dir='ltr'>Rhodanum</span> <span class='ocrx_word' id='word_1_163' title='bbox 544 2115 766 2177; x_wconf 89' lang='lat' dir='ltr'>dispositis</span> <span class='ocrx_word' id='word_1_164' title='bbox 797 2116 1028 2177; x_wconf 84' lang='lat' dir='ltr'>praesidiis,</span> <span class='ocrx_word' id='word_1_165' title='bbox 1060 2133 1219 2178; x_wconf 87' lang='lat' dir='ltr'>magna</span> <span class='ocrx_word' id='word_1_166' title='bbox 1242 2134 1345 2160; x_wconf 86' lang='lat' dir='ltr'>cum</span> <span class='ocrx_word' id='word_1_167' title='bbox 1373 2133 1480 2160; x_wconf 89' lang='lat' dir='ltr'>cura</span> <span class='ocrx_word' id='word_1_168' title='bbox 1506 2126 1550 2160; x_wconf 88' lang='lat' dir='ltr'>et</span> <span class='ocrx_word' id='word_1_169' title='bbox 1578 2116 1646 2160; x_wconf 90' lang='lat' dir='ltr'>di-</span> 
     </span>
     <span class='ocr_line' id='line_1_25' title="bbox 238 2196 1646 2259; baseline 0 -18"><span class='ocrx_word' id='word_1_170' title='bbox 238 2197 422 2259; x_wconf 87' lang='lat' dir='ltr'>ligentia</span> <span class='ocrx_word' id='word_1_171' title='bbox 445 2214 546 2241; x_wconf 89' lang='lat' dir='ltr'>suos</span> <span class='ocrx_word' id='word_1_172' title='bbox 575 2196 683 2241; x_wconf 87' lang='lat' dir='ltr'>fines</span> <span class='ocrx_word' id='word_1_173' title='bbox 711 2207 903 2241; x_wconf 85' lang='lat' dir='ltr'>tuentur.</span> <span class='ocrx_word' id='word_1_174' title='bbox 932 2199 1100 2253; x_wconf 83' lang='lat' dir='ltr'>Caesar,</span> <span class='ocrx_word' id='word_1_175' title='bbox 1129 2197 1249 2258; x_wconf 85' lang='lat' dir='ltr'>quod</span> <span class='ocrx_word' id='word_1_176' title='bbox 1272 2198 1420 2242; x_wconf 90' lang='lat' dir='ltr'>hostes</span> <span class='ocrx_word' id='word_1_177' title='bbox 1447 2199 1646 2259; x_wconf 82' lang='lat' dir='ltr'>equitatu</span> 
     </span>
     <span class='ocr_line' id='line_1_26' title="bbox 237 2278 1648 2341; baseline -0.001 -17"><span class='ocrx_word' id='word_1_178' title='bbox 237 2280 488 2341; x_wconf 89' lang='lat' dir='ltr'>superiores</span> <span class='ocrx_word' id='word_1_179' title='bbox 516 2296 607 2323; x_wconf 88' lang='lat' dir='ltr'>esse</span> <span class='ocrx_word' id='word_1_180' title='bbox 637 2278 935 2341; x_wconf 86' lang='lat' dir='ltr'>intelligebat,</span> <span class='ocrx_word' id='word_1_181' title='bbox 962 2289 1024 2336; x_wconf 91' lang='lat' dir='ltr'>et,</span> <span class='ocrx_word' id='word_1_182' title='bbox 1056 2279 1309 2324; x_wconf 87' lang='lat' dir='ltr'>interclusis</span> <span class='ocrx_word' id='word_1_183' title='bbox 1341 2280 1548 2324; x_wconf 89' lang='lat' dir='ltr'>omnibus</span> <span class='ocrx_word' id='word_1_184' title='bbox 1578 2281 1648 2324; x_wconf 88' lang='lat' dir='ltr'>iti-</span> 
     </span>
     <span class='ocr_line' id='line_1_27' title="bbox 238 2360 1647 2422; baseline 0 -17"><span class='ocrx_word' id='word_1_185' title='bbox 238 2361 437 2418; x_wconf 83' lang='lat' dir='ltr'>neribus,</span> <span class='ocrx_word' id='word_1_186' title='bbox 482 2360 603 2405; x_wconf 89' lang='lat' dir='ltr'>nulla</span> <span class='ocrx_word' id='word_1_187' title='bbox 640 2378 687 2405; x_wconf 92' lang='lat' dir='ltr'>re</span> <span class='ocrx_word' id='word_1_188' title='bbox 725 2378 782 2405; x_wconf 81' lang='lat' dir='ltr'>ex</span> <span class='ocrx_word' id='word_1_189' title='bbox 823 2362 1058 2406; x_wconf 85' lang='lat' dir='ltr'>Provincia</span> <span class='ocrx_word' id='word_1_190' title='bbox 1094 2372 1226 2422; x_wconf 87' lang='lat' dir='ltr'>atque</span> <span class='ocrx_word' id='word_1_191' title='bbox 1264 2360 1393 2405; x_wconf 85' lang='lat' dir='ltr'>Italia</span> <span class='ocrx_word' id='word_1_192' title='bbox 1427 2360 1647 2406; x_wconf 83' lang='lat' dir='ltr'>sublevari</span> 
     </span>
     <span class='ocr_line' id='line_1_28' title="bbox 238 2443 1648 2505; baseline 0 -19"><span class='ocrx_word' id='word_1_193' title='bbox 238 2452 434 2505; x_wconf 88' lang='lat' dir='ltr'>poterat,</span> <span class='ocrx_word' id='word_1_194' title='bbox 463 2453 585 2487; x_wconf 83' lang='lat' dir='ltr'>trans</span> <span class='ocrx_word' id='word_1_195' title='bbox 613 2444 821 2487; x_wconf 79' lang='lat' dir='ltr'>Rhenum</span> <span class='ocrx_word' id='word_1_196' title='bbox 851 2444 896 2487; x_wconf 91' lang='lat' dir='ltr'>in</span> <span class='ocrx_word' id='word_1_197' title='bbox 923 2444 1212 2487; x_wconf 81' lang='lat' dir='ltr'>Germaniam</span> <span class='ocrx_word' id='word_1_198' title='bbox 1243 2444 1382 2487; x_wconf 87' lang='lat' dir='ltr'>mittit</span> <span class='ocrx_word' id='word_1_199' title='bbox 1407 2443 1462 2487; x_wconf 87' lang='lat' dir='ltr'>ad</span> <span class='ocrx_word' id='word_1_200' title='bbox 1490 2460 1561 2487; x_wconf 90' lang='lat' dir='ltr'>eas</span> <span class='ocrx_word' id='word_1_201' title='bbox 1590 2444 1648 2486; x_wconf 78' lang='lat' dir='ltr'>ci-</span> 
     </span>
     <span class='ocr_line' id='line_1_29' title="bbox 238 2525 1646 2586; baseline 0.001 -18"><span class='ocrx_word' id='word_1_202' title='bbox 238 2527 396 2570; x_wconf 85' lang='lat' dir='ltr'>vitates</span> <span class='ocrx_word' id='word_1_203' title='bbox 437 2542 545 2586; x_wconf 86' lang='lat' dir='ltr'>quas</span> <span class='ocrx_word' id='word_1_204' title='bbox 587 2525 889 2585; x_wconf 90' lang='lat' dir='ltr'>superioribus</span> <span class='ocrx_word' id='word_1_205' title='bbox 923 2526 1052 2569; x_wconf 88' lang='lat' dir='ltr'>annis</span> <span class='ocrx_word' id='word_1_206' title='bbox 1088 2534 1348 2586; x_wconf 84' lang='lat' dir='ltr'>pacaverat,</span> <span class='ocrx_word' id='word_1_207' title='bbox 1387 2526 1646 2586; x_wconf 84' lang='lat' dir='ltr'>equitesque</span> 
     </span>
     <span class='ocr_line' id='line_1_30' title="bbox 240 2604 1644 2668; baseline 0 -18"><span class='ocrx_word' id='word_1_208' title='bbox 240 2607 293 2650; x_wconf 86' lang='lat' dir='ltr'>ab</span> <span class='ocrx_word' id='word_1_209' title='bbox 323 2607 391 2650; x_wconf 92' lang='lat' dir='ltr'>his</span> <span class='ocrx_word' id='word_1_210' title='bbox 421 2606 601 2651; x_wconf 84' lang='lat' dir='ltr'>arcessit</span> <span class='ocrx_word' id='word_1_211' title='bbox 628 2616 672 2649; x_wconf 88' lang='lat' dir='ltr'>et</span> <span class='ocrx_word' id='word_1_212' title='bbox 702 2604 808 2650; x_wconf 89' lang='lat' dir='ltr'>levis</span> <span class='ocrx_word' id='word_1_213' title='bbox 841 2617 1076 2651; x_wconf 83' lang='lat' dir='ltr'>armaturae</span> <span class='ocrx_word' id='word_1_214' title='bbox 1100 2607 1291 2668; x_wconf 80' lang='lat' dir='ltr'>pedites,</span> <span class='ocrx_word' id='word_1_215' title='bbox 1319 2607 1394 2667; x_wconf 91' lang='lat' dir='ltr'>qui</span> <span class='ocrx_word' id='word_1_216' title='bbox 1428 2608 1541 2650; x_wconf 84' lang='lat' dir='ltr'>inter</span> <span class='ocrx_word' id='word_1_217' title='bbox 1571 2624 1644 2651; x_wconf 88' lang='lat' dir='ltr'>eos</span> 
     </span>
    </p>
   </div>
   <div class='ocr_carea' id='block_1_3' title="bbox 239 2687 1644 2749">
    <p class='ocr_par' dir='ltr' id='par_1_4' title="bbox 239 2687 1644 2749">
     <span class='ocr_line' id='line_1_31' title="bbox 239 2687 1644 2749; baseline 0.001 -17"><span class='ocrx_word' id='word_1_218' title='bbox 239 2687 433 2749; x_wconf 83' lang='lat' dir='ltr'>proeliari</span> <span class='ocrx_word' id='word_1_219' title='bbox 484 2697 820 2733; x_wconf 84' lang='lat' dir='ltr'>consueverant.</span> <span class='ocrx_word' id='word_1_220' title='bbox 867 2691 1033 2733; x_wconf 87' lang='lat' dir='ltr'>Eorum</span> <span class='ocrx_word' id='word_1_221' title='bbox 1078 2688 1290 2746; x_wconf 72' lang='lat' dir='ltr'>adventu,</span> <span class='ocrx_word' id='word_1_222' title='bbox 1337 2688 1455 2749; x_wconf 91' lang='lat' dir='ltr'>quod</span> <span class='ocrx_word' id='word_1_223' title='bbox 1499 2690 1644 2733; x_wconf 86' lang='lat' dir='ltr'>minus</span> 
     </span>
    </p>
   </div>
  </div>
 </body>
</html>
