1972 3356
347 239 414 277 ¹42
546 232 585 267 C.
613 231 741 266 JULII
771 230 987 265 (IAESARIS
1018 230 1507 268 COMMENTARIORUM

340 318 508 360 hostem
527 315 759 374 jaceretur.
790 314 853 356 Ita
882 312 973 356 sine
1010 312 1206 373 periculo
1237 313 1481 374 legionum,
1517 324 1558 358 et
1597 332 1718 377 paene

340 397 431 439 sine
456 393 657 450 vulnere,
684 391 844 436 bellum
873 392 1169 437 conficiemus.
1198 392 1249 437 Id
1268 403 1414 437 autem
1437 393 1612 438 difficile
1628 412 1715 440 non

341 485 429 529 est,
449 491 585 534 quum
611 483 782 518 tantum
807 474 1004 535 equitatu
1030 472 1262 517 valeamus.
1286 495 1306 516 >³
1328 473 1464 518 Simul
1495 474 1719 520 denuntia-

340 557 421 612 vit,
446 576 467 597 <t
487 566 534 599 ut
561 564 706 598 essent
740 554 886 598 animo
910 554 1050 614 parati
1076 555 1121 597 in
1147 564 1393 614 posterum;
1419 564 1482 611 et,
1511 555 1719 615 quoniam

340 636 464 679 fieret
487 634 722 679 dimicandi
751 643 963 695 potestas,
994 643 1040 678 ut
1071 650 1181 694 saepe
1206 634 1530 695 cogitavissent,
1556 651 1610 679 ne
1640 652 1720 680 usu

341 733 560 776 manuque
586 714 855 775 reliquorum
883 714 1135 776 opinionem
1163 713 1374 758 fallerent.
1395 734 1415 755 »

405 798 674 841 LXXXVII.
705 799 831 839 Hunc
865 795 1085 840 Labienus
1113 795 1301 856 excepit3
1325 804 1388 850 et,
1415 811 1550 855 quum
1579 797 1721 840 Caesa-

341 878 400 920 ris
419 877 566 938 copias
605 876 869 937 despiceret,
897 875 1091 936 Pompeii
1123 873 1353 919 consilium
1383 876 1561 919 summis
1585 874 1722 919 laudi-

341 957 422 1000 bus
446 957 619 1000 efferret
640 973 649 1000 ε
677 976 697 997 α
722 955 848 1010 Noli,
878 956 1040 1015 inquit,
1067 956 1331 1010 existimare,
1356 957 1578 1016 Pompeii,
1604 956 1721 1000 hunc

342 1054 433 1081 esse
473 1037 732 1091 exercitum,
766 1036 842 1096 qui
881 1034 1069 1078 Galliam
1105 1035 1474 1095 Germaniamque
1500 1035 1720 1080 devicerit.

343 1117 561 1160 Omnibus
581 1115 757 1159 interfui
780 1113 968 1176 pl'oelii83
996 1131 1136 1174 neque
1158 1124 1317 1158 temere
1341 1115 1607 1175 incognitam
1631 1132 1721 1159 rem

344 1197 594 1257 pronuntio.
605 1196 842 1256 Pet-exigua
858 1212 957 1257 pars
973 1191 1086 1238 illius
1101 1195 1315 1238 exercitus
1330 1205 1547 1255 superest:
1565 1212 1724 1257 magna

345 1294 442 1337 pars
482 1276 692 1338 deperiit,
721 1275 839 1336 quod
876 1275 1070 1319 accidere
1101 1284 1166 1318 tot
1199 1273 1360 1335 proeliis
1401 1275 1481 1319 fuit
1507 1292 1682 1319 necesse
1712 1293 1721 1319 ε

344 1356 504 1401 multos
543 1357 742 1401 autumni
776 1355 1022 1416 pestilentia
1063 1356 1107 1398 in
1139 1354 1263 1399 Italia
1281 1357 1571 1416 consumpsit,
1599 1355 1724 1400 multi

345 1437 522 1481 domum
548 1437 864 1493 discesserunt,
886 1435 1010 1480 multi
1027 1446 1128 1479 sunt
1151 1435 1289 1479 relicti
1310 1436 1354 1479 in
1378 1437 1633 1480 continenti.
1655 1440 1724 1480 An

345 1534 434 1561 non
471 1517 733 1570 exaudistis,
762 1533 813 1559 ex
850 1516 924 1572 iis,
951 1516 1024 1576 qui
1062 1532 1140 1576 per
1158 1531 1332 1559 causam
1364 1514 1623 1559 valetudinis
1661 1533 1725 1560 rc-

345 1607 627 1651 manserunt,
669 1597 867 1640 cohortes
895 1611 986 1639 esse
1013 1594 1229 1639 Brundisii
1261 1593 1423 1638 factas?
1462 1598 1537 1638 Hae
1570 1596 1722 1656 copiae,

346 1694 453 1737 quas
478 1677 654 1731 videtis,
683 1693 733 1720 ex
755 1674 983 1719 dilectibus
1009 1676 1166 1718 horum
1199 1690 1411 1718 annorum
1440 1676 1484 1719 in
1511 1676 1725 1720 Citeriore

346 1756 489 1801 Gallia
513 1766 615 1800 sunt
646 1755 834 1810 refectae,
871 1764 914 1797 et
941 1752 1137 1814 plerique
1168 1763 1270 1797 sunt
1298 1771 1349 1797 ex
1376 1753 1557 1799 coloniis
1585 1765 1724 1800 trans-

347 1836 526 1898 padanis
571 1853 580 1879 :
612 1845 825 1890 attamen,
864 1833 982 1894 quod
1013 1833 1097 1877 fuit
1126 1833 1316 1889 roboris,
1350 1833 1520 1878 duobus
1564 1835 1725 1896 proeliis

347 1917 619 1978 ‹lyrrachinis
648 1916 826 1959 interiit.
853 1935 874 1956 »
899 1917 1000 1959 Hoec
1026 1931 1161 1974 quum
1184 1914 1385 1971 dixisset,
1412 1915 1593 1976 juravit,
1621 1933 1725 1973 «se,

349 1999 428 2042 nisi
468 1999 700 2052 victorem,
733 1998 777 2040 in
798 2005 937 2040 castra
971 2012 1059 2039 non
1097 2011 1391 2052 reversurum3
1425 1994 1725 2057 reliquosque,

349 2088 396 2122 ut
420 2078 533 2122 idem
561 2078 775 2134 facerent,
806 2077 1004 2120 hortatus
1042 2085 1118 2119 est.
1150 2078 1239 2119 Hos
1266 2074 1446 2119 laudans
1473 2077 1726 2138 Pompeius,

349 2158 462 2202 idem
485 2159 684 2219 juravit:
720 2173 800 2201 nec
823 2172 926 2200 vero
959 2172 1010 2199 ex
1035 2154 1211 2216 reliquis
1246 2155 1328 2199 fuit
1361 2157 1615 2216 quisquam,
1651 2158 1726 2217 qui

344 2239 493 2299 jurare
523 2239 754 2282 dubitaret.
785 2239 888 2281 Haec
928 2253 1063 2296 quum
1106 2235 1219 2280 facta
1255 2245 1398 2280 essent
1439 2237 1482 2279 in
1520 2235 1724 2292 consilio,

351 2335 507 2380 magna
543 2335 618 2379 spe
660 2328 703 2362 et
732 2317 879 2361 laetitia
908 2316 1105 2360 omnium
1139 2315 1376 2360 discessum
1408 2326 1471 2360 est
1507 2333 1516 2359 1
1555 2332 1605 2360 ac
1636 2317 1726 2377 jani

349 2400 496 2443 animo
530 2399 758 2443 victoriam
791 2397 1122 2459 praecipiebant‚
1149 2396 1268 2457 quod
1294 2396 1347 2440 de
1377 2413 1424 2440 re
1450 2406 1594 2451 tanta,
1626 2406 1670 2440 et
1702 2412 1726 2439 a

351 2488 439 2522 tam
476 2480 614 2540 perito
648 2480 940 2540 imperatore,
975 2477 1083 2521 nihil
1117 2476 1277 2521 frustra
1316 2476 1567 2521 confirmari
1604 2475 1725 2519 vide-

350 2557 491 2602 batur.

416 2639 708 2684 LXXXVIII.
731 2640 898 2693 Caesar,
926 2655 1062 2698 quum
1088 2639 1284 2699 Pompeii
1311 2637 1462 2682 castris
1486 2634 1724 2697 appropin-
