1972 3356
278 231 353 267 316
652 230 805 265 NOTAE
837 231 886 265 IN
916 232 1288 268 COMMENTARIA

275 324 358 358 quae
377 310 520 358 duplici
535 309 756 345 efformatur
780 308 972 345 idiomate.
1001 311 1175 347 Ceterum
1195 312 1234 347 in
1257 312 1327 347 hac
1353 316 1604 364 etymologia:
1621 315 1668 353 sit

276 385 345 420 pro
368 372 515 407 ratione
534 371 721 407 voluntas.

327 436 411 471 CAP.
437 434 524 470 XX.
551 434 803 482 Stipendiarii
824 443 1003 471 aratores.
1024 435 1125 471 Dicit
1151 443 1317 473 aratores
1341 439 1406 486 qui
1432 451 1473 474 ea
1494 439 1576 487 lege
1598 452 1667 476 co-

273 497 402 532 lebant
426 508 558 544 agros,
586 503 626 532 ut
651 496 833 532 tributum
854 509 1021 533 annuum
1047 498 1251 534 solverent.

327 560 413 594 Cn.
442 559 569 594 XXII.
587 560 691 594 Istuc
716 560 841 594 oetatis
864 573 974 608 quum
1003 568 1107 596 esset.
1132 561 1224 596 Tres
1244 568 1280 596 et
1303 561 1439 609 viginti
1464 575 1584 598 annos
1604 563 1667 598 in-

272 620 416 668 tellige,
455 633 550 668 quos
592 621 746 669 quidem
783 629 861 657 erat
906 629 1034 665 natus,
1077 629 1169 658 teste
1208 623 1430 670 Plutarcho,
1469 625 1669 674 Pompeius

271 684 452 730 Magnus,
478 695 592 730 quum
619 683 786 731 primum
805 684 973 720 Carboni
1006 684 1189 720 obsistere
1209 685 1376 733 coeperit.

326 754 412 789 (ΠΛΡ.
439 754 585 789 ΧΧΙΙΙ.
618 756 862 803 Reffltutnque
886 756 1068 804 Bogudis.
1107 756 1189 792 Rex
1225 757 1358 805 Bogud
1391 757 1566 793 inimicus
1591 765 1669 794 erat

271 815 394 860 Jubae,
419 816 659 864 partiumque
682 817 976 853 Caesarianarum
990 817 1125 853 fautor.
1151 819 1306 854 Mortuo
1326 820 1486 864 Caesare,
1509 821 1670 856 Antonii

271 884 395 924 partes
414 879 627 927 amplexus,
651 879 842 915 Methonae
860 879 908 915 ab
935 879 1099 928 Agrippa
1120 879 1188 915 fuit
1212 881 1439 918 interfectus.

323 941 407 976 CAP.
435 941 553 977 XXV.
583 943 625 977 P.
652 942 776 977 Silius.
797 941 948 977 Caesaris
976 943 1131 990 legatus.
1156 963 1206 969 —
1234 944 1316 979 Rex
1334 944 1515 980 Bocchus.
1541 943 1671 981 Potins

272 1003 353 1050 lege
380 1004 538 1051 Bogud,
566 1010 605 1038 ut
632 1016 761 1050 supra,
789 1016 869 1051 cap.
895 1003 956 1039 23.

326 1073 409 1109 CAP.
442 1074 618 1110 XXVIII.
645 1075 716 1108 Hic
741 1083 906 1123 propter
934 1074 1202 1109 conscientiam
1235 1084 1480 1122 peccatorum
1505 1089 1667 1112 suorum.

271 1135 441 1170 Salienus
460 1135 620 1180 scilicet,
644 1135 691 1171 de
706 1149 780 1184 quo
802 1136 919 1180 infra,
944 1148 1025 1184 cap.
1053 1135 1113 1179 54.
1138 1136 1213 1171 Cur
1232 1143 1354 1172 autem
1378 1144 1464 1174 tunc
1490 1140 1669 1187 temporis

271 1197 488 1233 Caesarianis
515 1198 786 1243 admisceatur,
808 1199 965 1235 omnino
991 1199 1166 1234 nescitur.

325 1261 411 1296 Cap,
436 1261 583 1297 XXIX.
612 1261 781 1297 Saserna
812 1275 896 1296 cum
931 1261 1140 1297 cohortibus
1175 1275 1237 1297 111.
1271 1262 1325 1299 Cf.
1356 1275 1489 1311 supra,
1517 1275 1598 1312 cap.
1627 1276 1671 1311 9,

271 1322 338 1357 ubi
361 1322 499 1358 dicitur
523 1323 633 1371 Lepti
660 1336 744 1359 cum
769 1324 948 1371 praesidio
976 1337 1042 1360 sex
1063 1325 1277 1360 cohortium
1305 1325 1478 1371 relictu53
1504 1333 1578 1362 tres
1603 1339 1671 1362 au-

271 1392 345 1420 tem
374 1392 531 1432 potuere
550 1385 663 1421 alium
689 1386 728 1421 in
753 1387 878 1422 locum
897 1400 916 1422 a
942 1386 1083 1422 Caesare
1110 1400 1188 1423 esse
1213 1384 1394 1423 abduct‘ae.

326 1448 391 1482 Ad
409 1449 657 1483 decumanam
682 1449 820 1496 defixo.
842 1450 988 1485 Incerta
1018 1449 1130 1485 lectio
1146 1477 1155 1494 ,
1184 1449 1364 1497 omnique
1388 1462 1434 1486 ex
1460 1456 1565 1498 parte
1593 1449 1667 1485 ob-

272 1522 377 1546 scura
404 1511 584 1547 narratio.
612 1512 710 1548 Vide
735 1514 998 1557 GUlSCHARD.,
1026 1514 1140 1548 Ille'm.
1165 1514 1264 1556 mil.,
1289 1513 1364 1548 vol.
1395 1526 1447 1557 11,
1467 1526 1503 1561 p.
1527 1525 1614 1549 220.

323 1582 408 1618 Cap.
436 1583 604 1619 XXXII.
635 1583 900 1633 Caesaremque
931 1584 1010 1630 ejus
1030 1583 1197 1631 affinem.
1224 1584 1322 1619 Julia
1360 1585 1460 1621 enim
1477 1613 1486 1629 ,
1517 1585 1668 1621 Caesaris

271 1644 401 1689 amita,
426 1645 539 1680 Marii
570 1658 667 1680 uxor
689 1653 779 1682 erat.

325 1716 410 1751 cip.
431 1717 602 1752 XLVIII.
639 1716 776 1752 Contra
804 1718 932 1753 Silium
957 1718 1098 1755 relicto.
1123 1719 1181 1754 De
1196 1718 1297 1764 cujus
1322 1719 1563 1766 aggressione
1583 1722 1670 1758 vide

271 1778 422 1823 hujusce
445 1779 533 1812 libri
556 1791 636 1826 cap.
667 1778 726 1814 25.

322 1839 406 1875 cip.
443 1841 541 1876 LVI.
583 1842 816 1889 Hiempsalis
846 1843 957 1891 regis.
991 1843 1244 1891 Hiempsalem
1283 1856 1311 1878 ιι
1347 1845 1538 1894 intellige,
1564 1846 1669 1882 Jubae

271 1909 429 1950 patrem.

327 1965 411 1999 Cn.
438 1966 535 2001 le.
567 1968 611 2000 In
645 1967 765 2001 aciem
792 1967 971 2002 instructi.
1002 1968 1058 2003 De
1094 1968 1279 2004 exercitus
1307 1969 1499 2017 utriusque
1531 1970 1671 2007 instru-

273 2026 397 2062 ctione
418 2040 551 2063 sanum
576 2029 643 2064 erit
673 2029 847 2065 conferre
874 2029 977 2077 quod
1004 2030 1095 2065 dicit
1116 2030 1341 2067 Guischard.
1368 2031 1505 2079 (illem.
1536 2034 1668 2077 nn‘lit„

272 2089 347 2125 vol.
380 2102 436 2134 11,
456 2102 492 2137 p.
519 2090 724 2140 246-249).
944 2135 950 2139 ,

324 2160 409 2196 ΟΑΡ.
433 2162 568 2197 LXIV.
585 2163 627 2197 P.
643 2163 830 2210 Ligarius.
853 2163 970 2210 Hujus
991 2164 1131 2212 Ligarii
1155 2165 1286 2209 frater,
1307 2178 1417 2212 quem
1437 2165 1568 2201 Cicero
1582 2179 1670 2213 pei·-

274 2223 409 2258 illustri
431 2224 605 2260 oratione
626 2225 808 2260 defendit.
835 2225 985 2261 Dicitur
1005 2234 1127 2262 autem
1143 2228 1215 2262 hoc
1242 2228 1277 2262 in
1303 2229 1390 2263 loco
1412 2227 1668 2274 Afranianus,

273 2284 356 2332 quia
377 2287 448 2321 sub
472 2287 647 2332 Afranio,
668 2288 840 2335 Pompeii
861 2289 1007 2337 legato,
1036 2289 1073 2324 in
1099 2291 1278 2337 Ilispania
1307 2291 1524 2326 bellaverat.

328 2351 363 2383 A
384 2349 540 2384 Nasidii
556 2351 678 2385 classe
697 2359 862 2398 captum.
890 2352 946 2386 Dc
973 2364 1050 2399 quo
1076 2352 1163 2387 vide
1185 2353 1282 2387 Bell.
1303 2352 1396 2397 Cio„
1417 2352 1482 2388 lib.
1499 2365 1556 2394 11,
1581 2365 1612 2387 c.
1636 2352 1668 2388 3.

326 2420 411 2455 CAP.
425 2421 594 2456 LXXIV.
610 2422 964 2457 Demonstravimus.
981 2423 1126 2470 Nempe
1141 2423 1179 2458 in
1201 2423 1324 2471 capite
1337 2423 1490 2470 hujusce
1505 2423 1594 2459 libri
1607 2422 1669 2458 68.

326 2492 413 2526 Cim.
434 2493 607 2528 LXXXI.
635 2494 830 2542 oppositis
849 2494 1008 2542 quinque
1035 2495 1241 2543 legionibus·
1264 2495 1300 2529 in
1325 2503 1459 2543 quarta
1479 2495 1570 2529 acie.
1593 2494 1667 2529 Re>

273 2555 367 2590 etius
387 2567 477 2591 sane
511 2562 607 2591 esset
634 2556 758 2604 legere
780 2569 865 2592 cum
892 2556 1128 2593 Guischardo
1165 2556 1304 2606 (illem.
1331 2557 1409 2592 crit.
1453 2564 1490 2591 et
1513 2556 1638 2591 histor.
1660 2584 1667 2597 ,

273 2623 362 2652 tom.
393 2631 446 2662 iv,
466 2631 502 2666 p.
533 2617 633 2668 238)
656 2632 663 2653 :
691 2636 705 2651 «
724 2619 922 2667 Oppositis
945 2619 1110 2667 quinque
1129 2619 1342 2668 legionibus
1363 2618 1401 2654 in
1425 2618 1547 2653 media
1577 2618 1657 2654 acie.

274 2679 318 2713 In
344 2688 473 2728 quarta
495 2681 573 2717 acie
592 2688 677 2717 ante
702 2681 818 2730 ipsa...
841 2682 1046 2717 collocatis.
1068 2698 1080 2711 >=
