1972 3356
367 231 441 267 288
599 232 638 266 C.
667 231 795 266 JULII
825 230 1045 266 CAESARIS
1076 230 1339 266 COMMENT.
1369 233 1514 268 LIBER

315 336 320 339 ·
368 316 502 360 saucii
527 314 693 375 aliquot
715 313 969 359 occiderunt
991 331 1041 358 ex
1062 313 1143 359 levi
1162 325 1396 359 armatura.
1415 318 1477 360 Ea
1503 326 1628 361 nocte
1650 334 1747 379 spe-

366 395 581 440 culatores
596 395 798 457 prehensi
811 395 924 439 servi
939 404 1025 439 tres
1039 429 1050 450 ,
1064 405 1107 439 et
1118 411 1231 440 unus
1247 411 1298 440 ex
1314 395 1485 457 legione
1497 396 1747 442 vernacula.

366 476 490 521 Servi
516 485 617 520 sunt
641 476 684 520 in
711 492 882 521 crucem
908 475 1086 532 sublati,
1119 474 1242 520 militi
1269 477 1456 521 cervices
1479 477 1689 522 abscissae.

430 559 551 602 XXI.
575 560 756 602 Postero
772 557 841 601 die
855 558 1022 618 equites
1043 573 1143 601 cum
1164 556 1247 601 levi
1271 568 1495 602 armatura
1518 575 1571 602 ex
1595 558 1750 603 adver-

368 640 582 684 sariorum
620 640 774 683 castris
809 639 863 682 ad
900 655 978 682 nos
1006 637 1348 700 transfugerunt.
1383 641 1435 683 Et
1473 656 1524 683 eo
1556 648 1753 701 tempore

368 721 543 766 circiter
576 737 624 765 xl
651 721 817 781 equites
843 719 897 764 ad
924 730 1153 781 aquatores
1179 730 1352 764 nostros
1381 730 1752 774 excucurrerunt,

370 800 604 846 nonnullos
642 800 977 856 interfecerunt,
1020 802 1122 845 item
1161 800 1268 845 alios
1306 802 1427 845 vivos
1459 801 1752 845 abduxerunt.

370 886 435 928 Ex
449 884 670 944 equitibus
690 883 804 944 capti
821 893 922 926 sunt
949 884 1116 943 equites
1133 899 1232 927 vni.
1257 883 1510 944 Insequenti
1539 882 1607 927 die
1632 885 1755 927 Pom-

370 965 494 1026 peius
511 965 653 1009 securi
670 965 882 1026 percussit
907 963 1104 1007 homines
1119 980 1258 1008 Lxx1v
1273 997 1284 1019 ,
1298 965 1373 1024 qui
1393 963 1652 1008 dicebantur
1666 981 1756 1008 esse

370 1046 562 1091 fautores
580 1045 762 1090 Caesaris
782 1044 972 1088 victoriae
989 1061 998 1087 ε
1015 1042 1208 1104 reliquos
1232 1044 1275 1086 in
1301 1043 1511 1105 oppidum
1532 1043 1661 1104 jussit
1686 1044 1759 1089 de-

370 1126 495 1184 (luci3
520 1143 573 1171 ex
586 1126 746 1187 quibus
760 1125 1013 1187 effugerunt
1030 1141 1145 1181 cxx,
1163 1135 1205 1168 et
1221 1125 1274 1168 ad
1291 1126 1505 1169 Caesarem
1526 1134 1755 1169 venerunt.

435 1209 578 1252 XXII.
604 1209 700 1252 Hoc
723 1207 944 1269 praeterito
977 1216 1197 1268 tempore,
1226 1206 1300 1267 qui
1328 1206 1373 1249 in
1398 1205 1563 1267 oppido
1590 1209 1759 1268 Ategua

372 1288 710 1335 Bursavolenses
746 1289 861 1350 capti
889 1297 1017 1344 sunt,
1046 1287 1173 1349 legati
1200 1286 1382 1349 profecti
1412 1297 1514 1331 sunt
1539 1304 1639 1331 cum
1675 1304 1756 1332 no-

372 1372 497 1427 stris,
532 1371 594 1416 uti
634 1387 723 1416 rem
755 1380 919 1432 gestam
957 1368 1347 1413 Bursavolensibus
1386 1367 1620 1424 referrent,
1650 1368 1756 1429 quid

372 1462 598 1515 sperarent
624 1451 676 1496 de
701 1454 783 1497 Cn.
818 1451 1026 1512 Pompeio
1043 1484 1054 1506 ‚
1082 1467 1219 1510 quum
1244 1449 1443 1494 viderent
1478 1448 1671 1510 hospites
1697 1449 1765 1510 ju·

374 1533 539 1595 gulari,
564 1543 776 1595 praeterea
805 1530 945 1576 multa
969 1530 1130 1575 scelera
1155 1532 1208 1575 ab
1238 1531 1287 1574 iis
1315 1530 1432 1587 fieri,
1461 1531 1536 1591 qui
1567 1529 1758 1592 praesidii

374 1632 504 1660 causa
527 1615 580 1658 ab
603 1615 670 1658 his
698 1615 1009 1674 reciperentur.
1032 1613 1122 1670 Qui
1140 1629 1277 1672 quum
1302 1611 1357 1656 ad
1383 1611 1594 1673 oppidum
1622 1612 1764 1655 venis-

375 1704 496 1748 sent,
522 1695 683 1751 nostri,
713 1694 789 1754 qui
824 1694 1005 1737 fuissent
1040 1694 1206 1753 equites
1244 1693 1413 1736 romani
1441 1702 1483 1736 et
1511 1702 1733 1736 senatores
1751 1727 1763 1748 ,

375 1793 463 1820 non
491 1786 594 1819 sunt
614 1776 708 1819 ausi
735 1775 916 1817 introire
933 1775 976 1817 in
991 1774 1227 1834 oppidum,
1251 1782 1539 1833 praeterquam
1565 1773 1640 1833 qui
1667 1773 1760 1833 ejus

375 1857 563 1901 civitatis
600 1856 796 1900 fuissent.
824 1856 1028 1914 Quorum
1056 1855 1275 1916 responsis
1298 1853 1416 1899 ultro
1451 1855 1650 1915 citroque
1695 1870 1766 1898 ac-

375 1938 513 1999 ceptis
537 1947 579 1982 et
613 1936 815 1991 redditis,
845 1953 982 1998 quum
1019 1935 1072 1980 ad
1107 1946 1278 1980 nostros
1311 1952 1355 1980 se
1383 1936 1650 1996 reciperent,
1687 1935 1763 1996 qui

377 2029 498 2064 extra
516 2018 728 2080 oppidum
749 2017 956 2074 fuissent,
982 2015 1046 2061 illi
1067 2016 1120 2061 ‹le
1138 2016 1338 2078 praesidio
1353 2016 1561 2070 insecuti,
1577 2032 1630 2060 ex
1645 2032 1767 2060 aver-

377 2101 499 2145 sione
524 2099 690 2162 legatos
721 2098 984 2161 jugularunt
1013 2116 1020 2142 :
1052 2098 1139 2143 duo
1164 2097 1349 2158 reliqui,
1373 2098 1448 2158 qui
1477 2113 1530 2140 ex
1553 2097 1613 2141 eis
1641 2096 1763 2158 fuge-

379 2191 505 2235 runt,
525 2182 686 2226 Caesari
718 2197 811 2224 rein
837 2189 999 2242 gestam
1023 2179 1296 2234 detulerunt,
1318 2189 1359 2224 et
1390 2177 1683 2240 speculatores
1708 2176 1762 2221 ad

380 2262 592 2324 oppidum
618 2265 832 2324 Ateguam
858 2262 1083 2306 miserunt.
1113 2261 1203 2318 Qui
1233 2277 1368 2321 quum
1399 2270 1565 2304 certum
1595 2275 1768 2320 compe-

380 2345 536 2388 rissent
565 2342 809 2405 legatorum
829 2360 1057 2405 responsa,
1092 2345 1150 2386 ita
1180 2359 1269 2386 esse
1302 2351 1445 2403 gesta,
1485 2340 1767 2401 quemadmo-

382 2425 487 2470 dum
515 2424 576 2469 illi
599 2424 872 2481 retulissent,
895 2424 949 2468 ab
976 2423 1207 2485 oppidanis
1233 2439 1452 2467 concursu
1479 2422 1617 2478 sacto,
1643 2437 1766 2469 eum,

383 2506 459 2567 qui
492 2505 657 2567 legatos
685 2505 950 2567 jugulasset,
977 2504 1191 2565 lapidare,
1222 2504 1323 2548 etei
1361 2519 1515 2547 manus
1554 2503 1768 2546 intentare

385 2597 611 2648 coeperunt
637 2605 646 2631 ε
678 2586 794 2632 illius
817 2603 947 2648 opera
973 2603 1016 2629 se
1047 2587 1221 2647 perisse.
1243 2588 1331 2640 Ita,
1357 2586 1427 2628 vix
1444 2580 1642 2645 periculo
1662 2580 1768 2625 libc-

386 2678 530 2724 ratus,
559 2669 685 2729 petiit
710 2669 764 2712 ab
790 2667 1040 2729 oppidanis,
1069 2677 1113 2711 ut
1140 2669 1177 2711 ei
1204 2666 1355 2710 liceret
1384 2663 1574 2725 legatum
1602 2661 1655 2705 ad
1683 2664 1771 2706 Cae-
