1972 3356
411 267 482 313 276
641 266 680 300 C.
710 266 839 300 JULII
870 266 1086 301 CAESARIS
1116 266 1376 302 COMMENT.
1408 269 1551 303 LIBER

472 351 527 392 Il.
556 351 605 392 C.
633 349 780 392 Caesar
804 348 991 392 dictator
1014 365 1091 401 111,
1119 349 1369 411 designatus
1393 366 1458 405 1v,
1487 349 1635 393 multis
1662 352 1784 395 itine-

407 430 527 473 ribus
556 439 658 473 ante
682 428 912 484 confectis,
933 446 1070 490 quum
1098 428 1225 474 celeri
1249 430 1522 474 festinatione
1545 429 1600 474 ad
1623 429 1786 475 bellum

407 510 729 555 conficiendum
765 512 807 555 iu
840 512 1097 573 Hispaniam
1127 513 1333 567 venisset,
1372 511 1500 573 legati
1538 511 1786 556 corduben-

405 608 491 648 ses,
517 593 593 653 qui
614 609 637 636 a
662 595 741 637 Cn.
769 594 976 653 Pompeio
999 591 1309 648 discesserant,
1337 593 1497 637 Caesari
1521 593 1693 636 obviam
1720 609 1789 636 ve-

408 673 537 716 niunt
563 690 572 716 ε
595 689 618 716 a
639 673 801 734 quibus
822 673 1132 727 nuntiabatur,
1157 692 1177 713 «
1199 683 1418 716 nocturno
1430 683 1633 734 tempore
1657 674 1786 734 oppi-

406 753 510 798 dum
540 753 792 800 Cordubam
821 754 917 815 capi
947 770 1099 814 posse,
1134 752 1251 814 quod
1292 770 1372 797 nec
1401 753 1684 814 opinantibus
1713 752 1789 798 ad-

405 835 606 879 versariis
620 836 714 896 ejus
733 836 969 896 provinciae
985 844 1150 896 potitus
1179 844 1312 889 esset,
1332 834 1549 896 simulque
1575 833 1788 879 tabellarii

405 917 521 978 capti
546 926 709 972 esseut,
736 916 811 976 qui
838 932 861 959 a
887 917 966 960 Cn.
995 915 1204 976 Pompeio
1231 915 1430 976 dispositi
1457 915 1661 959 omnibus
1682 914 1787 959 locis

405 1007 550 1053 erant,
572 1014 660 1057 quo
683 996 914 1040 certiorem
939 998 1021 1039 Cn.
1041 997 1298 1056 Pompeium
1324 996 1376 1039 de
1396 997 1579 1040 Caesaris
1600 996 1789 1041 adventu

405 1079 611 1121 facerent.
633 1097 654 1117 n
669 1075 814 1121 Multa
831 1086 1036 1138 praeterea
1062 1076 1311 1120 verisimilia
1334 1076 1652 1138 proponebant.
1677 1077 1786 1134 Qui-

404 1159 484 1203 bus
511 1159 642 1202 rebus
671 1158 911 1214 adductus,
941 1175 1050 1219 quos
1078 1157 1244 1220 legatos
1272 1167 1372 1202 ante
1398 1159 1605 1202 exercitui
1633 1157 1788 1219 praefe-

404 1249 545 1294 cerat,
567 1240 622 1296 Q.
652 1239 833 1283 Pedium
859 1249 901 1283 et
930 1241 986 1297 Q.
1023 1239 1205 1283 Fabium
1228 1239 1499 1293 Maximum,
1525 1237 1578 1282 de
1604 1255 1682 1282 suo
1711 1238 1788 1282 ad-

406 1330 538 1364 ventu
564 1319 665 1364 facit
692 1320 924 1371 certiores,
962 1329 1032 1375 ut,
1063 1336 1193 1380 quem
1224 1320 1304 1362 sibi
1334 1319 1580 1380 equitatum
1617 1335 1666 1362 ex
1693 1335 1792 1380 pro-

403 1402 545 1446 vincia
574 1402 797 1457 fecissent,
835 1401 1036 1463 praesidio
1072 1402 1311 1445 mitterent.
1346 1399 1415 1444 Ad
1442 1416 1551 1460 quos
1586 1398 1791 1454 celerius,

403 1499 537 1542 quam
564 1483 642 1544 ipsi
669 1484 835 1545 opinati
864 1492 966 1527 sunt
983 1517 994 1539 ,
1019 1482 1415 1543 appropinquavit,
1443 1498 1608 1542 neque,
1634 1491 1681 1525 ut
1700 1481 1791 1542 ipse

404 1562 570 1620 voluit,
597 1564 839 1625 equitatum
867 1564 949 1608 sibi
980 1563 1180 1624 praesidio
1201 1562 1367 1606 habuit.

468 1646 548 1687 Ill.
579 1647 683 1688 Erat
717 1644 831 1687 idem
876 1644 1086 1705 temporis
1113 1645 1231 1686 Sext.
1255 1644 1489 1704 Pompeius
1519 1643 1675 1699 frater,
1713 1645 1788 1704 qui

403 1742 501 1768 cum
539 1724 738 1785 praesidio
775 1724 1028 1769 Cordubam
1054 1725 1254 1779 tenebat,
1278 1723 1397 1784 quod
1426 1724 1519 1783 ejus
1555 1725 1790 1785 provinciae

403 1814 537 1865 caput
551 1821 642 1848 esse
665 1804 995 1847 existimabatur
1022 1820 1030 1847 ε
1062 1804 1152 1864 ipse
1176 1813 1321 1847 autem
1337 1804 1418 1847 Cu.
1438 1805 1669 1865 Pompeius
1690 1804 1792 1849 ado-

403 1884 566 1929 lescens
598 1884 745 1929 Uliam
775 1884 988 1945 oppidum
1011 1884 1316 1945 oppugnabat,
1338 1893 1380 1927 et
1401 1883 1488 1928 fere
1507 1885 1600 1946 jam
1623 1884 1792 1946 aliquot

403 1966 621 2009 mensibus
648 1966 706 2009 ibi
733 1965 1025 2009 detinebatur.
1059 1966 1161 2022 Quo
1194 1982 1246 2008 ex
1271 1964 1457 2026 oppido,
1491 1966 1668 2027 cognito
1693 1968 1789 2011 Cae-

401 2047 508 2090 saris
542 2046 730 2090 adventu
747 2082 757 2101 ‚
788 2045 938 2107 legati,
967 2044 1079 2090 clam
1106 2045 1308 2107 praesidia
1335 2048 1417 2091 Cn.
1440 2047 1665 2107 Pompeii,
1695 2049 1788 2092 Cae-

401 2144 541 2173 sarem
571 2144 707 2188 quum
734 2127 948 2184 adissent,
982 2137 1129 2188 petere
1161 2136 1408 2188 coeperunt,
1445 2137 1492 2171 ut
1530 2128 1610 2172 sibi
1645 2128 1788 2189 primo

400 2225 575 2269 quoque
609 2218 805 2270 tempore
830 2207 1073 2252 subsidium
1105 2209 1310 2252 mitteret.
1342 2210 1488 2252 Caesar
1513 2225 1607 2252 cam
1636 2209 1789 2253 civita-

401 2298 488 2332 tem
513 2289 632 2332 omni
665 2299 862 2350 tempore
897 2289 1061 2351 optime
1086 2288 1138 2333 de
1174 2288 1338 2350 populo
1367 2305 1552 2333 romano
1589 2290 1788 2334 meritam

400 2385 490 2414 esse
517 2370 683 2427 sciens,
710 2369 914 2415 celeriter
939 2386 984 2414 VI
1013 2371 1213 2414 cohortes
1252 2369 1441 2414 secunda
1481 2369 1629 2432 vigilia
1662 2370 1787 2431 jubet

401 2450 645 2511 proficisci,
667 2452 849 2512 parique
873 2452 1038 2513 equites
1061 2468 1244 2496 numero
1275 2468 1283 2495 :
1309 2451 1467 2512 quibus
1491 2450 1685 2512 praefecit
1711 2451 1789 2495 ho-

400 2532 563 2576 miuem
589 2533 683 2593 ejus
713 2534 950 2594 provinciae
975 2542 1128 2576 notum
1144 2568 1154 2588 ,
1182 2542 1223 2576 et
1247 2549 1335 2576 non
1360 2549 1514 2593 parum
1550 2532 1757 2576 scientem
1775 2567 1786 2588 ,

400 2614 450 2656 L.
474 2614 653 2658 Junium
673 2616 917 2660 Paciecum.
948 2615 1038 2673 Qui
1065 2632 1200 2675 quum
1228 2614 1283 2659 ad
1310 2617 1390 2660 Cn.
1419 2614 1615 2674 Pompeii
1645 2614 1790 2674 praesi-

401 2693 471 2736 dia
512 2697 717 2752 venisset,
750 2696 903 2740 incidit
932 2695 1045 2739 idem
1084 2696 1311 2757 temporis,
1346 2704 1394 2739 ut
1428 2703 1683 2754 tempestate
1711 2694 1788 2738 ad-
