1972 3356
432 246 689 284 COMMENT.
720 249 786 283 DE
816 248 973 283 BELLO
1003 246 1225 283 GALLICO.
1447 245 1521 294 259

136 321 247 363 vices,
265 323 544 370 praesertimque
558 323 604 359 de.
618 324 773 359 nomine
791 323 1101 359 Cambiovicenses
1115 321 1278 357 conflato
1293 336 1313 356 a
1330 322 1523 358 Cambium

136 388 171 415 et
196 383 380 425 vicenses,
418 397 496 432 quae
527 386 655 421 ultima
688 399 763 421 vox
785 400 804 421 a
827 387 932 421 vicus
961 385 1151 421 derivatur
1171 398 1178 419 :
1209 384 1524 420 Cambiovicenses

136 443 291 479 denotat
315 445 428 492 igitur
451 448 611 494 populos
638 447 700 494 qui
731 448 877 483 Cambii
898 448 1001 483 vicos
1023 447 1266 491 habitabant,
1287 447 1523 495 proindeque

137 505 174 539 in
188 504 571 550 finibus,Mercurium
584 509 1009 555 mercatorumlucrique
1023 509 1135 544 deum
1150 510 1340 554 colebant3
1355 516 1389 544 et
1402 509 1523 556 reipsa

136 567 266 613 populi
281 575 364 602 sunt
378 568 486 603 etiam
502 581 600 604 nunc
613 569 765 604 subdoli
784 569 986 616 provinciae
1000 568 1166 604 finitimae
1183 571 1281 605 inter
1294 571 1474 618 Bituriges
1488 578 1523 605 et

136 629 369 672 Lemovices,
383 630 496 665 hodie
515 632 553 664 la
568 631 728 665 Marche
746 637 978 677 nuncupatae.
994 631 1058 665 Hae
1073 631 1237 678 origines
1250 632 1290 666 in
1305 644 1419 678 opere
1438 633 1523 679 gal*

135 690 206 724 lico
231 690 501 737 manuscripto,
522 691 579 725 cui
599 692 724 726 titulus
744 699 796 726 est
822 691 1058 740 Ge'ograplzie
1082 692 1367 740 arclzeologique
1386 700 1422 726 et
1443 705 1524 738 my—

136 751 344 799 tlzologique
367 752 432 786 des
456 753 614 795 Gaules,
639 753 750 788 fusius
778 753 1092 788 demonstrantur.

186 844 268 878 Csp.
284 844 409 878 XXII.
430 845 737 880 Adcantuannus.
761 845 902 880 Mirum
931 845 970 880 in
992 845 1147 880 modum
1169 845 1288 881 variat
1316 844 1424 891 hujus
1448 858 1522 880 no-

133 904 243 939 minis
275 905 396 939 lectio.
426 906 500 940 Alii
533 908 761 950 Adc'atunus,
791 908 1043 950 Adiatonnus,
1077 907 1339 949 Adiaterinus,
1373 913 1408 942 et
1444 907 1523 941 aliis

131 966 264 1001 modis.
285 966 416 1001 Exstat
435 981 606 1003 nummus
626 982 645 1003 a
665 969 839 1005 Pellerin.
861 969 1010 1014 citatus,
1026 970 1131 1011 Rea,
1156 982 1189 1013 1,
1209 981 1244 1016 p.
1267 967 1313 1004 32
1327 996 1335 1012 ‚
1348 968 1414 1004 ubi
1425 969 1523 1016 legi—

132 1035 191 1063 tur
209 1029 315 1065 REX
339 1031 680 1066 AALETVQNVS.
704 1031 749 1065 In
770 1043 856 1066 area
879 1038 989 1078 caput
1013 1030 1151 1074 leonis,
1176 1030 1214 1064 in
1238 1037 1343 1077 parte
1368 1030 1522 1065 adversa

132 1092 368 1136 SOTIOGA3
394 1092 459 1127 sed
491 1092 538 1127 ad
565 1092 725 1128 Sotiates
752 1093 1136 1139 Adcantuannumque
1161 1092 1293 1127 referri
1313 1104 1424 1139 posse
1445 1105 1522 1126 non

131 1153 223 1188 mihi
250 1154 407 1189 videtur.
432 1156 468 1189 Is
487 1167 552 1190 rex
574 1155 871 1190 Adcantuannus
893 1154 993 1202 apud
1012 1155 1251 1199 Athenaeum‚
1270 1154 1336 1189 lib.
1355 1167 1396 1189 vl
1411 1182 1420 1198 ‚
1438 1155 1524 1190 etin

132 1216 260 1262 ecloga
283 1228 302 1250 e
320 1216 419 1251 libro
441 1229 530 1251 cxw
547 1216 694 1251 Nicolai
710 1213 1194 1263 Damasceni‚’AA*1d7·ogaos
1208 1222 1374 1250 vocat-ur.
1389 1216 1524 1263 Scripti

132 1277 221 1311 libri
249 1278 342 1312 nihil
374 1278 531 1313 variant.
558 1278 713 1313 Constat
738 1285 860 1313 tamen
892 1278 1071 1313 alterutro
1097 1279 1183 1313 loco
1210 1277 1390 1312 mendose
1412 1278 1523 1312 scribi

131 1339 203 1374 hoc
228 1352 379 1375 nomen,
397 1340 471 1375 Sed
488 1337 723 1382 'Asta-coum
742 1352 903 1386 graecum
929 1347 999 1383 est,
1022 1340 1115 1375 sicut
1134 1347 1170 1375 et
1189 1339 1344 1374 Sotiates
1366 1352 1525 1386 quorum

129 1413 196 1435 rex
221 1408 319 1445 erat,
347 1399 625 1448 significatque,
649 1401 809 1448 quinon
837 1408 891 1436 est
916 1401 956 1435 in
983 1401 1058 1436 duo
1090 1401 1221 1436 scissus
1249 1401 1306 1435 vel
1331 1400 1470 1435 divisus
1479 1414 1488 1445 3
1506 1413 1524 1435 e

131 1469 260 1497 contra
280 1464 575 1498 Adcantuannus
595 1475 664 1497 nec
683 1474 858 1510 graecum,
878 1475 947 1498 nec
967 1463 1134 1498 latinum.
1154 1462 1215 1497 Nil
1240 1462 1395 1496 dubium
1414 1462 1525 1508 igitur

130 1524 218 1571 quin
236 1524 282 1559 sit
301 1524 502 1572 legendum
525 1525 634 1559 etiam
654 1525 692 1559 in
713 1525 853 1560 Caesare
878 1526 1107 1560 Adz'atomus.

181 1618 264 1653 (ΠΛΡ.
277 1617 616 1652 XX11.Soldun·0s.
634 1618 720 1652 Haec
730 1630 805 1652 vox
822 1629 924 1652 mere
936 1617 1051 1652 latina
1070 1623 1232 1661 est‚non
1252 1616 1399 1660 celtica,
1419 1616 1457 1651 id
1472 1623 1524 1651 est

129 1679 315 1715 cambrica
326 1679 387 1715 vel
395 1679 580 1714 armorica
589 1706 599 1724 ‚
617 1686 655 1714 ut
664 1680 760 1714 male
769 1686 936 1715 asserunt
947 1678 1123 1714 nonnulli
1137 1692 1144 1714 :
1161 1678 1330 1714 eamdem
1339 1678 1523 1725 originem

127 1748 163 1777 et
181 1740 493 1789 significationem
517 1741 631 1777 habet
655 1754 697 1776 ac
716 1754 792 1777 vox
814 1741 948 1789 gallica
971 1742 1114 1785 soldat‚
1140 1740 1343 1788 antiquitus
1365 1741 1520 1783 soldier,

126 1804 318 1838 souldard.
332 1804 499 1850 Utraque
513 1802 703 1838 derivatur
716 1815 737 1837 a
749 1804 913 1837 solidum
920 1829 932 1846 ,
948 1803 1079 1850 gallice
1101 1803 1207 1837 solde
1215 1828 1226 1845 ,
1245 1814 1357 1850 paye,
1374 1802 1523 1846 salaire‚

127 1866 272 1908 soldus,
291 1877 464 1899 nummus
485 1876 615 1899 aureus
635 1864 700 1911 qui
715 1865 856 1898 solidus
875 1871 946 1908 est,
967 1864 1007 1898 id
1026 1871 1080 1899 est
1099 1864 1164 1911 qui
1183 1876 1263 1899 non
1283 1870 1337 1899 est
1362 1876 1448 1911 pars
1467 1865 1521 1898 al-

128 1926 259 1970 terius3
281 1926 384 1974 quod
413 1925 572 1961 soldurz'i
599 1925 790 1973 stipendio
823 1926 928 1974 quasi
961 1926 1134 1961 mercede
1160 1926 1339 1961 conducti
1371 1933 1520 1961 essent:

128 1989 201 2024 hoc
217 1988 343 2023 verbis
363 1987 477 2034 ipsius
491 1987 644 2023 Caesaris
657 1985 917 2032 confirmatur,
931 1994 967 2023 et
980 1988 1058 2023 sole
1076 1987 1289 2023 meridiano
1303 1986 1436 2022 elarius
1457 1995 1520 2022 est.

127 2051 228 2086 Male
246 2050 360 2097 igitur
380 2047 597 2096 Σιλοὸούροι
621 2056 683 2085 aut
702 2044 916 2087 {masalmae
940 2050 1041 2097 apud
1064 2050 1298 2093 Athenaeum,
1327 2049 1521 2084 Nicolaum

128 2114 401 2148 Damascenum
421 2118 457 2147 et
473 2112 707 2147 Eustathium
724 2111 870 2160 legitur.
888 2113 1037 2148 Nomen
1056 2124 1146 2147 vero
1166 2111 1299 2159 populi
1318 2111 1518 2154 Somnum,

129 2186 223 2222 quos
249 2172 459 2210 Σωτιανοὺς
481 2181 592 2209 vocat
619 2175 814 2210 Athenaeus
838 2175 898 2210 vel
922 2174 1048 2222 potius
1072 2174 1343 2216 Dmascenus,
1369 2179 1404 2207 et
1425 2172 1522 2208 inter

129 2248 221 2283 quos
241 2236 408 2272 Soldurii
426 2243 548 2280 erant,
566 2236 659 2270 mihi
678 2236 825 2272 videtur
839 2249 915 2272 esse
938 2236 1147 2271 derivatum
1166 2248 1185 2269 a
1205 2234 1406 2282 participio
1424 2247 1521 2282 prae-

127 2298 224 2333 senti
247 2298 355 2333 verbi
382 2299 490 2346 graeei
517 2298 613 2342 σώω,
638 2311 763 2343 servo,
787 2299 948 2346 sospito,
969 2297 1118 2345 gallice,
1151 2309 1358 2340 conserver,
1384 2298 1524 2345 garder

127 2360 212 2394 sain
231 2367 267 2394 et
287 2359 392 2403 saus,
420 2359 691 2408 significatione
719 2361 910 2408 paululum
935 2358 1101 2404 deflexa,
1124 2359 1189 2394 sed
1214 2359 1289 2394 fere
1319 2358 1449 2394 eadem
1478 2371 1520 2394 ac

130 2421 296 2456 Solclurii
320 2428 356 2456 et
382 2423 521 2457 Devoti.
551 2422 708 2457 Sotiates
735 2429 952 2469 corruptum
981 2428 1035 2457 est
1060 2421 1173 2469 igitur
1197 2433 1216 2456 a
1245 2421 1452 2465 Sontz'ates,
1485 2428 1521 2456 et

126 2482 178 2517 sic
208 2483 342 2518 rectius
366 2483 502 2531 legitur
526 2483 566 2518 in
588 2484 780 2520 nonnullis
807 2483 1048 2519 editionibus.
1064 2483 1169 2518 Idem
1188 2495 1329 2518 nomen
1343 2483 1519 2518 decurta-

125 2552 203 2579 tum
225 2545 350 2580 existit
369 2546 490 2581 adhuc
508 2546 545 2580 in
567 2545 720 2581 nomine
745 2546 848 2581 urbis
862 2546 949 2590 Sos,
978 2558 1056 2593 quae
1078 2545 1126 2581 ad
1153 2545 1316 2580 Gelisam
1351 2544 1420 2580 sita
1446 2552 1519 2589 est;

127 2613 162 2641 et
182 2607 356 2642 scribitur
372 2608 492 2651 Sotia,
508 2608 666 2650 Sotium,
687 2608 726 2643 in
745 2608 890 2656 scriptis
909 2608 1022 2644 medii
1050 2608 1117 2643 aevi
1130 2635 1140 2652 ‚
1160 2615 1200 2642 ut
1225 2607 1418 2642 D'Anville
1439 2608 1510 2642 ani-

126 2669 336 2704 madvertit.
362 2671 492 2705 Devoti
516 2678 637 2705 autem
659 2671 879 2706 dicebantur
901 2671 965 2717 qui
991 2683 1028 2706 se
1054 2670 1167 2705 morti
1191 2669 1441 2705 devovebant.
1473 2670 1515 2705 Id

1285 2753 1348 2794 ¹7·
