1972 3356
603 239 669 274 DE
697 238 861 274 BELLO
892 239 1163 275 AFRICANO.
1497 241 1596 295 ²49,

186 324 377 386 praediti,
418 324 752 387 promptiusque
781 322 1108 385 prosiluissent,
1134 332 1236 367 ante
1260 339 1304 367 se
1335 338 1572 368 concursu-

186 423 278 463 ros,
304 407 575 468 propiusque
597 421 642 449 se
674 420 939 449 accessuros,
969 406 1096 464 Equo
1128 404 1448 449 circumvectus
1466 439 1478 461 ,
1508 403 1569 448 le-

188 488 426 550 gionesque
452 487 723 542 cohortatus,
746 487 870 546 signo
886 485 1008 540 dat0‚
1023 500 1247 529 accessum
1271 485 1466 530 hostium
1491 502 1570 530 au·

187 568 434 630 cupabatur
458 585 468 612 z
498 568 587 627 ipse
610 567 725 610 enim
753 582 776 608 a
804 565 891 608 suis
922 563 1241 608 munitionibus
1275 564 1447 627 longius
1483 584 1572 611 non

187 650 279 693 sine
293 649 461 692 ratione
476 664 563 691 non
580 644 841 707 procedebat
857 679 868 698 ‚
885 644 1004 705 quod
1027 645 1071 687 in
1093 644 1258 706 oppido
1278 646 1438 704 Uzitae,
1455 648 1574 708 quod

188 728 334 789 Scipio
362 727 562 784 tenebat,
596 726 790 770 hostium
817 734 942 769 erant
974 725 1177 769 cohortes
1206 736 1405 782 armatae3
1435 727 1575 772 eidem

187 818 330 852 autem
358 808 521 869 oppido
546 806 600 851 ad
624 806 828 851 dextrum
858 804 969 851 latus
999 806 1092 868 ejus
1113 823 1250 851 cornu
1276 818 1370 852 erat
1401 810 1577 870 opposi-

186 898 303 945 tum3
330 888 672 949 verebaturque,
702 904 778 944 ne,
802 888 836 931 si
871 897 1202 950 praetergressus
1240 899 1375 947 esset,
1416 906 1468 934 ex
1503 907 1580 951 op-

186 967 290 1030 pido
316 969 548 1031 eruptione
576 969 712 1024 facta,
737 969 791 1013 ab
820 967 953 1013 latere
976 986 1076 1013 eum
1107 969 1250 1014 adorti
1281 970 1578 1018 conciderent.

186 1051 400 1094 Praeterea
425 1050 516 1096 haec
538 1068 714 1112 quoque
738 1067 837 1095 eum
860 1067 990 1095 causa
1016 1050 1233 1109 tardavit,
1260 1052 1377 1113 quod
1408 1064 1499 1098 erat
1524 1053 1581 1097 lo-

187 1147 263 1175 cus
300 1131 480 1192 quidam
515 1132 830 1194 perimpeditus
862 1142 963 1176 ante
1000 1133 1136 1177 aciem
1175 1134 1407 1195 Scipionis,
1448 1151 1578 1196 quem

188 1211 275 1255 suis
297 1212 612 1273 impedimento
625 1212 678 1257 ad
696 1212 813 1257 ultro
833 1213 1157 1258 occurrendum
1177 1213 1272 1258 fore
1288 1215 1578 1261 existimabat.

253 1294 370 1337 LIX.
405 1294 505 1338 Non
543 1293 735 1338 arbitror
769 1311 861 1339 esse
894 1295 1343 1355 praetermittendum,
1374 1297 1583 1357 quemad-

190 1374 373 1419 modum
406 1376 620 1420 exercitus
654 1376 883 1437 utriusque
920 1375 1085 1420 fuerint
1119 1378 1161 1421 in
1199 1378 1338 1422 aciem
1364 1378 1581 1423 instructi.

190 1457 336 1517 Scipio
354 1456 438 1500 hoc
455 1455 587 1500 modo
612 1458 748 1501 aciem
771 1457 929 1502 direxit
952 1475 961 1502 :
984 1456 1227 1503 collocabat
1256 1460 1300 1503 iu
1317 1459 1460 1504 fronte
1484 1476 1584 1504 suas

191 1547 234 1582 et
252 1537 374 1581 Jubae
397 1534 589 1597 legiones
618 1555 627 1581 :
658 1548 810 1599 postea
834 1549 980 1583 autem
1004 1539 1222 1585 Numidas
1251 1541 1295 1584 in
1323 1541 1583 1585 subsidiaria

191 1619 284 1663 acie
310 1618 368 1661 ita
395 1627 675 1674 extenuatos,
696 1629 739 1663 et
759 1620 803 1663 in
828 1618 1150 1681 longitudinem
1175 1620 1386 1679 directos,
1409 1632 1458 1666 ut
1487 1639 1584 1683 pro-

192 1698 262 1744 cul
289 1697 473 1761 simplex
500 1715 592 1744 esse
619 1700 733 1745 acies
755 1700 897 1745 media
923 1701 978 1746 ab
1002 1700 1257 1764 legionariis
1283 1702 1497 1748 militibus
1521 1705 1585 1747 vi-

193 1779 396 1837 deretur;
425 1780 469 1823 in
493 1781 700 1824 cornibus
731 1791 875 1824 autem
913 1780 1073 1841 duplex
1113 1799 1204 1826 esse
1239 1784 1585 1828 existimabatur.

168 1893 170 1897 ψ
194 1861 468 1924 Elephantos
489 1861 644 1906 dextro
664 1862 930 1923 sinistroque
950 1879 1089 1907 cornu
1110 1862 1428 1920 collocaverat,
1452 1881 1590 1926 aequa-

194 1942 311 1987 libus
349 1943 463 1987 inter
489 1959 566 1987 eos
607 1941 851 1987 intervallis
878 1943 1117 2005 interjectis
1154 1961 1164 1988 :
1193 1955 1294 2006 post
1328 1955 1474 1990 autem
1508 1945 1591 1991 ele-

195 2024 385 2086 phantos
398 2058 409 2080 ,
430 2034 675 2068 armaturas
695 2023 812 2068 leves
841 2026 1147 2086 Numidasque
1162 2026 1449 2071 substituerat
1469 2028 1590 2072 auxi-

196 2103 338 2149 liares.
387 2105 646 2166 Equitatum
694 2104 914 2150 frenatum
951 2107 1205 2151 universum
1238 2107 1303 2152 in·
1324 2124 1403 2152 suo
1436 2107 1590 2152 dextro

196 2202 338 2231 cornu
362 2185 662 2248 disposuerat;
692 2186 917 2232 sinistrum
938 2188 1056 2232 enim
1089 2206 1227 2234 cornu
1269 2189 1435 2251 oppido
1460 2191 1591 2235 Uzita

197 2265 513 2325 claudebatur,
545 2284 687 2328 neque
722 2278 816 2313 erat
847 2269 1039 2330 spatium
1073 2270 1295 2331 equitatus
1329 2270 1590 2332 explicandi.

197 2348 414 2392 Praeterea
438 2347 656 2395 Numidas
672 2347 865 2411 levisque
887 2360 1120 2395 armaturae
1146 2351 1366 2397 infinitam
1390 2351 1590 2396 multitu-

199 2427 350 2472 dinem
376 2428 429 2473 ad
446 2428 646 2474 dextram
669 2440 840 2492 partem
860 2448 947 2477 suae
965 2433 1073 2477 aciei
1095 2444 1386 2495 opposuerat,
1415 2433 1505 2478 fere
1525 2435 1592 2478 in-

200 2509 381 2570 terjecto
410 2527 500 2554 non
524 2512 669 2556 minus
693 2528 730 2557 Μ
753 2528 963 2573 passuum
986 2515 1149 2576 spatio;
1176 2525 1219 2560 et
1242 2516 1297 2560 ad
1322 2514 1445 2560 collis
1474 2514 1592 2559 radi-

202 2606 272 2634 ces
298 2592 436 2653 magis
462 2592 715 2654 appulerat,
743 2593 1005 2657 longiusque
1027 2596 1081 2640 ab
1112 2597 1464 2642 adversariorum
1488 2597 1596 2641 suis-

203 2687 287 2731 que
310 2673 446 2734 copiis
469 2685 747 2735 promoverat
773 2692 781 2718 :
813 2675 854 2719 id
880 2677 962 2721 lioc
987 2677 1192 2735 consilio,
1219 2688 1286 2737 ul,
1316 2695 1452 2740 quum
1481 2680 1595 2724 acies
