1972 3356
426 272 497 294 202
658 261 696 294 C.
723 259 851 293 JULII
882 259 1099 294 CAESARIS
1127 260 1386 295 COMMENT.
1424 263 1568 297 LIBER

424 344 599 386 fortuna
627 357 737 402 saepe
763 340 817 384 ad
848 350 1085 402 utrumque
1112 342 1341 386 victoriam
1369 343 1655 387 transferente
1685 363 1693 388 :
1728 362 1805 390 nec
1831 355 1843 358 ⁴

423 432 568 465 tamen
595 437 790 481 unquam
816 421 870 465 ab
896 422 1101 483 operibus
1129 422 1363 483 depellitur
1387 423 1637 469 Marcellus.

485 504 649 546 LXIII.
685 502 866 546 Interim
903 502 1095 564 Lepidus
1130 520 1178 546 ex
1206 503 1407 547 citeriore
1442 504 1666 564 provincia
1706 522 1804 550 cum

421 583 675 627 cohortibus
698 582 944 644 legionariis
967 600 1113 639 xxxv,
1134 600 1379 645 magnoque
1403 601 1586 628 numero
1607 586 1805 645 equitum

420 673 462 707 et
480 661 750 724 reliquorum
770 663 1056 720 auxiliorum,
1078 665 1197 708 venit
1216 681 1267 708 ea
1289 674 1434 708 mente
1452 663 1598 708 Uliam
1612 699 1623 719 ‚
1645 674 1692 709 ut
1713 666 1807 710 sine

422 743 511 788 ullo
535 744 678 788 studio
702 745 1007 789 contentiones
1032 745 1169 790 Cassii
1194 744 1484 806 Marcellique
1507 756 1803 807 componeret.

419 826 535 869 Huic
562 827 753 870 venienti
774 826 865 869 sine
887 825 1161 870 dubitatione
1183 825 1420 871 Marcellus
1442 842 1488 870 se
1515 826 1655 870 credit
1674 836 1807 888 atque

419 906 548 951 offert
574 925 582 951 z
609 907 785 952 Cassius
814 918 968 951 contra
994 909 1082 951 suis
1109 925 1153 951 se
1179 918 1295 952 tenet
1334 907 1569 969 praesidiis3
1606 909 1695 951 sive
1724 924 1805 965 eo,

418 987 534 1048 quod
552 988 649 1049 plus
671 989 751 1032 sibi
771 989 882 1048 juris
907 988 1078 1044 deberi,
1098 1005 1229 1048 quam
1251 987 1485 1044 Marcello,
1504 989 1805 1043 existimabat3

418 1070 507 1112 sive
529 1085 599 1120 eo,
625 1068 768 1128 quod,
794 1085 848 1111 ne
872 1079 1201 1129 praeoccupatus
1225 1069 1395 1111 animus
1420 1068 1572 1129 Lepidi
1596 1079 1706 1112 esset
1728 1070 1807 1112 ob-

417 1150 568 1209 sequio
597 1148 861 1201 adversarii,
891 1148 1136 1192 verebatur.
1168 1149 1297 1192 Ponit
1323 1148 1377 1192 ad
1401 1148 1550 1192 Uliam
1571 1158 1711 1193 castra
1731 1151 1808 1193 Le-

418 1229 568 1290 pidus3
594 1246 735 1290 neque
759 1229 892 1272 habet
918 1245 941 1272 a
966 1227 1177 1272 Marcello
1199 1229 1437 1289 quidquam
1459 1228 1600 1273 divisi.
1630 1231 1700 1275 Ne
1729 1247 1808 1290 pu-

420 1320 592 1370 gnetur,
616 1309 836 1354 interdicit
856 1327 865 1354 :
883 1309 935 1353 ad
952 1310 1198 1354 exeundum
1217 1310 1416 1355 Cassium
1443 1311 1626 1366 invitat,
1652 1310 1805 1355 fidem-

415 1407 501 1451 que
526 1407 649 1434 suam
677 1391 721 1434 in
749 1408 793 1433 re
819 1391 938 1434 omni
968 1391 1225 1451 interponit.
1263 1391 1412 1448 Quum
1454 1390 1528 1435 diu
1567 1390 1808 1436 dubitasset

416 1472 614 1524 Cassius,
639 1470 744 1531 quid
773 1471 854 1514 sibi
881 1470 1129 1514 faciendum
1149 1506 1160 1524 ,
1184 1471 1345 1531 quidve
1373 1471 1541 1533 Lepido
1578 1481 1686 1516 esset
1718 1489 1809 1516 cre-

418 1551 632 1606 dendum,
662 1568 805 1612 neque
842 1550 980 1595 ullum
1015 1552 1179 1596 exitum
1208 1551 1377 1596 consilii
1418 1554 1483 1597 sui
1518 1554 1744 1613 reperiret,
1773 1554 1807 1597 si

416 1642 691 1692 permaneret
716 1633 760 1675 in
790 1632 1026 1688 sententia,
1054 1631 1267 1692 postulat,
1296 1633 1360 1676 uti
1390 1633 1657 1677 munitiones
1683 1633 1806 1693 disji-

415 1721 646 1764 cerentur,
667 1712 836 1772 sibique
854 1711 963 1756 liber
986 1713 1125 1756 exitus
1150 1711 1342 1756 daretur.
1372 1714 1476 1758 Non
1495 1723 1665 1757 tantum
1687 1713 1808 1757 indu-

417 1793 495 1835 ciis
517 1792 661 1849 factis,
684 1792 758 1836 sed
783 1809 919 1853 prope
934 1793 1025 1852 jam
1049 1793 1286 1836 constituta
1307 1809 1441 1853 opera
1461 1809 1597 1852 quum
1615 1792 1809 1854 compla-

419 1883 592 1929 narent,
614 1872 911 1933 custodiaeque
931 1873 1226 1916 munitionum
1249 1883 1391 1917 essent
1411 1873 1629 1931 deductae,
1647 1872 1806 1918 auxilia

416 1954 530 2014 regis
560 1954 602 1996 in
635 1952 678 1996 id
708 1951 933 1998 castellum
957 1952 1178 2008 Marcelli,
1207 1953 1324 2013 quod
1354 1954 1605 2014 proximum
1629 1964 1722 1998 erat
1749 1971 1808 1998 re-

417 2035 496 2095 giis
520 2034 696 2090 castris,
718 2050 861 2094 neque
884 2033 1168 2094 opinantibus
1187 2034 1389 2077 omnibus
1416 2034 1468 2095 (si
1488 2044 1633 2078 tamen
1652 2035 1696 2078 in
1715 2051 1807 2078 om-

417 2114 544 2158 nibus
572 2114 653 2158 fuit
678 2115 874 2169 Cassius;
904 2130 1004 2157 nam
1034 2113 1086 2157 de
1117 2114 1248 2174 hujus
1276 2115 1543 2158 conscientia
1580 2114 1808 2159 dubitaba-

417 2194 536 2256 tur),
574 2195 788 2255 impetum
815 2194 1033 2248 fecerunt,
1071 2193 1404 2255 compluresque
1434 2195 1492 2237 ibi
1532 2195 1691 2239 milites
1733 2212 1808 2256 op-

418 2285 685 2336 presserunt.
724 2274 856 2332 Quod
882 2275 963 2318 nisi
993 2273 1217 2330 celeriter,
1245 2275 1546 2337 indignatione
1574 2285 1618 2320 et
1644 2274 1807 2320 auxilio

419 2355 596 2416 Lepidi,
620 2355 821 2417 proelium
842 2365 953 2399 esset
976 2355 1242 2416 diremptum
1258 2391 1269 2412 ,
1289 2356 1430 2416 major
1451 2355 1674 2401 calamitas
1699 2366 1808 2400 esset

416 2446 605 2497 accepta.

481 2519 641 2560 LXIV.
662 2517 813 2574 Quum
833 2518 914 2561 iter
931 2518 1081 2561 Cassio
1101 2517 1365 2578 patefactum
1383 2528 1514 2572 esset,
1532 2527 1670 2561 castra
1691 2518 1807 2562 Mar-

418 2595 551 2640 cellus
580 2613 680 2640 cum
710 2597 880 2658 Lepido
913 2597 1155 2659 conjungit.
1194 2598 1385 2659 Lepidus
1418 2597 1569 2642 eodem
1608 2607 1805 2659 tempore

423 2676 747 2737 Marcellusque
771 2677 1023 2722 Cordubam
1042 2713 1052 2728 ,
1081 2680 1255 2723 Cassius
1279 2695 1377 2722 cum
1405 2678 1492 2723 suis
1516 2678 1805 2739 proficiscitur
