1972 3356
409 200 456 235 28
616 200 655 233 C.
684 197 810 232 JULII
840 196 1058 231 CAESARIS
1087 195 1570 233 COMMENTARIORUM

472 283 629 326 XLIII.
668 282 775 324 Erat
819 279 931 322 inter
973 277 1184 339 oppidum
1228 277 1414 322 Ilerdam
1451 290 1493 322 et
1528 282 1773 340 proximum

408 363 582 418 collem,
616 361 690 404 ubi
724 370 868 405 castra
904 359 1101 404 Petreius
1140 368 1269 419 atque
1303 359 1506 403 Afranius
1535 360 1776 418 habebant,

407 443 606 504 planities
628 442 801 486 circiter
823 456 1029 502 passuum
1056 455 1138 485 ccc
1162 456 1171 483 :
1197 450 1327 500 atque
1349 441 1396 483 in
1415 440 1497 484 hoc
1525 439 1614 484 fere
1637 441 1777 485 medio

408 524 549 585 spatio
574 521 764 566 tumulus
793 531 885 566 erat
919 519 1050 582 paulo
1084 519 1241 564 editior
1267 537 1276 563 :
1304 537 1432 580 quem
1465 521 1499 564 si
1528 532 1780 582 occupasset

408 607 552 649 Caesar
569 613 611 648 et
625 603 957 658 communisset,
985 601 1039 645 ab
1060 600 1223 662 oppido
1248 610 1292 644 et
1312 610 1446 662 ponte
1470 610 1514 644 et
1535 610 1780 645 commeatu

408 686 527 729 omni
548 719 560 742 ,
583 701 713 745 quem
737 684 781 727 in
807 681 1018 744 oppidum
1045 680 1323 726 contulerant
1338 716 1349 738 ,
1373 697 1417 725 se
1442 680 1780 725 interclusurum

408 765 678 809 adversarios
713 762 971 808 confidebat.
1012 764 1108 805 Hoc
1145 778 1343 823 sperans,
1379 760 1568 822 legiones
1608 771 1697 805 tres
1733 777 1783 805 ex

411 846 561 890 castris
590 844 763 899 educit,
789 844 966 903 acieque
998 843 1042 886 in
1070 841 1173 886 locis
1198 841 1364 886 idoneis
1393 843 1624 898 instructa,
1659 843 1786 886 unius

409 926 592 988 legionis
630 926 935 986 antesignanos
976 939 1254 984 procurrere,
1283 932 1415 983 atque
1442 939 1657 983 occupare
1685 939 1783 967 eum

412 1005 630 1050 tumulum
650 1005 789 1065 jubet.
827 1005 926 1061 Qua
952 1020 999 1047 re
1026 1003 1223 1064 cognita,
1263 1001 1481 1057 celeriter,
1508 1020 1602 1063 quae
1629 1003 1674 1046 in
1698 1012 1784 1047 sta-

413 1087 530 1130 tione
551 1103 631 1147 pro
651 1085 803 1129 castris
826 1093 950 1128 erant
966 1117 977 1139 ,
1004 1082 1169 1126 Afranii
1191 1082 1391 1126 cohortes
1408 1083 1609 1126 breviore
1634 1083 1787 1126 itinere

411 1166 466 1210 ad
502 1165 702 1210 eumdem
735 1163 1041 1225 occupandum
1080 1162 1225 1207 locum
1260 1164 1507 1206 mittuntur.
1547 1162 1786 1207 Contendi-

416 1256 486 1291 tur
513 1245 696 1308 proelio;
725 1254 787 1302 et,
814 1243 933 1305 quod
951 1244 1072 1305 prius
1094 1244 1138 1286 in
1166 1243 1385 1288 tumulum
1415 1243 1638 1289 Afraniani
1660 1259 1788 1287 vene-

411 1338 535 1384 rant,
564 1327 703 1371 nostri
721 1324 1020 1387 repelluntur,
1037 1334 1186 1385 atque,
1206 1323 1300 1368 aliis
1321 1324 1544 1368 submissis
1559 1322 1789 1385 praesidiis,

415 1419 538 1470 terga
579 1417 766 1460 vertere,
812 1423 942 1466 seque
979 1405 1033 1449 ad
1069 1406 1192 1467 signa
1234 1405 1451 1466 legionum
1492 1406 1684 1466 recipere
1715 1421 1788 1449 co—

413 1499 590 1551 guntur.

479 1571 637 1614 XLIV.
660 1571 812 1613 Genus
832 1578 924 1612 erat
949 1584 1108 1629 pugnae
1133 1567 1319 1611 militum
1340 1566 1540 1623 illorum,
1561 1577 1609 1610 ut
1631 1583 1790 1627 magno

415 1652 581 1711 impetu
608 1652 751 1711 primo
789 1659 1124 1711 procurrerent,
1159 1648 1364 1693 audacter
1396 1647 1538 1692 locum
1567 1657 1793 1709 caperent,

414 1731 591 1775 ordines
612 1747 712 1775 suos
737 1747 823 1774 non
850 1746 1116 1791 magnopere
1145 1738 1390 1779 servarent,
1412 1729 1499 1772 rari
1526 1727 1795 1788 dispersique

416 1821 686 1872 pugnarent3
722 1811 755 1854 si
787 1818 1105 1870 premerentur,
1134 1807 1291 1868 podem
1319 1807 1504 1863 referre,
1535 1817 1577 1850 et
1601 1806 1699 1850 loco
1725 1822 1793 1850 ex-

416 1891 591 1946 cedere,
616 1907 703 1934 non
730 1900 858 1950 turpe
880 1889 1198 1945 existimarent,
1224 1905 1324 1932 curn
1354 1888 1574 1930 Lusitanis
1596 1885 1794 1945 reliquis-

417 1989 501 2032 que
536 1971 732 2015 barbaris
766 1986 923 2031 genere
962 1969 1154 2029 quodam
1190 1985 1348 2030 pugnae
1375 1966 1601 2011 assuefacti
1629 1983 1638 2009 :
1675 1964 1792 2026 quod

416 2053 505 2096 fere
539 2053 611 2108 fit,
640 2052 798 2112 quibus
831 2051 1013 2111 quisque
1047 2051 1090 2093 in
1120 2048 1226 2094 locis
1253 2048 1378 2093 miles
1415 2048 1696 2102 inveteravit,
1733 2047 1794 2089 uti

416 2132 604 2177 inultum
640 2148 789 2176 earum
816 2131 1045 2192 regionum
1081 2130 1399 2174 consuetudine
1429 2137 1667 2172 moveatur.
1698 2127 1797 2169 Haec

418 2225 564 2258 tamen
595 2215 707 2257 ratio
732 2222 904 2257 nostros
933 2211 1228 2271 perturbavit,
1259 2212 1451 2254 insuetos
1476 2209 1608 2269 liujus
1627 2206 1795 2269 generis

419 2312 604 2356 pugnae:
632 2293 853 2338 circumiri
882 2292 998 2335 enim
1027 2308 1117 2335 sese
1154 2291 1208 2334 ab
1244 2300 1395 2351 aperto
1431 2289 1588 2344 latere,
1614 2302 1795 2348 procur-

422 2375 618 2419 rentibus
642 2372 846 2435 singulis,
877 2372 1228 2426 arbitrabantur,
1265 2372 1348 2431 ipsi
1374 2378 1520 2414 autem
1555 2384 1654 2411 suos
1678 2365 1794 2409 ordi-

424 2472 498 2498 nes
526 2472 697 2499 scrvare
712 2489 723 2509 ,
738 2469 880 2513 neque
893 2451 948 2495 ab
972 2452 1106 2513 siguis
1129 2451 1374 2507 discedere,
1397 2464 1539 2508 neque
1559 2447 1652 2491 sine
1675 2446 1795 2506 gravi

423 2552 553 2578 rausa
589 2552 687 2579 eum
725 2533 892 2590 locum,
922 2548 1051 2592 quem
1095 2541 1323 2593 ceperant,
1354 2528 1514 2573 dimitti
1539 2534 1795 2570 censuerant

425 2625 638 2673 oportere.
676 2618 850 2675 Itaque,
880 2613 1142 2672 perturbatis
1181 2609 1505 2670 antesignanis,
1533 2606 1646 2666 legio
1710 2619 1801 2663 quae
